3336 5302
703 414 778 490 443

188 591 303 692 Κύριε
338 592 612 696 παντοκράτορ,
647 596 668 674 ὸ
695 594 788 684 Θεὸς
818 607 898 676 τῶν
932 598 1104 698 πατέρων
1137 599 1260 698 ἡμῶν,
1294 597 1378 676 δεύ-

106 693 210 790 μεθά
236 719 318 786 σου,
344 693 555 774 ἐπάκουσον
577 698 643 775 καὶ
668 699 829 798 ἐλέησον.
1358 739 1362 746 ·

181 798 355 895 Ἐλέησον
377 797 491 896 ἡμᾶς,
516 798 538 875 ὸ
567 801 666 890 Θεὸς,
692 803 788 878 κατὰ
813 802 858 880 τὸ
876 804 971 906 μέγα
988 798 1086 888 ἐλεὸς
1102 829 1186 892 σου,
1210 798 1379 902 δεόμεθά

106 923 189 990 σου,
216 897 426 978 ἐπάκουσον
449 901 514 976 καὶ
538 904 697 1000 ἐλέησον.
1240 905 1243 912 ’

225 1046 314 1140 Εύχὴ
335 1055 396 1140 τῆς
416 1049 565 1132 ἐκτενοῦς
586 1045 721 1136 ἱκεσίας,
742 1045 783 1144 ἢν
804 1053 894 1143 λέγει
914 1049 934 1123 ὸ
957 1049 1064 1143 ίερεὸς
1082 1059 1257 1140 μυστικῶς.

188 1151 316 1253 Κύριε,
343 1154 364 1230 ὃ
385 1154 472 1239 Θεὸς
495 1154 618 1252 ἡμῶν,
642 1156 712 1254 τὴν
737 1161 862 1255 ἐκτενῆ
887 1153 1028 1254 ταύτην
1053 1155 1196 1232 ἱκεσίαν
1222 1153 1376 1252 πρόςδε-

107 1258 165 1342 ξαι
191 1255 294 1353 παρὰ
319 1264 399 1331 τῶν
425 1264 504 1334 σῶν
529 1253 690 1348 δούλοιν,
715 1259 779 1334 καὶ
804 1260 952 1356 ἐλέησον
976 1259 1086 1356 ἡμᾶς,
1111 1258 1268 1334 κατὰτὸ
1287 1267 1378 1356 πλῆ-

106 1360 179 1442 Θος
213 1366 282 1433 τοῦ
318 1358 439 1442 ἐλέους
474 1385 560 1433 σου·
597 1359 660 1434 καὶ
685 1359 773 1446 τοὸς
799 1359 1011 1459 ολκτιρμούς
1037 1385 1106 1438 σου
1130 1357 1380 1460 κατάπεμψον

106 1459 159 1558 ἐφ’
187 1457 299 1556 ἡμᾶς,
332 1459 395 1533 καὶ
427 1462 485 1534 ἐπὶ
511 1457 635 1536 πάντα
658 1462 726 1536 τὸν
752 1460 846 1538 λαὸν
871 1488 953 1554 σου,
988 1463 1057 1538 τὸν
1082 1461 1378 1559 ἀπεκδεχόμενον

109 1560 151 1634 τὸ
175 1561 279 1660 παρὰ
305 1569 374 1636 σοῦ
401 1560 578 1641 πλούσιον
604 1564 710 1646 έλεος.

632 1708 671 1779 ‘0
693 1709 882 1799 debueras„
1364 1777 1366 1784 ,

174 1815 252 1887 Ἔτι
288 1809 457 1910 δεόμεθα
492 1813 583 1910 ὑπὲρ
619 1824 699 1891 τῶν
733 1817 901 1914 εὐσεβῶν
935 1816 999 1894 καὶ
1035 1813 1256 1917 ὸρθσδάξων
1282 1823 1378 1915 Χρι-

107 1941 281 1991 στιανων.
694 1983 697 1990 ,
1101 1999 1106 2004 ,

182 2017 257 2090 Ἔτι
283 2013 451 2110 δεόμεθα
477 2013 569 2114 ύπίρ
595 2025 663 2093 τοῦ
690 2013 976 2115 ἀρχιεπισκύπυυ
1000 2015 1121 2114 ἡμῶν.

178 2117 257 2192 Ἔτι
283 2113 450 2211 δεύμεθα
475 2115 568 2214 ὑπὲρ
594 2126 672 2194 τῶν
697 2119 873 2219 ἀδελφῶν
899 2118 1019 2217 ἡμῶν.

180 2220 257 2292 Ἔτι
284 2215 450 2315 δεόμεθα
476 2217 568 2318 ύπίρ
593 2227 673 2296 τῶν
696 2220 895 2320 μακαρίων
910 2218 975 2296 καὶ
993 2218 1178 2319 ἀοιδίμων
1194 2217 1376 2318 κτιτόρων

106 2329 169 2416 τῆς
195 2319 304 2422 ἁγίας
328 2330 446 2417 μονῆς
469 2319 616 2418 ταύτης.

178 2423 257 2496 Ἔτι
283 2420 450 2518 δεόμεθα
475 2421 569 2520 ὑπὲρ
594 2423 725 2507 ἐλέους.

164 2525 257 2650 ’Ἔτι
293 2521 460 2619 δεύμεθα
494 2523 587 2622 ὑπὲρ
623 2532 701 2600 τῶν
733 2521 1077 2622 καρποφορούντων
1112 2521 1175 2600 καὶ
1208 2532 1377 2623 καλλιερ-

107 2653 287 2726 γουντων.

437 2789 441 2802 ·
563 2754 601 2826 Ὁ
623 2753 729 2846 ἱερεύς
750 2753 917 2848 ἕκφοίνως.

170 2861 255 2938 Ὅτι
289 2857 453 2960 ἐλεήμων
488 2861 550 2935 καὶ
586 2858 856 2962 φιλάνθρωπος
884 2859 972 2946 Θεὸς
1002 2858 1190 2961 ὑπάρχεις,
1226 2859 1290 2937 καὶ
1316 2860 1375 2936 σοὶ

107 2961 173 3058 τὴν
208 2961 325 3048 δόξαν
361 2964 639 3060 άναπέμπομεν,
675 2970 729 3060 τῷ
765 2961 890 3060 πατρί,
926 2962 989 3037 καί
1023 2971 1077 3060 τῷ
1109 2964 1196 3062 υἱῷ,
1231 2962 1374 3060 καὶτῷ

99 3063 200 3165 άρίρι
240 3062 443 3161 πνεύματι,
483 3072 557 3140 νῦν
596 3064 659 3139 καί
700 3063 777 3154 ἀεὶ,
816 3065 879 3138 καί
920 3069 969 3148 είς
1004 3063 1092 3148 τοὺς
1124 3070 1266 3148 αἰῶνας
1296 3071 1376 3138 τῶν

109 3163 269 3256 αλῶνων,

628 3260 666 3331 ‘0
689 3259 852 3344 διάκονος.

187 3369 375 3454 Εύξασθε,
402 3367 437 3441 οἱ
461 3363 729 3464 κατηχούμενοι
754 3375 808 3466 τῷ
835 3365 976 3466 Κυρίῳ.

191 3469 237 3546 Οἱ
263 3468 398 3557 πιστοὶ,
424 3466 515 3566 ὑπὲρ
541 3477 620 3544 τῶν
644 3469 933 3565 κατηχουμένων
958 3466 1173 3565 δεηθῶμεν·

175 3570 256 3647 Ἵνα
283 3571 303 3646 ὁ
329 3569 466 3670 ’Κύριος
492 3570 628 3656 αὐτοὺς
653 3569 797 3667 ἐλεήσῃ·

186 3669 384 3770 Κατηχήση
411 3671 548 3756 αὐτοὺς
570 3674 639 3747 τὸν
663 3667 776 3774 λόγον
800 3679 865 3769 τῆς
890 3668 1084 3768 ἀληθείας·

180 3773 418 3870 Ἀποκαλύιμῃ
445 3774 571 3858 αὐτοῖς
595 3773 638 3848 τὸ
665 3774 879 3900 εύαηγέλιον
903 3781 968 3868 τῆς
994 3767 1247 3870 δικαιοσύνης·

181 3872 321 3974 Ἑνιύση
348 3877 485 3960 αὐτοὺς
508 3883 553 3974 τῇ
582 3873 671 3976 ἁγίᾳ
696 3883 826 3964 αυτοῦ,
852 3877 1034 3970 καθολικῇ
1060 3871 1124 3948 καὶ
1150 3873 1374 3970 ἄπαστολικῇ

108 3977 282 4076 ἐκκλησίᾳ.

187 4087 339 4170 Σῶσον,
375 4077 535 4173 ἐλέησον,
574 4076 781 4174 άντιλαβσῦ
815 4076 877 4152 καὶ
911 4071 1143 4175 διαφύλαξον
1176 4069 1373 4162 αὐτούς,ὸ

112 4179 204 4270 Θεὸς,
230 4189 275 4278 τῇ
303 4189 350 4278 σῇ
372 4177 508 4276 χάριτι.

189 4285 235 4359 Οἱ
259 4279 542 4379 κατηχούμενσι,
567 4278 635 4363 τὸς
659 4279 823 4376 κεφαλάς
848 4277 960 4375 ὑμῶν
984 4286 1038 4378 τῷ
1046 4275 1188 4377 -Κυρίῳ
1213 4273 1372 4350 κλίνατε.

192 4429 279 4521 Εύχὴ
301 4428 387 4518 ύπέρ
409 4437 475 4499 τῶν
494 4425 752 4520 κατηχουμέιων,
774 4420 815 4518 ἢν
835 4428 925 4515 λέγει
945 4424 963 4496 ί
987 4423 1094 4514 ἱερεὺς
1112 4429 1288 4512 μυστικῶς.

182 4533 224 4612 Ὁ
252 4534 354 4624 Θεὸς,
389 4533 409 4609 ὸ
439 4534 526 4618 Θεὸς
551 4533 671 4626 ἡμῶν,
708 4529 902 4627 ὸκτίστης
936 4529 1001 4605 καὶ
1033 4526 1260 4631 δημιουργὸς
1295 4553 1372 4602 των

111 4633 295 4728 ἁπάντων,
322 4637 342 4712 ὸ
369 4633 512 4721 πάντας
536 4635 661 4710 θέλων
688 4635 860 4731 σωθῆναι
885 4631 949 4708 καὶ
976 4636 1026 4715 εές
1051 4629 1253 4734 ἐπίγνωσιν
1283 4629 1373 4725 άλη-
