3368 5308
695 446 769 520 489

87 657 205 723 τητος
228 637 308 704 ταῖν
337 631 558 704 ι’κλεκτιῦν’
543 657 583 703 εν
608 638 654 726 τῇ
680 627 849 756 βασιλείᾳ
875 653 955 704 σου.
981 624 1119 720 Χάριεν
1144 629 1208 703 καὶ
1234 635 1370 726 φιλαν

89 729 249 860 θρωπίᾳ
286 739 354 806 τοῦ
391 739 618 860 μονογενοῦς
655 758 723 806 σου
758 731 856 818 υἱοῦ,
893 729 978 824 μεθ’
1013 726 1060 806 οὗ
1093 731 1288 858 εῦλογητδς
1322 729 1369 819 εἶ,

89 832 167 906 σὺν
193 841 248 930 τῷ
274 831 459 962 παναγίιρ,
494 833 558 907 καὶ
584 833 736 962 διγαθηλ,
769 831 832 908 καὶ
867 830 1035 929 ζωοποιῳ
1068 856 1137 906 σου
1170 829 1367 926 πνεύματι,

88 941 168 1010 νῦν
192 933 257 1008 καὶ
284 934 353 1023 δεῖ,
379 935 442 1010 καὶ
468 939 518 1018 εἷς
542 934 629 1018 τοὺς
655 939 795 1018 αῖιιῖνας
818 941 897 1008 τῶν
923 931 1083 1010 αῑιόεων.
1128 931 1256 1030 Ἀμήν.

179 1059 265 1133 Εἶτα
300 1063 364 1134 διὰ
390 1071 502 1190 χεῖρας
529 1066 640 1152 λαβὼν
666 1067 704 1136 τὸ
729 1063 928 1146 παιδίον,’
919 1067 1053 1134 ι’σταται
1081 1062 1274 1152 ἔμπροσθεν
1301 1071 1368 1132 ταῖν

88 1169 211 1234 πυλῶν
231 1173 292 1236 τοῦ
312 1173 404 1249 ναοῦ,
426 1164 447 1255 5
468 1174 527 1255 τῆς
547 1163 730 1293 δπεραγίας
750 1164 923 1248 θεοτόκου,
950 1167 1008 1235 καῖ
1028 1171 1124 1236 ποιεῖ
1144 1173 1288 1252 σταυροῦ
1308 1163 1368 1234 τό·

88 1292 170 1350 πον,
194 1268 316 1356 λέγων·

175 1378 295 1469 Χαῖρε
321 1372 593 1468 κεχαριτωμένη
619 1368 771 1450 θεστόκε
796 1371 1016 1470 παρθένε,’
1001 1400 1041 1445 εκ
1067 1379 1135 1446 σοῦ
1160 1369 1245 1472 γάρ.

433 1507 443 1521 “
528 1519 597 1590 Καὶ
618 1517 744 1610 γίνεται
765 1517 939 1601 ἀπόλυσις.

179 1643 245 1708 Δεῖ
270 1635 449 1724 γινώσκειν,
477 1636 531 1706 ότι
558 1639 596 1706 τὸ
618 1639 774 1730 γεννηθὲν
794 1637 930 1730 βρέφος,
958 1637 1017 1706 ἐὰν
1039 1632 1104 1725 άρα
1125 1637 1182 1705 καῖ
1202 1634 1369 1707 άσθενοῦν

87 1739 134 1830 μὴ
158 1737 302 1830 θηλάζη,
326 1735 410 1807 ἀλλὰ
431 1739 517 1829 πρὸς
537 1737 686 1808 θάνατον
709 1735 832 1832 ἀφορᾷ,
856 1733 895 1807 οδ
915 1738 974 1828 χρὴ
997 1741 1197 1829 περιμένειν,
1221 1739 1266 1819 ὥς
1280 1765 1369 1822 τινες

89 1847 202 1922 κακῶς
228 1841 324 1930 φαοῖ,
351 1841 410 1929 τὴν
438 1840 531 1932 ἕκτην
557 1838 579 1932 5
604 1841 663 1929 τὴν
692 1837 811 1930 ὀγδόην
843 1837 979 1930 ἡμέραν,
1005 1839 1062 1906 καὶ
1083 1835 1171 1930 οὕτω
1192 1838 1368 1924 βαπτίζειν

90 1939 187 2024 αὐτὸ,
210 1939 297 2010 ἀλλὰ
318 1948 357 2032 τῇ
380 1940 450 2032 ὥρᾳ
471 1933 491 2032 5
514 1939 682 2064 ἐγεννήθη,
703 1939 805 2028 μόνον
829 1937 1082 2029 δποιτλεθῆναι,
1103 1940 1160 2007 καῖ
1181 1935 1284 2020 εὐθὺς
1304 1947 1368 2026 βα-
1409 2005 1413 2020 ,

90 2049 292 2132 mw55vat,
315 2045 369 2111 ἵνα
385 2043 434 2166 μὴ
457 2039 675 2167 τελεοτήοη’
656 2041 856 2134 αφιότιστον.
877 2039 930 2110 Αἱ
951 2041 1012 2129 γὰρ
1033 2041 1133 2111 πέντε
1153 2045 1259 2130 μῆνας
1274 2038 1369 2164 ἐγκο-

87 2151 268 2229 μονοῦσαι,
298 2143 329 2212 εῖ
355 2143 447 2267 τύχη
462 2139 531 2212 άπὸ
560 2145 649 2268 τινός
676 2145 816 2266 πληγῆς
829 2141 867 2210 τό
896 2139 1076 2232 ἔμβρυον
1060 2149 1230 2227 εκτρῶσαι,
1259 2141 1366 2232 φόνου

92 2246 186 2336 δικην
205 2245 292 2314 κατὰ
313 2246 390 2326 τοῦς
411 2244 541 2330 νόμους,
564 2245 621 2313 καὶ
640 2245 717 2326 τοῦς
737 2243 877 2326 κανόνας
899 2245 1074 2328 ἐνέχονται.
1096 2243 1220 2331 Πολληι
1239 2245 1369 2328 μᾶλλον

91 2348 129 2417 τό
156 2354 261 2436 κρῖμα
289 2349 340 2414 δεῖ
368 2344 537 2436 ἐκφεύγειν
564 2353 629 2413 τῶν
655 2347 872 2434 γεννωμένων,
901 2349 956 2414 ι’να
981 2346 1026 2434 μή
1057 2341 1233 2434 άφιάτιοτα
1255 2345 1369 2412 τελεο-

91 2475 205 2518 τωσιν.

92 2725 127 2797 C.
183 2719 307 2816 Εὗχὴ
349 2724 412 2802 εἰς
451 2725 653 2822 γυναῖκα
697 2725 810 2813 λεχοῖ
854 2717 966 2815 μετὰ
1012 2713 1367 2813 τεσσαράκοντα

638 2864 818 2932 ημεθας·

180 3029 231 3112 Τῇ
269 3020 306 3090 δέ
340 3019 583 3110 τεσσαρακόστη
619 3017 727 3108 ἡμέρᾳ
753 3015 857 3087 πάλιν
883 3015 1086 3106 προςάγεται
1113 3025 1161 3106 τῷ
1188 3025 1273 3106 ναῷ,
1308 3018 1368 3086 ἐπὶ

90 3131 138 3213 τῷ
159 3123 453 3213 έιοιλησιαοθῆναι,
476 3120 594 3204 εῖτοον,
618 3119 716 3208 ἀρχὴν
738 3120 853 3206 λαβεῖν
873 3125 932 3186 τοῦ
954 3115 1149 3206 εῖςάγεσθαι
1171 3117 1220 3199 εἰς
1240 3119 1297 3206 τὴν
1314 3118 1368 3188 έκ-

94 3223 242 3317 κῖησίαν.

178 3323 390 3414 Προςάγεται
419 3326 456 3392 δε
483 3323 577 3410 παρὰ
604 3329 662 3410 τῆς
687 3321 821 3444 μητρὸς,
853 3314 916 3411 555
944 3319 1201 3410 κεκαθαρμένης,
1227 3319 1283 3388 καὶ
1313 3320 1369 3386 λε-

95 3427 256 3550 λοιμένης
288 3421 405 3515 οῦαης,
440 3423 606 3513 παρόντος
639 3423 695 3491 καὶ
722 3429 782 3492 τοῦ
807 3422 988 3510 μέλλοντος
1015 3417 1242 3506 ἀναδέχεσθαι
1268 3425 1369 3488 τοῦτο

95 3529 179 3597 κατὰ
200 3529 240 3596 τό
261 3526 448 3613 βάπτισμα

176 3644 223 3714 Ὁ
245 3647 283 3714 δέ
309 3671 346 3733 γε
375 3643 480 3730 ιερεῦς
506 3648 601 3711 ποιεῖ
636 3625 857 3755 1355075155,
888 3621 1094 3728 Τριςᾶγιον,
1126 3640 1164 3708 τὸ
1189 3624 1369 3727 Παναγία

95 3733 212 3828 τριὰς,
238 3747 298 3815 σὺν
317 3754 366 3836 τῷ
395 3730 568 3828 Πάτερ
548 3757 668 3826 ηιιων,
696 3744 735 3810 τὸ
748 3730 832 3802 Ὅτι
858 3737 927 3804 σοῦ
953 3733 1062 3804 ἐστιν.
1107 3732 1253 3812 Εἶτα
1218 3767 1258 3810 το
1280 3737 1369 3810 550-

94 3845 295 3930 λιπίκιον,’“
273 3855 374 3938 ητῆς
395 3844 521 3960 ἡμέρας
541 3846 579 3913 τὸ
601 3845 711 3956 τυχὸν,
728 3842 750 3932 5
772 3851 832 3913 τοῦ
852 3841 1051 3957 λαχόντος“
1031 3842 1138 3932 αγέοα.
1165 3827 1278 3918 Δόξαι
1305 3829 1370 3904 καὶ
1402 3859 1406 3867 ’
1441 3844 1444 3854 '

98 3944 179 4074 νῦν,
214 3941 267 4074 '15
292 3935 481 4033 πρεσβειᾳ,
509 3930 633 4030 Κύριε,
661 3928 814 4007 πάντων
836 3940 914 4006 ταῖν
932 3931 1062 4032 ἁγίων.
1105 3945 1176 4013 Καὶ
1196 3942 1370 4030 ,λεγούσης

96 4049 198 4141 αὐτῆς
225 4052 285 4140 τὴν
310 4047 511 4159 κεφαλὴν,’
497 4047 566 4154 α’μα
592 4055 640 4136 τῷ
649 4047 795 4156 βρέφει,
823 4053 918 4116 ποιεῖ
938 4043 958 4115 5
980 4044 1086 4135 ἱερεὺς
1106 4046 1179 4153 τὴν
1186 4051 1246 4112 τοῦ
1266 4067 1369 4110 σταυ-

96 4143 153 4220 ροῦ
175 4138 346 4260 σφραγῖδα
367 4133 421 4204 ἐπ’
446 4131 545 4229 αὐτῷ.
588 4133 658 4201 Καὶ
679 4131 868 4218 σιτεόμενος
888 4136 948 4220 τῆς
969 4134 1117 4221 κεφαλῆς
1139 4126 1250 4208 αὐτοῦ,
1279 4127 1369 4214 λεγει

97 4237 153 4325 τὴν
175 4234 282 4326 εῦχήν.

497 4412 571 4480 Τοῦ
598 4402 739 4503 Κυρίου
767 4402 977 4499 δεηθῶμεν.

179 4555 364 4656 Κύριε,“
347 4589 367 4634 ο
404 4557 509 4646 Θεὸς,
544 4556 564 4630 5
597 4551 886 4684 παντοκράτωρ,
920 4553 941 4629 5
972 4551 1091 4679 πατὴρ
1124 4558 1192 4628 τοῦ
1223 4545 1370 4676 Καρίου

98 4657 206 4756 ἡμῶν
226 4661 346 4758 Ἰησοῦ
372 4658 608 4758 Χριστοῦ,
580 4666 762 4736 οτιᾶσαν
802 4656 919 4758 φύσιν
945 4651 1094 4756 λογικόν
1118 4681 1158 4728 τε
1192 4651 1254 4726 καῖ
1280 4651 1371 4726 ἄλο-
