3394 5308
951 437 995 510 12

334 649 386 695 νοι
409 623 489 704 είσί,
526 621 639 702 κοινάς
667 615 762 705 εὐχάς
783 617 1003 708 ποιησόμενοι
1029 615 1116 705 ῦπέρ
1142 643 1179 686 τε
1201 617 1325 686 ἑαυτῶν
1346 621 1401 686 καί
1422 619 1483 685 τοῦ
1506 641 1632 707 φωτι-

335 733 477 804 σθένεος
497 727 551 792 καλ
575 721 683 792 ἀλλων
705 724 874 805 πανταχοῦ
895 721 1031 789 πάντων
1055 716 1209 802 εὐτόνως,
1235 716 1329 800 ὅπως
1349 722 1628 806 καταξιωθῶμεν

334 827 377 895 τά
399 823 509 914 ἀληθῆ
536 824 705 912 μαθόντες
733 825 787 892 καλ
811 817 858 890 δι’
883 823 985 910 όρχων
1013 819 1137 910 ἀγαθοί
1165 823 1359 890 πολιτεοταί
1386 819 1442 890 καὶ
1469 822 1629 911 φύλακες

333 933 401 998 τῶν
423 929 662 1013 ἐντεταλμένων
683 921 869 1013 εὑρεθῆναι,
894 921 988 1004 ὅπως
1009 925 1067 1012 τὴν
1090 922 1225 992 αἰώνιον
1248 930 1412 1012 σωτηρίαν
1435 927 1623 1010 σωθῶμεν.

335 1037 365 1098 2.
379 1025 558 1117 Ἀλλήλους
573 1027 736 1118 φιλήματι
750 1021 976 1111 ἀσπαζόμεθα
989 1025 1200 1111 παυσάμενοι
1213 1029 1280 1093 τῶν
1296 1022 1406 1110 εὐχῶν.
1437 1032 1465 1094 3.
1475 1022 1627 1094 Ἔπειτα

335 1137 564 1220 προσφέρεται
584 1132 632 1217 τῷ
653 1131 843 1216 προεστῶτι
863 1131 929 1195 τῶν
952 1123 1105 1216 ἀδελφῶν
1128 1125 1228 1214 άρτος
1247 1130 1301 1194 καὶ
1316 1127 1477 1216 ποτήριον
1492 1124 1625 1208 ῦδατος

335 1232 391 1299 καὶ
412 1232 622 1319 κράματος,“)
655 1230 711 1298 καί
739 1220 835 1310 οὗτος
863 1227 990 1316 λαβὼν,
1025 1225 1117 1298 αλνον
1145 1232 1199 1296 καὶ
1229 1228 1328 1311 δόξαν
1350 1234 1397 1318 τῷ
1419 1229 1526 1318 πατρὶ
1546 1232 1622 1298 τῶν

336 1330 436 1415 ῦλων,
473 1332 530 1401 διά
555 1336 615 1400 τοῦ
645 1327 808 1417 ὀνόματος
834 1334 894 1398 τοῦ
922 1333 995 1399 υἱοῦ
1022 1334 1077 1399 καὶ
1108 1335 1168 1398 τοῦ
1197 1332 1385 1418 πνεύματος
1417 1335 1477 1399 τοῦ
1507 1329 1620 1419 άχίου,

337 1430 529 1521 ἀναπέμπει
559 1436 613 1502 καὶ
650 1429 856 1521 εὐχαριστίαν
888 1429 972 1520 ῦπὲρ
1005 1437 1065 1501 τοῦ
1104 1435 1335 1522 κατηξιῶσθαι
1366 1433 1492 1500 τούτων
1525 1429 1618 1520 παρ’

336 1531 437 1604 αὐτοῦ
466 1536 523 1604 ἐπὶ
552 1536 670 1617 πολλῶ)
696 1547 857 1604 ποιεῖται.
908 1525 948 1601 οὐ
975 1537 1229 1616 συντελέσαντος
1256 1535 1316 1615 τὰς
1344 1531 1439 1619 εὐχὰς
1472 1538 1526 1602 καὶ
1556 1535 1622 1622 τὴν

336 1633 559 1724 εὐχαριστίαν,
593 1633 702 1717 πάςῦ
730 1636 847 1724 παρὼν
879 1636 959 1717 λαὸς
986 1635 1173 1724 ἐπευφημεῖ
1201 1638 1318 1724 λέγων,
1345 1632 1459 1724 Ἀμήν.
1506 1636 1555 1704 Τό
1581 1639 1622 1706 δὲ

336 1737 422 1826 ἀμὴν
443 1743 483 1828 τῇ
502 1735 648 1826 Ἐβραΐδι
670 1743 764 1827 φωνῇ
787 1738 825 1804 τὸ
844 1745 973 1825 γένοιτο
995 1745 1157 1828 σημαίνει.
1196 1747 1225 1808 4.
1249 1733 1556 1825 Εὐχαριστήσαντος
1581 1742 1622 1808 δὲ

334 1843 394 1908 τοῦ
416 1845 637 1928 προεστῶτος,
660 1843 715 1907 καὶ
738 1840 1033 1929 όπεοφημήσαντος
1055 1839 1182 1920 παντὸς
1202 1844 1262 1907 τοῦ
1285 1842 1375 1922 λαοῦ,
1400 1841 1433 1908 οἱ
1453 1839 1621 1928 καλοῦμε-

335 1967 390 2010 νοι
410 1939 494 2029 παρ’
518 1938 596 2029 ἡμῖν
619 1941 769 2009 διάκονοι
797 1941 948 2008 διδόασιν
982 1941 1107 2029 έκάστιμ
1130 1946 1196 2009 τῶν
1218 1941 1394 2028 παρόντων
1415 1944 1620 2030 μεταλαβεῖν

336 2039 486 2112 ἀπὸτοῦ
510 2039 804 2131 εὐχαριστηθέντος
826 2041 927 2128 άρτου
955 2046 1010 2110 καὶ
1039 2044 1131 2111 οἴνου
1160 2046 1214 2110 καὶ
1243 2041 1372 2124 ῦδατος,
1406 2047 1555 2126 καὶτοῖς
1579 2039 1618 2112 οὐ

336 2149 502 2231 παροῦσιν
525 2140 775 2233 άποφέρουσι.”)
814 2147 881 2210 Καὶ
903 2139 923 2232 ἡ
945 2143 1052 2232 τροφὴ
1075 2141 1156 2232 αὐτη
1180 2147 1329 2214 καλεῖται
1350 2140 1435 2232 παρ’
1460 2143 1540 2232 ἡμῖν
1562 2143 1621 2215 εὐ-

333 2253 505 2332 χαριστία,
543 2236 583 2333 ἧς
604 2241 713 2313 οὐδενὶ
735 2244 825 2332 ἀλλην
852 2250 1025 2330 μετασχεῖν
1053 2245 1126 2326 ἐξόν
1155 2246 1260 2327 ἐστιν,
1297 2241 1319 2336 ἢ
1347 2252 1393 2334 τῷ
1423 2249 1621 2318 πιστεύοντι

337 2342 447 2436 ἀληθῆ
471 2342 620 2415 εἶναιτὰ
642 2347 859 2434 δεδιδαγμένα
880 2341 940 2435 ὐφ’
965 2343 1074 2433 ἡμῶν,
1097 2350 1152 2414 καλ
1168 2349 1359 2436 λουσαμένῳ
1374 2349 1414 2414 τὸ
1429 2345 1515 2436 ῦπὲρ
1532 2345 1619 2440 άφέ-

337 2455 421 2528 σέως
443 2445 612 2536 ἁμαρτιῶν
633 2448 690 2515 καὶ
712 2449 759 2528 εἰς
781 2443 993 2536 άναχέύνησιν
1015 2448 1167 2536 λουτρὸν,
1202 2452 1257 2517 καὶ
1286 2447 1391 2530 οὐτως
1418 2455 1550 2536 βιοῦντι
1572 2449 1620 2533 ῶς

338 2547 355 2618 ὁ
378 2549 526 2636 Χριστὸς
547 2552 747 2636 παρέδωκεν.
808 2545 855 2618 Οὐ
877 2550 938 2638 γὰρ
961 2545 1006 2630 ῶς
1027 2550 1137 2619 κοινὸν
1160 2549 1260 2637 άρτον
1288 2548 1365 2620 οὐδὲ
1387 2553 1498 2621 κοινὸν
1521 2554 1620 2640 πόμα

335 2655 441 2720 ταῦτα
463 2652 686 2738 λαμβάνομεν,
725 2647 799 2720 ἀλλ’
826 2651 862 2720 ὃν
884 2651 1010 2738 τρόπον
1039 2652 1095 2720 διόι
1122 2652 1220 2741 λόγου
1245 2657 1332 2722 Θεοῦ
1353 2660 1620 2744 σαρκοποιηθελς

332 2749 457 2842 Ἰησοῦς
478 2753 626 2840 Χριστός
656 2750 673 2820 ό
702 2754 811 2840 σωτὴρ
843 2750 1012 2840 ἡμῶνκαὶ
1036 2755 1141 2842 σάρκα
1161 2759 1216 2822 καλ
1238 2751 1323 2840 αἷμα
1343 2752 1427 2842 ῦπὲρ
1450 2765 1620 2846 σωτηρίας

336 2852 429 2942 ἡμῶν
458 2855 564 2938 ὐσχεν,
599 2853 704 2936 οῦτως
730 2858 785 2923 καὶ
814 2854 872 2941 τὴν
895 2851 941 2921 δι’
972 2851 1065 2944 εὐχῆς
1087 2858 1185 2944 λόγου
1206 2861 1265 2924 τοῦ
1288 2852 1370 2944 παρ’
1397 2853 1495 2924 αὐτοῦ
1520 2855 1619 2943 εὐχα-

337 2963 556 3045 ριστηθεῖσαν
578 2957 704 3046 τροφὴν
727 2957 764 3038 έξ
783 2947 822 3044 ἧς
844 2951 928 3041 αἷμα
948 2960 1002 3024 καὶ
1026 2958 1142 3046 σάρκες
1164 2958 1247 3026 κατὰ
1268 2958 1452 3047 μεταβολὴν
1474 2965 1619 3049 τρέφον-

336 3083 394 3125 ται
414 3054 522 3145 ἡμῶν,
558 3058 680 3126 ἐκείνου
707 3061 766 3126 τοῦ
795 3065 1102 3147 σαρκοποιηθέντος
1119 3055 1223 3148 Ἰησοῦ
1251 3063 1305 3127 καὶ
1329 3061 1434 3147 σάρκα
1454 3064 1507 3128 καὶ
1530 3058 1621 3148 αἷμα

338 3159 559 3248 ἐδιδάχθημεν
582 3155 706 3242 εἶναι.*)
757 3160 799 3228 Οἱ
821 3161 881 3246 μὰρ
905 3157 1092 3229 ἀπόστολοι
1114 3161 1147 3229 ἐν
1169 3171 1242 3242 τοῖς
1262 3169 1449 3248 γενομένοις
1469 3157 1530 3229 ὑπ’
1558 3161 1620 3232 αὐ-

337 3353 477 3404 Gsbrtuchs
495 3352 629 3403 schiiessrn
648 3349 756 3402 wollta.“
792 3350 913 3415 Singulari
932 3368 987 3403 enra
1006 3353 1075 3404 iocus
1094 3353 1179 3404 tustini
1196 3353 1332 3404 iliustratus
1350 3363 1387 3404 est
1404 3369 1417 3403 a
1432 3354 1499 3405 Chr.
1519 3355 1618 3406 Gutti.

337 3435 457 3498 Bnrgsr
483 3438 616 3502 Antiquitas
642 3436 762 3498 Liturgiaa
786 3437 1106 3499 Euangeliou-Latheranae
1136 3453 1163 3487 nx
1190 3439 1282 3488 tustino
1309 3446 1414 3502 martyra
1441 3438 1619 3491 demonstrata.

337 3519 495 3570 rucuma.
514 3521 538 3570 4.
574 3521 668 3568 lanus
687 3520 770 3570 lastini
789 3521 897 3582 naturis
915 3522 945 3570 ds
964 3523 1041 3572 sacris
1060 3522 1250 3572 christianornm
1268 3523 1372 3588 publicis
1391 3523 1503 3574 narratio.
1540 3523 1619 3576 listas

339 3603 412 3654 1725.
431 3601 455 3654 8.
489 3604 631 3654 Recentiura
657 3611 766 3667 tempora
789 3605 867 3654 insius
891 3605 976 3655 tustini
994 3606 1124 3668 liturgiam
1148 3606 1300 3658 illustrarunt
1323 3608 1535 3672 Daliingsrus
1563 3610 1619 3672 (nia

337 3688 488 3738 Eucharistir
512 3689 535 3737 iu
560 3688 606 3738 διο
625 3695 706 3738 ersten
725 3688 776 3738 drsi
793 3688 996 3748 iahrhunderten)
1023 3697 1046 3740 st
1071 3691 1258 3753 flattrngius
1284 3691 1338 3752 (Dis
1355 3693 1432 3742 Lehrs
1450 3694 1493 3743 dar
1511 3693 1618 3744 aitssreu

337 3773 423 3824 Kiruha
441 3787 494 3823 rum
514 3772 589 3838 Optur
607 3773 639 3823 ina
657 3773 737 3823 Labuu
756 3773 805 3822 und
824 3773 908 3823 Cultus
927 3774 970 3823 dur
984 3774 1115 3838 christan).
1149 3777 1177 3825 λι
1193 3790 1249 3825 raro
1268 3791 1322 3826 cuna
1340 3784 1441 3841 uterque
1459 3777 1523 3826 hand
1543 3793 1620 3842 pror·

337 3871 379 3907 sus
397 3857 491 3907 alienus
509 3859 541 3907 sit
554 3874 566 3908 a
579 3857 684 3921 partium
702 3858 791 3919 studio,
810 3859 876 3908 omni
895 3859 1005 3909 nantinus
1024 3860 1173 3924 prohibenda
1192 3867 1230 3909 ast
1247 3859 1276 3910 ab
1289 3861 1383 3911 sincera
1402 3862 1513 3924 liturgiae
1526 3865 1616 3913 rateris

337 3942 517 4004 investigatione
536 3941 714 3993 Catholicoruru
733 3951 757 3993 nt
775 3943 960 3994 Prutsstantinm
979 3946 1064 3995 inuidia
1083 3953 1107 3996 st
1125 3946 1215 3995 odium.

408 4027 432 4086 lt
450 4027 565 4077 irenaeus
575 4027 599 4087 V,
611 4026 640 4076 2:
658 4023 824 4093 κεκραμένον
835 4020 969 4096 ποτήριον
987 4030 1023 4091 lv,
1033 4031 1082 4080 57:
1100 4037 1383 4094 temperamentum
1403 4029 1484 4081 calicis
1499 4045 1616 4082 -suurn

337 4113 477 4174 sangninem
498 4111 652 4162 confirmarit.

406 4195 432 4256 2)
450 4195 584 4245 Bnhmer
601 4195 617 4244 l.
631 4211 651 4246 ε.
669 4211 694 4260 p.
704 4195 753 4246 373
772 4197 833 4256 „mit
849 4197 1078 4249 Ausinbrtinhtrit“

406 4279 432 4339 3)
450 4281 565 4331 transeas
583 4295 621 4346 ορ.
640 4281 670 4331 ad
688 4282 744 4332 vict
763 4282 860 4342 (Enseu.
880 4283 971 4344 Uti:
995 4283 1052 4336 τοῖς
1076 4273 1129 4331 ἀπὸ
1153 4281 1210 4330 τῶν
1226 4281 1379 4349 παροικιῶν
1395 4276 1518 4350 ἔπεμπον
1535 4275 1615 4351 siqu·

338 4357 448 4431 ριστίαν
464 4365 600 4429 (puntiiless
619 4375 673 4416 unta
691 4365 827 4425 Victuram).

405 4447 431 4508 4)
455 4449 601 4500 Neander
624 4449 749 4513 iitrchang.
768 4452 785 4500 Ι.
804 4451 855 4502 584
882 4451 932 4512 „Es
955 4452 1018 4502 kann
1042 4452 1109 4512 sain,
1134 4452 1190 4502 dass
1214 4453 1253 4503 dis
1270 4453 1502 4517 Einsetanngsrrurtu
1526 4455 1551 4505 iu
1571 4455 1614 4506 das

338 4532 476 4594 nautgebur
499 4535 542 4585 mit
564 4535 708 4585 rerssochten
733 4537 839 4586 rrardsn.
879 4536 907 4586 In
931 4537 976 4587 den
994 4536 1091 4587 Wurteu
1116 4537 1612 4603 baiFirnriiianCypr.ep.'15‘inroua·

336 4617 402 4666 tious
420 4633 468 4668 non
487 4621 644 4670 contemtibilr
661 4621 811 4693 sauutissuare
828 4635 915 4685 panum
933 4629 957 4671 st
975 4621 1143 4672 eucharistiam
1161 4622 1251 4673 iacsrs‘
1269 4623 1400 4686 negarunt
1411 4624 1613 4675 rrahrsnhaintiah

338 4700 382 4752 dur
398 4703 488 4768 Begriti
502 4705 570 4756 uinsr
587 4705 770 4770 Consecratinn,
796 4706 910 4760 uodnrch
929 4721 972 4759 aus
991 4706 1045 4759 dum
1063 4707 1244 4773 auwnhnliuhsn
1261 4709 1333 4760 Brute
1349 4708 1499 4761 Absudmuhi
1518 4707 1610 4762 τουδί*
