3314 5304
920 395 995 475 338

617 574 656 648 ‘O
678 575 786 670 ίερεὸς
804 575 864 667 τὴν
883 572 980 668 efflet
1000 583 1061 670 τῆς
1080 579 1290 668 προδόσεως.

398 683 442 761 Ὁ
477 679 606 772 Θεὸς,
642 681 663 758 ό
699 680 807 766 Θεὸς
840 681 989 779 ἡμῶν,
1026 682 1047 759 ό
1079 681 1162 762 τὸν
1196 678 1425 782 οὐροίνιον
1450 685 1582 782 ἄρτον

318 785 401 885 τὴν
424 781 606 886 τροφὴν
629 792 712 861 τοῦ
736 781 912 870 παντὸς
935 781 1137 884 κόσμου,
1161 783 1245 863 τὸν
1261 781 1442 884 Κύριον
1465 784 1580 884 ἡμῶν

272 963 277 980 ,
317 887 397 966 καὶ
433 883 560 964 Θεὸν
577 885 761 983 Ἰησοῦν
792 885 1004 986 Χριστὸν
1039 885 1374 972 ἐξαποστείλας
1409 897 1581 986 σωτῆρα

317 990 396 1068 καὶ
429 987 690 1088 λυτρωτὴν,
722 985 802 1066 καὶ
827 989 1093 1093 εὐεργέτην,
1127 988 1414 1094 εὐλογοῦντα
1438 989 1517 1066 καὶ
1537 990 1580 1064 οἱ-

317 1087 547 1199 γιόζοντα
586 1088 726 1188 ἡμᾶς,
767 1087 908 1175 αὐτὸς
946 1086 1205 1193 εὐλόγησεν
1244 1089 1328 1190 τὴν
1359 1087 1580 1190 πρόθεσιν

317 1191 514 1291 ταύτην,
554 1191 632 1268 καὶ
670 1188 921 1290 πρόςδεξαι
963 1191 1111 1290 αὐτὴν
1150 1197 1216 1278 εἰς
1245 1190 1297 1268 τὸ
1330 1189 1580 1294 ὑπερουρό·

317 1292 423 1374 νιόν
457 1318 540 1369 σου
565 1290 932 1394 Θυσιαστήριον·
969 1290 1304 1391 μνημόνευσον
1329 1292 1387 1378 ῶς
1413 1293 1580 1400 ἀγαθὸς

317 1396 397 1474 καὶ
432 1390 776 1495 φιλάνθρωπος
809 1402 902 1474 τῶν
941 1393 1378 1500 προςενεγκοίντιον,
1419 1397 1497 1472 καὶ
1528 1396 1575 1473 δι’

235 1583 238 1592 ,
319 1499 398 1584 οὓς
430 1493 750 1624 προςήγαγον,
780 1497 861 1576 καὶ
893 1497 1013 1597 ἡμᾶς
1046 1497 1393 1598 ἀκατακρίτους
1419 1494 1581 1598 διαφί-

319 1604 460 1687 λαξον
484 1603 534 1675 ἐν
558 1606 611 1696 τῇ
637 1599 882 1704 ιερουργίηι
907 1607 1000 1684 τῶν
1024 1599 1174 1676 Θείαν
1199 1623 1283 1677 σου
1306 1600 1579 1700 μυστηρίων.

316 1705 502 1807 Ἔκφώνως.
539 1699 639 1778 Ὅτι
670 1698 895 1803 ἡγίασται
928 1698 1007 1777 καὶ
1032 1697 1318 1788 δεδόξασται
1351 1700 1403 1779 τὸ
1429 1699 1580 1778 πόντι-

317 1831 410 1902 μον
450 1800 528 1877 καὶ
566 1801 914 1906 μεγαλοπρεπὲς
946 1799 1095 1899 όνομοί
1137 1827 1243 1894 σου,
1282 1810 1366 1881 τοῦ
1399 1803 1579 1904 πατρὸς,

316 1903 396 1981 καὶ
427 1911 512 1980 τοῦ
543 1903 671 1995 υἱοῦ,
703 1905 781 1980 καὶ
813 1913 896 1981 τοῦ
922 1903 1060 2007 ἁγίου
1085 1901 1369 1992 πνεύματος·
1406 1913 1492 1984 νῦν
1512 1902 1579 1981 καὶ

318 2006 416 2097 ἀεὶ,
463 2003 541 2082 καί
588 2009 653 2090 ελς
693 2005 804 2093 τοὺς
844 2011 1021 2092 αλῶνας
1059 2015 1153 2084 τῶν
1193 2001 1393 2084 αὶῶνιον.
1444 2003 1577 2104 Ἀμήν.

318 2111 394 2206 0³⁰·
423 2111 494 2206 Πὸ

583 2221 656 2292 Καί
674 2221 762 2310 μετὸν
781 2227 881 2292 τοῦτο
901 2228 999 2294 ποιεῖ
1019 2219 1185 2294 ἀπόλυσιν
1206 2223 1328 2314 λέγων·

400 2323 504 2414 Δόξα
530 2354 589 2403 σοι
613 2323 754 2426 Χριστὸ
780 2323 800 2403 ό
830 2326 918 2412 Θεὸς
941 2327 965 2427 ἡ
991 2327 1091 2413 ἐλπὶς
1113 2327 1237 2427 ἡμῶν,
1263 2325 1356 2414 δόξα
1383 2351 1452 2403 σοι.

846 2455 885 2528 Ὁ
908 2457 1073 2543 διάκονος.

401 2559 517 2653 Δόξα,
549 2559 614 2639 καί
645 2569 721 2642 νῦν
751 2561 816 2640 καὶ
848 2563 919 2655 ἀεὶ,
951 2564 1016 2642 καὶ
1047 2569 1098 2652 ελς
1121 2562 1210 2651 τοὺς
1234 2567 1376 2650 αλῶνας
1400 2571 1479 2641 τῶν
1502 2555 1577 2637 aede

317 2693 409 2746 νιον.
445 2659 575 2761 Ἀμήν.
628 2660 743 2764 Κόριε
767 2663 926 2764 ἐλέησον.
979 2666 1151 2745 Δέσποτα
1176 2663 1389 2770 εὐλόγησον.

356 2793 397 2866 ‘0
419 2793 527 2886 ίερεὸς
545 2801 642 2866 ποιεῖ
661 2797 721 2890 τὴν
742 2794 918 2882 ἀπόλυσιν,
940 2797 1028 2870 οότιο
1048 2801 1163 2890 λέγων,
1185 2796 1218 2871 ιλ
1235 2797 1299 2887 μίν
1319 2795 1393 2870 ἔστι
1412 2790 1555 2888 κυριοκό·

397 2899 442 2979 Ὁ
467 2897 633 2987 ἄνόστας
647 2903 699 2978 «λιι
723 2911 881 3003 νεκρῶν,
906 2902 1071 3003 Χριστὸς
1094 2903 1115 2982 ό
1142 2902 1323 3000 όληθινὸς
1341 2900 1430 2988 Θεὸς
1453 2909 1577 2979 κτλ.-

319 3014 351 3088 εί
379 3013 413 3086 δ’
445 3011 502 3088 οὗ·
537 3002 702 3102 Χριστὸς
740 3005 761 3080 ό
796 3005 977 3104 ἀληθινὸς
1012 3004 1099 3090 Θεὸς
1129 3005 1240 3106 ἡμῶν
1271 3009 1354 3090 ταῖς
1385 3002 1578 3105 πρεσβείαις

316 3112 383 3202 τῆς
424 3102 713 3204 παναχρόντου,
759 3107 879 3184 αὐτοῦ
920 3107 1061 3208 μητρὸς
1102 3115 1171 3184 τοῦ
1213 3110 1255 3183 ἐν
1298 3103 1420 3210 όγίοις
1455 3102 1577 3206 πατρὸς

316 3205 430 3384 ἡμωιὲ
444 3202 626 3284 Ἰωοίννου
651 3205 939 3310 ἀρχιεπισκόπου
963 3204 1371 3296 Κωνσταντινοπόλεως
1395 3215 1464 3285 τοῦ
1485 3212 1577 3308 Κρυ

318 3332 409 3387 σοστ
430 3336 517 3402 μου.

341 3437 347 3446 ’
395 3439 440 3514 Βί
461 3441 500 3512 δὸ
520 3442 666 3512 τελεῖται
685 3435 707 3532 ἦ
729 3438 919 3532 λειτουργία
938 3448 1000 3513 τοῦ
1018 3440 1166 3533 μεγάλου
1186 3438 1380 3526 Βασιλείου,
1402 3440 1506 3533 λέγει·

401 3543 601 3620 Βασιλείου
638 3544 864 3646 Καισαρείας
893 3545 1164 3632 Καππαδοκίας
1200 3554 1269 3633 τοῦ
1307 3542 1491 3650 μεγάλου,
1524 3537 1577 3620 καί

316 3641 473 3831 ἓοίιῶτγργςι
503 3652 584 3721 τῶν
616 3643 750 3747 ἁγίων,
783 3647 926 3746 ἐλόησαι
957 3647 1057 3747 ἡμᾶς
1090 3648 1142 3734 ῶς
1173 3647 1334 3751 ἀγαθὸς,
1363 3646 1432 3726 ’καὶ
1456 3647 1576 3750 φιλόν-

350 3775 438 3931 c,U
468 3857 577 3952 χορός.
614 3845 745 3946 Ἀμήν.

400 4016 494 4094 Xffl·
520 4029 624 4100 Μετὰ
645 4030 684 4101 δὲ
704 4031 763 4122 τὴν
784 4027 949 4104 ἀπόλυσιν
970 4039 1082 4128 θυμιᾷ
1104 4032 1122 4106 ό
1146 4033 1299 4117 διάκονος
1313 4035 1373 4128 τὴν
1393 4030 1488 4124 ἆγίαν
1500 4025 1573 4120 πρί-

315 4140 425 4204 Θεσιν.
453 4125 540 4204 Εἶτα
561 4128 743 4223 διείργεται
763 4133 821 4204 καὶ
840 4141 952 4230 θυμιᾷ
972 4136 1032 4228 τὴν
1054 4135 1152 4228 ἁγίαν
1172 4134 1340 4229 τράπεζαν
1361 4133 1468 4228 κόκλῳ
1487 4157 1575 4204 στου·

315 4236 457 4326 ροειδῶς
476 4234 581 4324 λόγων
600 4230 679 4305 καθ’
693 4231 829 4304 ἑαυτόν·

399 4494 459 4562 Cep.
476 4495 538 4546 xm.
573 4494 600 4546 Ρ.
623 4507 672 4546 nen
695 4504 870 4547 commemoret
887 4496 987 4552 Dieeoni
1004 4500 1154 4552 οιειΙοοειει
1179 4491 1212 4549 ἔν
1228 4488 1310 4565 τίφην
1327 4495 1385 4550 κτλ.
1420 4499 1447 4554 (λ
1469 4491 1574 4550 Seeerde·

314 4583 375 4641 tem,
390 4579 471 4642 prime
488 4579 595 4632 ῠῑεεοοο
612 4578 805 4642 benedicentem,
823 4581 859 4632 eie
875 4581 1015 4649 loquentem
1032 4583 1104 4636 λειλι
1121 4572 1241 4651 ἄγγελος
1257 4581 1364 4652 Κυρίου
1380 4567 1575 4646 συλλειτουργό-

315 4669 364 4711 σαι
380 4652 448 4729 ἡμῖν
464 4657 513 4711 καὶ
527 4653 713 4715 κατευοδόοει
728 4654 779 4729 τὸν
796 4656 865 4718 ὅσον
881 4675 933 4718 σου
950 4663 1114 4739 ἔμπροσθέν
1131 4678 1192 4724 σου.
1209 4660 1337 4733 πάντοτε,
1354 4665 1408 4724 νῦν
1423 4664 1478 4722 κτλ.
1510 4659 1575 4716 Η·
