3314 5304
760 1361 987 1453 CAPUT
1029 1359 1083 1450 V.

502 1567 883 1636 ΑποΔσιιιιιοιι
906 1569 940 1634 s.
970 1565 1348 1632 σοιιιιιιτοιιιυιι.

377 1770 509 1888 Habent
530 1799 635 1862 ῦιιοσί
663 1787 873 1862 ἀπδδτιπνον
897 1788 994 1878 μέγα,
1024 1793 1104 1875 quud
1134 1791 1279 1856 adhibent
1301 1803 1438 1874 tempure
1460 1794 1569 1858 ieiunii

286 1910 319 1966 st
346 1891 557 1966 ἀπόδαιπνον
582 1892 710 1984 μικρόν,
742 1898 883 1961 usitatum
914 1897 981 1960 aliis
1011 1894 1118 1959 diebus
1147 1893 1303 1958 furialibus
1326 1905 1416 1976 utque
1438 1896 1569 1960 festivis.

286 2003 368 2067 Infra
391 2003 496 2066 damus
520 2001 754 2084 Compluturium
776 1998 886 2073 minus,
909 1997 1022 2080 quippe
1044 1996 1124 2079 quud
1146 1996 1380 2078 permaximum
1402 1997 1474 2061 anui
1495 2017 1570 2080 par-

288 2114 348 2168 tem
371 2104 524 2168 recitatur.
799 2167 801 2169 ,

373 2204 493 2268 Modum
520 2201 683 2266 inchoandi
712 2202 844 2264 officium
872 2199 1074 2264 enarravimus
1102 2217 1194 2282 supra
1221 2215 1320 2279 nuque
1349 2201 1507 2281 estquod
1535 2203 1570 2266 iu

288 2306 417 2386 singulis
439 2305 523 2370 horis
546 2314 728 2387 repetamus.

374 2407 538 2471 uastantur
558 2418 629 2488 post
650 2423 757 2488 preces
780 2403 895 2468 exordii
910 2403 1021 2466 ΡιαΙια.
1037 2405 1095 2466 51ι
1117 2393 1255 2488 ἐλέησόν
1274 2421 1318 2482 με
1339 2392 1459 2478 susus
1481 2399 1571 2468 κατὰ

288 2504 328 2573 σδ
348 2503 435 2592 μέγα
457 2500 550 2584 ἔλεός
570 2527 643 2574 σου.
686 2508 797 2571 ΡυιΙαι.
813 2510 870 2572 70:
898 2497 917 2570 δ
943 2499 1030 2580 Θεὸς
1056 2493 1105 2578 τίς
1125 2498 1185 2587 τὴν
1204 2495 1372 2588 βοήθειάν
1391 2523 1458 2585 μου
1479 2497 1572 2588 πρό-

288 2629 374 2689 σχες.
417 2609 527 2672 Ρειίιιι.
550 2610 628 2674 143:
661 2601 767 2693 Κίριο
794 2598 986 2684 οίςάκουσον
1015 2607 1076 2690 τῆς
1102 2605 1285 2690 προςουχῆς
1304 2625 1382 2686 μου.
1425 2606 1571 2686 Sequitur

289 2710 453 2790 Doxolugia
484 2702 580 2788 Δόξα
611 2704 646 2774 ἐν
678 2701 838 2798 ὖψίστοις
866 2707 943 2788 Θιῶ
970 2699 1020 2782 οἷς
1047 2697 1148 2784 δόξαν
1171 2707 1261 2771 Θεοῦ
1288 2698 1428 2791 πατρός.
1462 2699 1571 2792 Ἀμήν

290 2829 358 2874 eum
379 2810 537 2874 versiculis
560 2833 576 2874 e
597 2811 727 2874 Psalmis
750 2809 899 2872 delibatis.

375 2913 540 2992 Iunguntur
571 2913 668 2976 Credo
700 2911 885 2985 Νἰυαοσιιια,
917 2908 1104 2988 Trisugium,
1139 2901 1297 2993 Παναγία
1317 2900 1414 2992 τριάς
1445 2927 1476 2991 p.
1493 2912 1570 2976 286.

291 3013 395 3076 Oratio
412 3015 578 3090 flaminius,
602 3013 829 3094 'Proparium
851 3011 944 3074 ferias
966 3011 1012 3072 vel
1035 3012 1114 3074 sesto
1138 3011 1320 3074 conveniens
1344 3020 1467 3091 etpost
1488 3029 1568 3074 nun·

290 3116 388 3178 nullus
409 3116 598 3198 Antiphonus
627 3116 702 3178 huuc
731 3111 829 3178 oratio
856 3112 893 3176 sd
915 3112 1036 3175 Beatum
1058 3111 1220 3192 Virginem,
1250 3130 1266 3174 α
1296 3111 1389 3175 Paulo
1415 3113 1570 3177 monachu

290 3207 615 3295 confectas'uamzs,
638 3209 812 3297 δμόλνντα,
835 3201 981 3300 ἀφθορι,
1004 3202 1155 3298 ἀχραντε,
1174 3205 1271 3298 Ἁγνὴ
1286 3209 1457 3296 Παρδένε,
1482 3207 1573 3280 Θαδ-

289 3337 399 3405 νυμφτ
426 3314 612 3384 Δέσποινα.
652 3310 698 3382 ‘H
723 3313 809 3384 Θεὸν
835 3309 954 3400 Λόγον
981 3315 1053 3391 τοῖς
1080 3305 1287 3398 ἀνθρώποις,
1316 3317 1357 3402 τῇ
1383 3311 1571 3402 παραδόξῳ

290 3439 351 3483 σου
378 3413 494 3506 νοήσει
519 3413 689 3497 ἓνώσασα,
715 3415 773 3484 καί
799 3412 859 3502 τὴν
880 3409 1103 3481 ἀπωσθοῖσαν
1124 3409 1226 3502 φύσιν
1246 3417 1308 3479 τοῦ
1328 3411 1444 3500 γένους
1464 3409 1571 3502 ἡμῶν,

290 3521 362 3597 τοῖς
389 3513 558 3605 οὐρανίοις
584 3514 776 3606 συνάψασα.
815 3511 862 3582 ‘H
884 3519 951 3581 τῶν
977 3509 1240 3602 ἀπηλπισμένων
1263 3508 1349 3604 μόνη
1377 3513 1486 3596 ἐλπίς,
1513 3516 1573 3584 καί

290 3624 357 3684 τῶν
377 3617 637 3704 πολεμουμένων
656 3615 815 3706 βοήθεια.
843 3611 890 3681 ‘H
908 3610 1024 3704 ἑτοίμη
1046 3610 1225 3706 ἀντίληψις
1245 3620 1311 3680 τῶν
1333 3611 1382 3694 οἷς
1403 3614 1444 3683 σέ
1464 3641 1574 3706 προς-

290 3713 480 3806 τριχδντων,
507 3719 565 3787 καί
595 3713 731 3785 πάντων
756 3722 823 3784 τῶν
843 3721 1056 3804 Χριστιανῶν
1086 3715 1125 3782 τὸ
1146 3711 1361 3804 καταψίγιον.
1404 3715 1468 3806 Mt)
1491 3719 1573 3802 βδο-

290 3814 371 3912 λίξη
384 3843 429 3905 με
442 3818 501 3887 τὸν
514 3815 721 3906 ἁμαρτωλὸν,
743 3817 801 3886 τδν
816 3816 925 3907 ἐναγῆ,
940 3816 999 3886 τὸν
1015 3813 1165 3905 αἰσχροῖς
1178 3817 1361 3902 λογισμοῖς,
1376 3816 1434 3886 καί
1447 3815 1573 3907 λόγοις,

289 3920 348 3990 καί
372 3917 545 4009 πράξασιν,
573 3919 652 3989 ὅλον
679 3919 823 4005 έμαυτδν
850 3915 1095 4007 ἀχρειώσαντα·
1121 3918 1180 3986 καί
1206 3924 1246 4008 τῇ
1271 3923 1338 3986 τῶν
1358 3915 1490 4008 ἡδονῶν
1511 3928 1573 3990 τοῦ

287 4019 368 4109 βίον
390 4020 554 4114 ῥᾳθυμίᾳ,
576 4019 687 4114 γνώμη
710 4023 831 4092 δοῦλον
851 4017 1035 4110 γινόμενον.
1061 4015 1150 4090 Ἀλλ’
1173 4015 1219 4102 ῶς
1238 4025 1299 4088 τοῦ
1321 4018 1573 4112 φιλανθρώπου

294 4128 383 4193 Θεοῦ
404 4121 539 4215 Μήτηρ,
563 4120 818 4216 φιλανθρώπως
838 4119 1105 4212 σπλαγχνίσθητι
1125 4117 1180 4189 ἀπ’
1204 4120 1280 4208 έμοὶ
1300 4127 1349 4211 τῶ
1372 4118 1572 4214 ἁμαρτωλῷ,

291 4224 349 4293 καί
375 4221 505 4316 ἀσώτῳ,
533 4225 590 4294 καί
614 4224 713 4307 ’δέξαι
738 4251 805 4312 μου
826 4223 885 4314 τὴν
907 4222 944 4293 έν
964 4228 1123 4313 ῥυπαρῶν
1141 4221 1278 4306 χειλέων
1297 4223 1575 4316 προςφερομένην

291 4349 348 4394 σοι
370 4325 493 4420 δέησιν.
535 4325 608 4394 Καὶ
627 4325 686 4395 τὸν
706 4325 768 4395 σὸν
792 4321 881 4408 Υίδν,
903 4324 961 4394 καὶ
981 4319 1075 4414 ἡμῶν
1095 4321 1273 4415 Δισπίτην
1292 4323 1351 4393 καί
1371 4319 1511 4413 Κύρων,
1533 4331 1574 4417 τῇ

291 4435 432 4518 μησρικῇ
458 4450 520 4497 σου
546 4424 718 4520 παῤῥησίᾳ
742 4425 902 4517 χρωμένη,
931 4422 1143 4514 δυςώπησον,
1170 4426 1227 4493 ἵνα
1254 4423 1369 4516 ἀνοίξῃ
1397 4419 1503 4517 κάμοί
1529 4428 1575 4495 τὰ

293 4525 524 4618 φιλάνθρωπα
551 4527 722 4618 σπλάγχνα
747 4534 807 4618 τῆς
835 4523 938 4596 αὐτοῦ
965 4521 1187 4617 ἀγαῶδτητος.
1232 4524 1302 4594 Καὶ
1328 4523 1485 4616 παριδών
1504 4552 1573 4614 μου

293 4627 337 4698 τὰ
359 4624 573 4724 ἀναρίθμητα
592 4629 800 4716 πταίσματα,
828 4626 1018 4721 ἐπιστρέψῃ
1039 4653 1082 4716 με
1102 4628 1190 4720 πρὸς
1209 4623 1399 4717 μετάνοιαν,
1426 4627 1574 4696 καὶτῶν
