3368 5308
916 387 989 460 500

400 569 505 663 ’Υπὲρ
538 577 605 644 τοῦ
631 567 915 697 φωτισθῆναι’
896 575 994 666 ημᾶς
1018 567 1215 666 φωτισμὸν
1240 565 1415 696 χνυίσεως
1439 571 1500 645 καί
1524 574 1583 648 26-

322 671 466 767 σεβείας
491 670 554 746 διὰ
580 680 643 766 τῆς
668 668 928 768 ε’πιφοιτήσεως
953 677 1020 745 τοῦ
1046 669 1156 772 ἀχίου
1176 668 1398 765 πνεύματος,
1425 701 1492 748 του
1475 681 1583 749 Κυ-
1670 699 1671 750 ι

323 777 406 870 ρίου
432 772 640 870 δεηθῶμεν.
1255 835 1259 840 .

400 872 503 1001 ’Υπὲρ
536 882 604 949 τοῦ
638 871 909 1002 ἀναδειχθῆναι
943 870 1035 948 αὐτὸ
1068 868 1321 968 ἀποτρόπαιον
1355 871 1475 971 πάσης
1509 879 1582 950 ε’πι
1670 881 1671 888 ’

319 975 503 1072 βουλῆς’
485 983 633 1074 ορατῶν
657 973 722 1050 καὶ
747 970 921 1070 ἀοράτων
937 975 1103 1098 ἐχθρῶν,
1127 981 1196 1048 τοῦ
1215 973 1357 1070 Κυρίου
1375 974 1582 1071 δεηθῶμεν.

397 1075 502 1204 ’Υπὲρ
535 1084 602 1150 τοῦ
638 1079 743 1160 ἀξιον
774 1074 951 1176 γενέσθαι
984 1083 1048 1171 τῆς
1074 1072 1278 1170 ἀφθάρτου
1303 1075 1554 1172 βασιλείας
1519 1109 1582 1153 ιον

320 1179 362 1250 ίν
388 1178 490 1275 αὐτῷ
515 1175 801 1272 βαπτιζόμενον,
826 1183 895 1253 τοῦ
920 1179 1063 1271 Κυρίου
1090 1175 1297 1321 δεηθῶσιν.

399 1294 502 1390 ’Υπὲρ
534 1303 602 1394 τοῆ
635 1293 722 1370 νυνὶ
747 1294 1037 1390 προςερχοιιίνου
1062 1301 1115 1392 τῷ
1142 1292 1238 1397 ἀχίφ
1264 1293 1491 1393 φωτίσματι,
1523 1299 1582 1372 καὶ
1670 1365 1671 1394 η

318 1403 382 1490 τῆς
398 1397 590 1522 σωτηρίας
617 1397 757 1484 αὐτοῦ,
773 1405 841 1471 τοῦ
866 1396 1027 1525 Κυρίρυ
1035 1394 1244 1490 δεηθῶμεν.
1670 1403 1671 1484 ἶ

398 1494 502 1592 ’Υπὲρ
535 1507 603 1573 τοῦ
636 1496 908 1595 ἀναδειχθῆναι
941 1497 1056 1572 αάιὸν
1088 1496 1173 1572 υἱὸν
1198 1496 1333 1593 φωτὸς,
1366 1498 1431 1572 καὶ
1454 1509 1581 1598 νληρο-

317 1593 438 1692 νόαον
462 1605 541 1672 τῶν
567 1597 730 1674 αλωνίων
757 1600 934 1728 ἀμαθῶν,
960 1606 1029 1673 τοῦ
1054 1598 1195 1694 Κυρίου
1222 1597 1432 1726 δεηθῶμεν.

397 1698 500 1796 Ὑπὲρ
533 1709 601 1776 τοῦ
631 1701 839 1828 χενὲσθαι
846 1700 963 1775 αὐτὸι
997 1698 1196 1796 σύμφυτον
1221 1701 1284 1774 καὶ
1308 1701 1493 1776 κοινωνόν
1518 1709 1579 1776 τοῦ
1670 1711 1671 1772 λ

318 1797 492 1875 θανάτου
517 1801 579 1876 καὶ
604 1811 668 1898 τῆς
693 1800 931 1887 ἀναστάσεως
955 1805 1124 1899 Χριστοῦ
1148 1809 1216 1875 τοῦ
1244 1801 1382 1875 θεοῦ’
1361 1809 1485 1898 ημῶν,
1518 1811 1578 1877 τοῦ
1670 1859 1671 1898 3

316 1900 459 2000 Κυρίου
486 1901 696 1998 δεηθῶσιν.

394 2001 498 2100 ’Υπὲρ
530 2013 598 2132 τρῦ
632 2003 940 2132 διαφυλαχθῆναι
972 1979 1075 2100 αάτῶ
1100 2001 1169 2099 τὴν
1195 2003 1328 2100 στολὴν
1354 2011 1424 2078 τοῦ
1448 2004 1578 2098 βαπτί-

316 2127 477 2195 σαατος,
512 2104 575 2180 καὶ
610 2103 678 2180 τόν
692 2105 921 2232 ἀρραβῶνα
956 2111 1024 2179 τοῦ
1060 2101 1289 2198 πνεύματος,
1328 2106 1486 2180 ἀσπιλυν
1519 2135 1577 2180 και

316 2203 587 2301 ἀμιίμητονν
547 2211 587 2280 ἐν
613 2215 657 2302 τῆ
682 2206 800 2303 ἡμέρᾳ
825 2215 870 2302 τῇ
898 2208 1044 2305 φοβερᾷ
1060 2211 1228 2358 Χριστοῶ
1253 2214 1321 2282 τοῦ
1343 2206 1483 2281 θεοῦ
1461 2216 1575 2304 ημῶν,

315 2314 384 2380 τοῦ
410 2307 549 2403 Κυρίου
576 2307 784 2402 δεηθῶμεν.

393 2423 497 2519 ’Υπὲρ
530 2434 598 2501 τοῦ
631 2425 809 2525 γενέσθαι
843 2423 945 2550 ριῦτῷ
971 2425 1014 2498 τὸ
1040 2423 1145 2552 ὕδωρ
1170 2433 1294 2513 τοῦτο,
1328 2425 1489 2521 λουτρὸν
1512 2455 1576 2500 πα·
1670 2451 1671 2490 f

315 2527 551 2652 λιχχενεσίρις,
587 2532 636 2608 εἰς
669 2529 803 2624 ἀφεσιν
835 2525 1043 2624 ἁμαρτιῶν,
1076 2525 1139 2600 καὶ
1171 2525 1315 2622 ενδυμα
1349 2530 1576 2628 ἀφθαρσίας,
1670 2539 1671 2628 χ

313 2635 381 2700 τοῦ
408 2627 550 2719 Κυρίου
576 2626 785 2752 δεηθῶσιν.
1670 2631 1671 2708 J

393 2726 496 2821 ’Υπὲρ
529 2737 597 2802 τοῦ
631 2734 837 2812 ελςακοῦσαι
863 2723 1005 2823 Κύριον
1035 2727 1103 2803 τὸν
1132 2726 1223 2802 Θεὸν
1256 2737 1384 2827 φωνῆς
1409 2741 1476 2828 τῆς
1501 2729 1576 2828 δεή-
1670 2723 1671 2798 ἶ

314 2847 405 2911 σεως
430 2828 551 2924 ῆιιῶν,
577 2837 646 2905 τοῦ
671 2829 814 2924 Κυρίου
840 2829 1050 2926 δεηθῶμεν.
1670 2823 1671 2842 ’

391 2929 495 3025 ’Υπὲρ
520 2940 588 3006 τοῦ
614 2934 802 3028 ῥυσθῆναι
828 2928 945 3006 αὐτόν
969 2959 1008 3004 τε
1033 2930 1096 3004 καὶ
1120 2929 1230 3027 ῆιιᾶς,
1257 2929 1329 3004 ἀπὸ
1357 2929 1478 3030 πάσης
1498 2931 1574 3007 θλί

312 3051 424 3128 φεως,
451 3032 574 3134 ἀρχῆς,
600 3034 662 3106 καὶ
689 3029 874 3161 ἀνάγκης,
890 3041 958 3106 τοῦ
985 3031 1128 3124 Κυρίου
1153 3031 1362 3130 δεηθῶμεν.

390 3133 638 3259 Ἀντιλαβοῦ,
652 3143 789 3263 σῶσρν,
816 3135 963 3230 ἐλέησον
988 3159 1019 3232 p.
1036 3137 1121 3209 341.

401 3239 473 3330 Τῆς
497 3235 695 3336 παναχίας,
722 3232 911 3333 ἀχράντου
938 3237 1018 3310 ibid.

396 3367 468 3436 Καὶ
495 3375 557 3437 τοῦ
584 3365 738 3437 διακόνου
767 3369 919 3455 λέγοντος
939 3373 1054 3448 ταῦτα,
1082 3361 1110 3436 ὁ,
1125 3363 1229 3452 ίερεὺς
1250 3366 1339 3451 λέγει
1361 3363 1441 3434 καθ’
1465 3363 1575 3434 ἑαυτὸν
1670 3435 1671 3446 χ

310 3468 369 3559 τὴν
390 3466 485 3558 εὐχὴν
506 3466 626 3558 ταύτην
646 3475 821 3556 μλλσῖίκῶς

390 3589 433 3666 Ὁ
469 3590 757 3717 εάσπλαχχνος
754 3589 818 3663 καὶ
853 3585 1016 3682 ἐλεήμων
1052 3586 1208 3674 Θεὸς,ό
1246 3583 1388 3712 ἐτάζιρν
1423 3585 1574 3682 καρδίας

308 3689 373 3765 καὶ
409 3689 584 3820 νεφροὺς
617 3691 680 3766 καὶ
715 3690 761 3764 τὰ
788 3686 937 3818 κρόφιρι
971 3696 1049 3817 τῶν
1085 3684 1355 3782 ἀνθρώπων’
1339 3684 1574 3782 επιστόμενος
1670 3725 1671 3728 “

310 3789 436 3880 μόνος,
464 3794 509 3876 06
528 3790 607 3920 γάρ
634 3797 710 3866 ε’στι
730 3799 886 3916 πράχμα
904 3789 1045 3887 ἀφανὲς
1061 3787 1220 3864 ἐνώπιόν
1238 3815 1318 3877 σου,
1345 3788 1439 3862 ἀλλά
1457 3787 1572 3864 πάντα

309 3891 438 3995 χυμνά
477 3893 540 3968 καὶ
580 3892 891 4024 τετραχηλισμένα
923 3897 1000 3974 τοῖς
1032 3891 1258 4017 ὀφθαλμοῖς
1271 3915 1349 3965 σου.
1397 3887 1572 4020 ‘0666-

310 4021 413 4070 σαων
445 3994 493 4070 τά
525 4024 595 4070 κατ
639 3995 714 4089 ἐμὲ,
748 4025 800 4092 μη
785 3990 984 4091 βδελόξη
1010 4021 1068 4088 με,
1102 3989 1258 4090 μηδὲ·
1221 4023 1264 4120 τρ
1289 3987 1487 4090 πρόςωπόν
1512 4019 1571 4066 σου

309 4095 544 4224 ἀποστρεφης
577 4097 641 4170 ἀπ’
671 4100 776 4192 εμοῦ,
814 4095 907 4170 ἀλλὰ
939 4092 1076 4193 πάριδό
1104 4123 1179 4188 μου
1211 4092 1258 4166 τά
1291 4091 1572 4188 παραπτώματα

309 4200 350 4273 ἐν
382 4205 427 4294 τῇ
461 4197 542 4297 ω”ρηι
573 4195 703 4293 ταύτῃ,
738 4197 758 4271 6
790 4203 968 4292 παρορῶν
1000 4192 1276 4330 ἀνθρώπων’
1253 4193 1505 4291 αμαρτήματα
1529 4199 1572 4319 ελρ

308 4297 524 4389 μετάνοιαν,
557 4328 620 4374 και
608 4295 863 4374 ἀπόπλυνόν
886 4325 985 4424 μρυ
986 4297 1054 4371 τὸν
1079 4302 1198 4390 (λῦπον
1222 4304 1290 4371 τοῦ
1318 4295 1493 4384 σαίιιατος
1516 4294 1570 4370 καὶ

308 4398 376 4476 τὸν
411 4406 543 4475 σπῖλον
577 4408 642 4496 τῆς
668 4405 806 4528 ψυχῆς.
859 4398 931 4473 Καὶ
964 4397 1051 4472 ὅλον
1082 4425 1128 4492 σε
1162 4396 1341 4524 ἀχίασον,
1359 4397 1507 4494 ὁλοτελῆ
1531 4403 1569 4492 τῆ

308 4497 469 4594 δυνάμει
494 4525 563 4576 σου
587 4509 632 4598 τῆ
660 4501 809 4598 ἀοράτῳ
833 4500 896 4576 καὶ
921 4507 1153 4628 πνευματικῆ
1177 4499 1341 4597 δεξιᾷβ
1324 4528 1386 4574 ινα
1409 4528 1462 4596 μη
1447 4499 1570 4574 ἐλευ-

309 4604 447 4701 θερίαν
480 4603 602 4686 ἀλλοις
634 4599 955 4708 ἐπαγγελλόμενος,
986 4601 1050 4676 καὶ
1082 4598 1222 4698 ταύτην
1255 4600 1427 4700 παρέχων
1459 4601 1570 4674 πίστει
