3336 5302
124 1365 601 1512 annornrronas'
632 1387 723 1511 no'
745 1345 1092 1512 nirunomu
1122 1420 1340 1511 sineri

495 1573 959 1664 euersosronn.

185 1815 255 1893 Cap.
286 1813 308 1874 l.
359 1813 584 1876 Sacerdotis
624 1813 886 1894 Praeparatio.
929 1813 1133 1891 imaginum
1164 1813 1365 1876 Salutatio.

99 1915 219 1976 Prima
243 1913 307 1975 llei
331 1933 397 1992 pro
420 1915 622 1976 sacrilicio
646 1925 750 1976 recte
774 1915 979 1978 ollerendo
1003 1913 1238 1994 imploratio.

182 2015 302 2076 llissale
324 2015 489 2077 Romanum
520 2016 664 2078 evolventi
699 2017 831 2078 occurrit
858 2015 985 2077 Rubrica
1010 2014 1157 2092 generalis
1180 2015 1216 2074 de
1239 2033 1364 2096 praepa-

99 2103 213 2178 ¹ratione
236 2115 408 2178 Sacerdotis
432 2117 619 2178 celebraturi.
657 2118 934 2180 commemorantur
955 2115 1117 2188 contusio,
1140 2100 1274 2176 llatutini
1299 2136 1364 2176 cum
1432 2123 1435 2141 '

98 2218 248 2280 Laudibus
270 2217 429 2292 absolutio,
451 2219 501 2298 pia
525 2219 620 2280 oratio
643 2229 672 2280 et
694 2217 860 2290 meditatio,
883 2227 1008 2298 patente
1031 2227 1061 2278 et
1077 2217 1179 2278 calicis
1195 2217 1365 2297 dispositio,

98 2330 270 2398 paramenta
294 2318 402 2398 quilius
419 2321 566 2381 Sacerdos
588 2321 730 2392 induitur,
753 2319 887 2396 singulae
906 2321 942 2379 ad
960 2317 1072 2395 singula
1090 2319 1216 2380 dicendo
1233 2321 1365 2379 oratiun-

99 2422 191 2483 culae.
206 2425 251 2481 'nt
273 2420 348 2480 haec
370 2421 480 2492 omnia,
503 2421 678 2501 plerumque
700 2422 730 2481 in
753 2419 895 2482 Sacristia
913 2430 1042 2499 peracta,
1065 2419 1206 2480 Romanis
1223 2439 1280 2479 non
1299 2438 1365 2498 per·

99 2523 193 2584 tinent
219 2519 256 2582 ad
280 2519 411 2592 llissam,
441 2541 528 2602 quam
557 2522 751 2602 auspicantur
772 2521 808 2582 ab
838 2519 975 2598 ingressu
998 2520 1169 2582 Sacerdotis
1197 2522 1233 2581 ad
1263 2521 1365 2582 altare.

99 2624 225 2684 Prorsus
248 2623 302 2684 alia
327 2632 374 2683 est
390 2623 519 2685 Graecae
542 2623 720 2704 disciplinae
743 2623 829 2684 ratio.
874 2623 990 2684 Etenim
1015 2641 1080 2682 cum
1105 2623 1283 2682 Sacerdotes
1307 2640 1366 2681 nun

100 2723 231 2804 quotidie
247 2723 409 2800 liturgiam
434 2725 585 2785 celebrent
607 2743 703 2803 neque
719 2723 866 2784 Sacerdos
890 2723 983 2784 sacris
1006 2734 1147 2802 operetur
1169 2719 1282 2801 absque
1298 2722 1366 2784 uia-

100 2845 185 2899 cono,
208 2826 294 2886 thure
317 2835 347 2886 et
368 2835 466 2896 cantu,
490 2843 616 2904 cumque
638 2825 760 2886 accedat
782 2833 918 2884 accurata
950 2825 1036 2903 panis
1060 2821 1188 2901 eulogici
1213 2821 1243 2882 in
1266 2832 1367 2900 partes

100 2927 205 2988 multas
218 2925 407 2988 distributio:
431 2945 485 3006 pro
509 2925 756 2988 caerimoniarum
780 2924 949 3004 prolixitate
972 2937 1000 2986 et
1023 2927 1189 2994 sanctitate,
1213 2923 1366 3003 proprium

101 3027 296 3089 condiderunt
312 3023 444 3088 olllcium
459 3027 519 3109 τῆς
532 3022 731 3108 προθέσεως
752 3045 777 3087 s.
800 3023 1034 3108 προςκομιδῆς,
1056 3024 1241 3085 recitandum
1260 3024 1297 3084 ab
1313 3025 1367 3084 Sa·

100 3127 219 3190 cordate
241 3137 271 3188 et
293 3127 425 3189 [lincone
450 3127 478 3188 in
502 3129 677 3207 prothesi.¹)
707 3127 753 3188 Uti
777 3127 864 3188 docet
892 3125 998 3204 capitis
1026 3124 1194 3204 inscriptio,
1225 3143 1258 3184 ea
1282 3143 1368 3205 προ-

100 3226 228 3310 θέσεως
249 3229 434 3290 consnetndo
457 3229 493 3290 ab
516 3239 577 3290 tota
601 3229 728 3304 ecclesia
751 3235 873 3306 accepta
896 3235 950 3298 est,
974 3243 1060 3306 quarn
1085 3225 1247 3304 usurpabat
1263 3241 1367 3301 magna

100 3331 266 3412 sapientiae
288 3331 406 3392 divinae
429 3329 555 3391 eeclesia
579 3340 609 3392 et
631 3330 879 3391 monasteriorum
902 3329 932 3388 in
956 3336 1057 3388 monte
1080 3327 1156 3387 nino
1179 3325 1367 3386 universitas.

182 3432 344 3506 Quoniam,
367 3439 400 3492 ut
421 3439 467 3492 est
488 3432 565 3509 apud
583 3431 761 3494 Germanum
788 3463 820 3472 -
837 3423 897 3512 χρὴ
921 3421 1067 3508 μάλιστα
1088 3421 1167 3501 τοὺς
1182 3418 1280 3504 ἱερεῖς
1296 3417 1368 3500 ἐξο-

101 3531 323 3617 μολογεῖσθαι
344 3526 545 3615 συχνοτέρως
565 3525 618 3594 ὅτι
640 3521 819 3610 ἄνθρωποί
840 3523 906 3593 εἶσι
927 3529 1071 3613 coenaria
1092 3521 1224 3613 φύσεως
1243 3522 1301 3590 καὶ
1315 3521 1369 3590 ὅτι

185 3754 209 3814 l)
228 3755 306 3816 liing
325 3753 340 3802 Ι.
355 3767 374 3800 c.
394 3766 417 3817 p.
430 3751 491 3800 119:
517 3749 577 3811 „Die
595 3751 700 3812 litnrgie
719 3753 749 3801 ist
768 3753 810 3801 mit
828 3750 873 3800 den
892 3749 1005 3800 Diensten
1024 3748 1067 3797 der
1085 3747 1171 3796 dritten
1191 3747 1238 3797 und
1257 3747 1368 3797 seehsten

102 3840 190 3889 Stnnde
209 3836 358 3896 verbunden,
378 3835 424 3884 und
443 3835 515 3899 sollte
534 3835 697 3886 ordentliclrer
714 3837 793 3884 Weise
812 3836 871 3885 eben
890 3851 917 3884 so
937 3833 991 3883 nato
1011 3833 1139 3892 anlaupen,
1157 3834 1193 3880 als
1212 3831 1277 3881 disse
1295 3848 1368 3894 pren-

103 3925 163 3986 diget
188 3923 259 3984 sind,
285 3921 357 3970 allein
384 3935 465 3984 regen
490 3921 533 3969 der
550 3919 629 3980 Lange
653 3919 732 3968 dieser
751 3921 847 3969 Dienste
871 3921 902 3968 ist
926 3919 963 3968 die
981 3919 1153 3978 gegerrwtrtige
1172 3917 1326 3966 Gewohnlreit
1346 3917 1369 3963 in

104 4009 142 4058 der
165 4007 305 4058 russisclren
333 4006 426 4062 llirche,
451 4005 507 4054 dass
532 4005 574 4053 der
593 4005 697 4052 Pricstcr
720 4003 742 4052 in
768 4003 806 4051 die
826 4003 947 4052 Protltesis
970 4003 1055 4063 gehen,
1081 4001 1127 4050 und
1153 4000 1195 4049 das
1214 4000 1368 4048 (illector-inm
1416 4062 1420 4070 Ι

103 4095 233 4143 sarsinaten
254 4107 330 4149 mnes,
349 4083 377 4138 tle
398 4088 556 4138 unterdessen
575 4087 613 4137 die
631 4088 738 4137 Stunden
758 4088 780 4136 in
800 4087 844 4136 dor
861 4087 946 4136 llirche
964 4085 1073 4150 gehalten
1092 4083 1195 4132 warsten.
1232 4083 1281 4132 llnd
1301 4097 1368 4131 wonn

105 4177 138 4226 die
156 4177 264 4237 liturgic
288 4189 331 4222 ron
358 4175 434 4222 einern
454 4174 566 4222 ltischole
585 4172 712 4222 verriclrtet
729 4171 797 4231 wire,
821 4171 864 4222 der
882 4169 981 4220 darinne
999 4172 1068 4218 einen
1088 4167 1177 4228 l'orzug
1196 4167 1244 4224 nai,
1269 4165 1370 4215 dassen

106 4263 167 4310 stine
185 4259 371 4326 priesterlichen
389 4258 487 4307 llleider
505 4260 587 4308 mitten
606 4258 629 4305 in
648 4255 789 4306 dorlitone
807 4255 910 4315 adleget,
929 4271 956 4302 so
975 4257 1028 4304 that
1045 4267 1071 4302 er
1089 4267 1114 4301 es
1132 4265 1160 4300 au
1179 4253 1239 4298 eben
1258 4249 1369 4300 derZett.

105 4343 147 4394 tol
162 4345 248 4395 calche
265 4341 346 4392 Weiss
363 4343 416 4392 sind
436 4341 487 4392 drei
506 4343 674 4392 verschiedene
693 4341 797 4397 llienste,
816 4341 854 4387 die
872 4342 914 4388 ant
930 4337 1016 4386 einmnl
1036 4337 1161 4386 verrieotet
1179 4335 1288 4396 werden;
1307 4335 1368 4384 deon

105 4429 145 4478 der
163 4430 240 4492 Pomp
264 4429 312 4477 nod
339 4429 377 4475 die
396 4427 538 4476 ceremonie
560 4425 606 4474 und
631 4425 670 4473 die
694 4424 878 4473 verschiedenen
904 4424 997 4472 lleinen
1017 4419 1114 4474 Gehete.
1138 4420 1186 4468 und
1214 4419 1252 4468 dia
1278 4421 1369 4468 andern

107 4515 200 4572 debete,
220 4512 312 4560 welche
329 4513 373 4560 der
390 4511 489 4560 Biechcl
505 4511 591 4566 solbet,
609 4509 656 4557 und
676 4507 714 4557 die
733 4507 839 4566 diaconi,
858 4509 927 4556 nebst
945 4507 989 4556 den
1009 4505 1139 4560 Persooen,
1164 4505 1202 4552 die
1220 4503 1260 4552 ilin
1279 4505 1369 4566 beelei-

107 4605 151 4655 ten,
175 4613 215 4646 nm
242 4597 291 4644 ihm
316 4611 383 4644 aeine
402 4595 498 4644 llleider
522 4609 549 4644 nn
575 4594 674 4653 bringrn
699 4590 747 4641 nnd
766 4591 905 4653 ananlegeu,
928 4606 956 4640 zu
975 4603 1048 4652 sagea
1066 4587 1169 4652 pusaeo,
1193 4589 1287 4639 konnen
1307 4591 1371 4638 nicht

109 4681 265 4742 cneigentliclr
282 4682 322 4730 ein
340 4679 489 4730 besonderer
506 4677 589 4726 Dienst
606 4684 725 4740 penennet
741 4675 864 4726 werden.“
1135 4752 1150 4803 ²

135 4765 167 4810 tr.
1153 4755 1167 4804 5
