<?xml version="1.0" encoding="UTF-8"?>
<!DOCTYPE html PUBLIC "-//W3C//DTD XHTML 1.0 Transitional//EN"
    "http://www.w3.org/TR/xhtml1/DTD/xhtml1-transitional.dtd">
<html xmlns="http://www.w3.org/1999/xhtml" xml:lang="en" lang="en">
 <head>
  <title>
</title>
<meta http-equiv="Content-Type" content="text/html;charset=utf-8" />
  <meta name='ocr-system' content='tesseract 3.04.00' />
  <meta name='ocr-capabilities' content='ocr_page ocr_carea ocr_par ocr_line ocrx_word'/>
</head>
<body>
  <div class='ocr_page' id='page_1' title='image "./codexliturgicus04danigoog/codexliturgicus04danigoog_0375.png"; bbox 0 0 3314 5304; ppageno 0'>
   <div class='ocr_carea' id='block_1_1' title="bbox 836 427 974 502">
    <p class='ocr_par' dir='ltr' id='par_1_1' title="bbox 836 427 974 502">
     <span class='ocr_line' id='line_1_1' title="bbox 836 427 974 502; baseline -0.007 0"><span class='ocrx_word' id='word_1_1' title='bbox 836 447 837 456; x_wconf 76' lang='grc'>’</span> <span class='ocrx_word' id='word_1_2' title='bbox 900 427 974 502; x_wconf 78' lang='lat'><strong><em>352</em></strong></span> 
     </span>
    </p>
   </div>
   <div class='ocr_carea' id='block_1_2' title="bbox 290 608 1648 1142">
    <p class='ocr_par' dir='ltr' id='par_1_2' title="bbox 293 608 1648 928">
     <span class='ocr_line' id='line_1_2' title="bbox 293 608 1556 752; baseline 0.007 -65.094"><span class='ocrx_word' id='word_1_3' title='bbox 293 608 339 688; x_wconf 85' lang='lat'><strong><em>‘0</em></strong></span> <span class='ocrx_word' id='word_1_4' title='bbox 374 610 461 696; x_wconf 77' lang='grc' dir='ltr'><strong><em>θεὸς</em></strong></span> <span class='ocrx_word' id='word_1_5' title='bbox 497 608 676 709; x_wconf 77' lang='grc' dir='ltr'><strong><em>ἱλάσθητί</em></strong></span> <span class='ocrx_word' id='word_1_6' title='bbox 714 636 779 708; x_wconf 85' lang='grc' dir='ltr'><strong><em>μοι</em></strong></span> <span class='ocrx_word' id='word_1_7' title='bbox 810 618 865 709; x_wconf 81' lang='grc' dir='ltr'><strong><em>τῷ</em></strong></span> <span class='ocrx_word' id='word_1_8' title='bbox 899 609 1131 752; x_wconf 82' lang='grc' dir='ltr'><strong><em>ἁμαρτωλῷ,</em></strong></span> <span class='ocrx_word' id='word_1_9' title='bbox 1165 627 1257 716; x_wconf 82' lang='grc' dir='ltr'><strong><em>λέγει</em></strong></span> <span class='ocrx_word' id='word_1_10' title='bbox 1281 626 1370 717; x_wconf 83' lang='grc' dir='ltr'><strong><em>πρὸς</em></strong></span> <span class='ocrx_word' id='word_1_11' title='bbox 1393 627 1450 697; x_wconf 84' lang='grc' dir='ltr'><strong><em>τὸν</em></strong></span> <span class='ocrx_word' id='word_1_12' title='bbox 1470 625 1556 716; x_wconf 80' lang='grc' dir='ltr'><strong><em>ίερέο,</em></strong></span> 
     </span>
     <span class='ocr_line' id='line_1_3' title="bbox 290 712 1556 822; baseline 0.006 -32.057"><span class='ocrx_word' id='word_1_13' title='bbox 290 712 453 810; x_wconf 81' lang='grc' dir='ltr'><strong><em>Ἕπορον</em></strong></span> <span class='ocrx_word' id='word_1_14' title='bbox 478 712 651 788; x_wconf 68' lang='grc' dir='ltr'><strong><em>δέσποτα</em></strong></span> <span class='ocrx_word' id='word_1_15' title='bbox 701 723 819 797; x_wconf 74' lang='lat'>166‘</span> <span class='ocrx_word' id='word_1_16' title='bbox 801 753 820 796; x_wconf 93' lang='grc' dir='ltr'><strong><em>ο</em></strong></span> <span class='ocrx_word' id='word_1_17' title='bbox 850 724 957 818; x_wconf 82' lang='grc' dir='ltr'><strong><em>ίερεδς</em></strong></span> <span class='ocrx_word' id='word_1_18' title='bbox 985 723 1130 820; x_wconf 72' lang='grc' dir='ltr'><strong><em>άρας“</em></strong></span> <span class='ocrx_word' id='word_1_19' title='bbox 1096 753 1154 798; x_wconf 89' lang='grc' dir='ltr'><strong><em>τον</em></strong></span> <span class='ocrx_word' id='word_1_20' title='bbox 1187 726 1285 820; x_wconf 82' lang='grc' dir='ltr'><strong><em>άίρα,</em></strong></span> <span class='ocrx_word' id='word_1_21' title='bbox 1319 728 1491 822; x_wconf 76' lang='grc' dir='ltr'><strong><em>ἐπιτίθησι</em></strong></span> <span class='ocrx_word' id='word_1_22' title='bbox 1517 737 1556 822; x_wconf 79' lang='grc' dir='ltr'><strong><em>τῷ</em></strong></span> 
     </span>
     <span class='ocr_line' id='line_1_4' title="bbox 299 821 1648 928; baseline 0.005 -31"><span class='ocrx_word' id='word_1_23' title='bbox 299 821 512 918; x_wconf 79' lang='grc' dir='ltr'><strong><em>άριστερῷ”</em></strong></span> <span class='ocrx_word' id='word_1_24' title='bbox 485 853 565 919; x_wconf 83' lang='grc' dir='ltr'><strong><em>ωμῳ</em></strong></span> <span class='ocrx_word' id='word_1_25' title='bbox 589 824 691 896; x_wconf 83' lang='grc' dir='ltr'><strong><em>αότοῠ</em></strong></span> <span class='ocrx_word' id='word_1_26' title='bbox 712 826 826 918; x_wconf 82' lang='grc' dir='ltr'><strong><em>λόγων.</em></strong></span> <span class='ocrx_word' id='word_1_27' title='bbox 1647 913 1648 928; x_wconf 20' lang='grc' dir='ltr'><strong><em>ρ</em></strong></span> 
     </span>
    </p>

    <p class='ocr_par' dir='ltr' id='par_1_3' title="bbox 298 930 1648 1142">
     <span class='ocr_line' id='line_1_5' title="bbox 374 930 1648 1039; baseline 0.005 -33.047"><span class='ocrx_word' id='word_1_28' title='bbox 374 930 555 1033; x_wconf 81' lang='grc' dir='ltr'><strong><em>Ἐπάρατε</em></strong></span> <span class='ocrx_word' id='word_1_29' title='bbox 581 931 649 1017; x_wconf 86' lang='grc' dir='ltr'><strong><em>τάς</em></strong></span> <span class='ocrx_word' id='word_1_30' title='bbox 668 937 797 1031; x_wconf 80' lang='grc' dir='ltr'><strong><em>χεῖρας</em></strong></span> <span class='ocrx_word' id='word_1_31' title='bbox 820 931 931 1031; x_wconf 77' lang='grc' dir='ltr'><strong><em>ἡμῶν</em></strong></span> <span class='ocrx_word' id='word_1_32' title='bbox 955 938 1006 1018; x_wconf 83' lang='lat'><strong><em>69</em></strong></span> <span class='ocrx_word' id='word_1_33' title='bbox 1029 932 1078 1008; x_wconf 84' lang='grc' dir='ltr'><strong><em>τά</em></strong></span> <span class='ocrx_word' id='word_1_34' title='bbox 1105 933 1206 1036; x_wconf 81' lang='grc' dir='ltr'><strong><em>ἅγια,</em></strong></span> <span class='ocrx_word' id='word_1_35' title='bbox 1232 935 1296 1011; x_wconf 83' lang='grc' dir='ltr'><strong><em>καί</em></strong></span> <span class='ocrx_word' id='word_1_36' title='bbox 1313 935 1487 1039; x_wconf 71' lang='grc' dir='ltr'><em>εὐλογεῖτε</em></span> <span class='ocrx_word' id='word_1_37' title='bbox 1502 937 1560 1012; x_wconf 85' lang='grc' dir='ltr'><strong><em>τὸν</em></strong></span> <span class='ocrx_word' id='word_1_38' title='bbox 1647 957 1648 960; x_wconf 75' lang='grc'>’</span> 
     </span>
     <span class='ocr_line' id='line_1_6' title="bbox 298 1033 1648 1142; baseline 0.01 -33"><span class='ocrx_word' id='word_1_39' title='bbox 298 1033 452 1134; x_wconf 78' lang='grc' dir='ltr'><strong><em>Κύριον.</em></strong></span> <span class='ocrx_word' id='word_1_40' title='bbox 498 1041 584 1118; x_wconf 85' lang='grc' dir='ltr'><strong><em>Εἶτα</em></strong></span> <span class='ocrx_word' id='word_1_41' title='bbox 604 1048 662 1119; x_wconf 86' lang='grc' dir='ltr'><strong><em>τόν</em></strong></span> <span class='ocrx_word' id='word_1_42' title='bbox 684 1046 780 1138; x_wconf 84' lang='grc' dir='ltr'><strong><em>άγιον</em></strong></span> <span class='ocrx_word' id='word_1_43' title='bbox 801 1046 914 1118; x_wconf 90' lang='grc' dir='ltr'><strong><em>δίσκον</em></strong></span> <span class='ocrx_word' id='word_1_44' title='bbox 935 1049 1056 1136; x_wconf 79' lang='grc' dir='ltr'><strong><em>λαβὼν,</em></strong></span> <span class='ocrx_word' id='word_1_45' title='bbox 1080 1047 1258 1138; x_wconf 77' lang='grc' dir='ltr'><strong><em>ἐπιβάλλει</em></strong></span> <span class='ocrx_word' id='word_1_46' title='bbox 1278 1057 1319 1142; x_wconf 85' lang='grc' dir='ltr'><strong><em>τῇ</em></strong></span> <span class='ocrx_word' id='word_1_47' title='bbox 1339 1058 1399 1122; x_wconf 81' lang='grc' dir='ltr'><strong><em>τοῦ</em></strong></span> <span class='ocrx_word' id='word_1_48' title='bbox 1421 1049 1559 1122; x_wconf 80' lang='grc' dir='ltr'><strong><em>διακόνου</em></strong></span> <span class='ocrx_word' id='word_1_49' title='bbox 1647 1045 1648 1094; x_wconf 49' lang='lat'>3</span> 
     </span>
    </p>
   </div>
   <div class='ocr_carea' id='block_1_3' title="bbox 298 1143 1648 1346">
    <p class='ocr_par' dir='ltr' id='par_1_4' title="bbox 298 1143 1648 1346">
     <span class='ocr_line' id='line_1_7' title="bbox 298 1143 1561 1278; baseline 0.002 -58"><span class='ocrx_word' id='word_1_50' title='bbox 298 1152 437 1276; x_wconf 83' lang='grc' dir='ltr'><strong><em>κεφαλῆ,</em></strong></span> <span class='ocrx_word' id='word_1_51' title='bbox 468 1148 553 1236; x_wconf 85' lang='grc' dir='ltr'><strong><em>μετὰ</em></strong></span> <span class='ocrx_word' id='word_1_52' title='bbox 585 1143 698 1241; x_wconf 85' lang='grc' dir='ltr'><strong><em>πάσης</em></strong></span> <span class='ocrx_word' id='word_1_53' title='bbox 718 1157 884 1240; x_wconf 87' lang='grc' dir='ltr'><strong><em>προςοχῆς</em></strong></span> <span class='ocrx_word' id='word_1_54' title='bbox 904 1176 962 1220; x_wconf 90' lang='grc' dir='ltr'><strong><em>και</em></strong></span> <span class='ocrx_word' id='word_1_55' title='bbox 952 1147 1207 1238; x_wconf 72' lang='lat'>⁸66666669&#39;‘</span> <span class='ocrx_word' id='word_1_56' title='bbox 1183 1177 1266 1236; x_wconf 85' lang='grc' dir='ltr'><strong><em>εχων</em></strong></span> <span class='ocrx_word' id='word_1_57' title='bbox 1288 1149 1359 1278; x_wconf 75' lang='grc' dir='ltr'><strong><em>ἅμα</em></strong></span> <span class='ocrx_word' id='word_1_58' title='bbox 1380 1151 1400 1223; x_wconf 91' lang='lat'><strong><em>6</em></strong></span> <span class='ocrx_word' id='word_1_59' title='bbox 1423 1151 1561 1236; x_wconf 83' lang='grc' dir='ltr'><strong><em>διάκονος</em></strong></span> 
     </span>
     <span class='ocr_line' id='line_1_8' title="bbox 298 1248 1648 1346; baseline -0.001 -24"><span class='ocrx_word' id='word_1_60' title='bbox 298 1251 356 1322; x_wconf 89' lang='grc' dir='ltr'><strong><em>καί</em></strong></span> <span class='ocrx_word' id='word_1_61' title='bbox 382 1251 440 1321; x_wconf 86' lang='grc' dir='ltr'><strong><em>τόν</em></strong></span> <span class='ocrx_word' id='word_1_62' title='bbox 465 1251 635 1338; x_wconf 74' lang='grc' dir='ltr'><strong><em>δυμιατόν</em></strong></span> <span class='ocrx_word' id='word_1_63' title='bbox 663 1248 713 1320; x_wconf 78' lang='grc' dir='ltr'><strong><em>ἑνί</em></strong></span> <span class='ocrx_word' id='word_1_64' title='bbox 732 1257 798 1319; x_wconf 83' lang='grc' dir='ltr'><strong><em>τῶν</em></strong></span> <span class='ocrx_word' id='word_1_65' title='bbox 821 1249 999 1320; x_wconf 88' lang='grc' dir='ltr'><strong><em>δακτύλων.</em></strong></span> <span class='ocrx_word' id='word_1_66' title='bbox 1042 1249 1159 1332; x_wconf 86' lang='grc' dir='ltr'><strong><em>Αότὸς</em></strong></span> <span class='ocrx_word' id='word_1_67' title='bbox 1181 1251 1279 1322; x_wconf 69' lang='lat'>‹10³6›</span> <span class='ocrx_word' id='word_1_68' title='bbox 1300 1251 1396 1344; x_wconf 84' lang='grc' dir='ltr'><strong><em>δίγων</em></strong></span> <span class='ocrx_word' id='word_1_69' title='bbox 1416 1253 1563 1346; x_wconf 79' lang='grc' dir='ltr'><strong><em>ποτῆρων</em></strong></span> <span class='ocrx_word' id='word_1_70' title='bbox 1647 1311 1648 1320; x_wconf 73' lang='grc'><strong><em>,</em></strong></span> 
     </span>
    </p>
   </div>
   <div class='ocr_carea' id='block_1_4' title="bbox 299 1351 1564 1448">
    <p class='ocr_par' dir='ltr' id='par_1_5' title="bbox 299 1351 1564 1448">
     <span class='ocr_line' id='line_1_9' title="bbox 299 1351 1564 1448; baseline 0.002 -25"><span class='ocrx_word' id='word_1_71' title='bbox 299 1351 364 1423; x_wconf 88' lang='grc' dir='ltr'><strong><em>άνόι</em></strong></span> <span class='ocrx_word' id='word_1_72' title='bbox 387 1357 502 1443; x_wconf 83' lang='grc' dir='ltr'><strong><em>χεῖρας</em></strong></span> <span class='ocrx_word' id='word_1_73' title='bbox 527 1353 649 1439; x_wconf 81' lang='grc' dir='ltr'><strong><em>λαβὼν,</em></strong></span> <span class='ocrx_word' id='word_1_74' title='bbox 677 1351 866 1440; x_wconf 78' lang='grc' dir='ltr'><strong><em>ἐξέρχονται</em></strong></span> <span class='ocrx_word' id='word_1_75' title='bbox 888 1353 946 1422; x_wconf 85' lang='grc' dir='ltr'><strong><em>διὰ</em></strong></span> <span class='ocrx_word' id='word_1_76' title='bbox 967 1362 1027 1424; x_wconf 82' lang='grc' dir='ltr'><strong><em>τοῦ</em></strong></span> <span class='ocrx_word' id='word_1_77' title='bbox 1047 1351 1183 1444; x_wconf 75' lang='grc' dir='ltr'><strong><em>βορείου</em></strong></span> <span class='ocrx_word' id='word_1_78' title='bbox 1203 1353 1335 1444; x_wconf 81' lang='grc' dir='ltr'><strong><em>μέρους,</em></strong></span> <span class='ocrx_word' id='word_1_79' title='bbox 1363 1381 1564 1448; x_wconf 87' lang='grc' dir='ltr'><strong><em>προπορευο-</em></strong></span> 
     </span>
    </p>
   </div>
   <div class='ocr_carea' id='block_1_5' title="bbox 184 1450 1561 1547">
    <p class='ocr_par' dir='ltr' id='par_1_6' title="bbox 184 1450 1561 1547">
     <span class='ocr_line' id='line_1_10' title="bbox 184 1450 1561 1547; baseline 0.003 -22"><span class='ocrx_word' id='word_1_80' title='bbox 184 1535 189 1538; x_wconf 48' lang='grc'><strong><em>,</em></strong></span> <span class='ocrx_word' id='word_1_81' title='bbox 297 1455 406 1542; x_wconf 84' lang='grc' dir='ltr'><strong><em>μόνων</em></strong></span> <span class='ocrx_word' id='word_1_82' title='bbox 428 1450 537 1522; x_wconf 79' lang='grc' dir='ltr'><strong><em>αὐτῶν</em></strong></span> <span class='ocrx_word' id='word_1_83' title='bbox 557 1451 755 1539; x_wconf 80' lang='grc' dir='ltr'><strong><em>λαμπάδων.</em></strong></span> <span class='ocrx_word' id='word_1_84' title='bbox 783 1454 855 1524; x_wconf 83' lang='grc' dir='ltr'><strong><em>Καί</em></strong></span> <span class='ocrx_word' id='word_1_85' title='bbox 876 1455 1109 1547; x_wconf 75' lang='grc' dir='ltr'><strong><em>περιέρχονται</em></strong></span> <span class='ocrx_word' id='word_1_86' title='bbox 1125 1455 1183 1525; x_wconf 88' lang='grc' dir='ltr'><strong><em>τόν</em></strong></span> <span class='ocrx_word' id='word_1_87' title='bbox 1197 1457 1286 1540; x_wconf 89' lang='grc' dir='ltr'><strong><em>ναὸν,</em></strong></span> <span class='ocrx_word' id='word_1_88' title='bbox 1309 1453 1478 1546; x_wconf 76' lang='grc' dir='ltr'><strong><em>εὐχόμενοι</em></strong></span> <span class='ocrx_word' id='word_1_89' title='bbox 1490 1457 1561 1529; x_wconf 82' lang='grc' dir='ltr'><strong><em>ταδ’</em></strong></span> 
     </span>
    </p>
   </div>
   <div class='ocr_carea' id='block_1_6' title="bbox 300 1552 708 1644">
    <p class='ocr_par' dir='ltr' id='par_1_7' title="bbox 300 1552 708 1644">
     <span class='ocr_line' id='line_1_11' title="bbox 300 1552 708 1644; baseline 0 -20"><span class='ocrx_word' id='word_1_90' title='bbox 300 1552 450 1636; x_wconf 79' lang='grc' dir='ltr'><strong><em>ἑαυτοὺς,</em></strong></span> <span class='ocrx_word' id='word_1_91' title='bbox 470 1580 529 1624; x_wconf 90' lang='grc' dir='ltr'><strong><em>και</em></strong></span> <span class='ocrx_word' id='word_1_92' title='bbox 519 1553 708 1644; x_wconf 66' lang='grc' dir='ltr'><strong><em>’λέγοντες</em></strong></span> 
     </span>
    </p>
   </div>
   <div class='ocr_carea' id='block_1_7' title="bbox 301 1657 1648 1852">
    <p class='ocr_par' dir='ltr' id='par_1_8' title="bbox 301 1657 1648 1852">
     <span class='ocr_line' id='line_1_12' title="bbox 383 1657 1648 1790; baseline 0.004 -56"><span class='ocrx_word' id='word_1_93' title='bbox 383 1657 607 1736; x_wconf 80' lang='grc' dir='ltr'><strong><em>Πάντων</em></strong></span> <span class='ocrx_word' id='word_1_94' title='bbox 585 1667 695 1756; x_wconf 75' lang='grc' dir='ltr'><strong><em>ημῶν</em></strong></span> <span class='ocrx_word' id='word_1_95' title='bbox 725 1659 913 1788; x_wconf 78' lang='grc' dir='ltr'><strong><em>μνησθείη</em></strong></span> <span class='ocrx_word' id='word_1_96' title='bbox 938 1657 1122 1759; x_wconf 72' lang='lat' dir='ltr'>K66109‘</span> <span class='ocrx_word' id='word_1_97' title='bbox 1103 1691 1123 1790; x_wconf 84' lang='grc' dir='ltr'><strong><em>ρ</em></strong></span> <span class='ocrx_word' id='word_1_98' title='bbox 1154 1662 1281 1746; x_wconf 83' lang='grc' dir='ltr'><strong><em>θεὸςέ</em></strong></span> <span class='ocrx_word' id='word_1_99' title='bbox 1284 1691 1307 1737; x_wconf 91' lang='grc' dir='ltr'><strong><em>ν</em></strong></span> <span class='ocrx_word' id='word_1_100' title='bbox 1331 1671 1377 1789; x_wconf 77' lang='grc' dir='ltr'><strong><em>τῆ</em></strong></span> <span class='ocrx_word' id='word_1_101' title='bbox 1403 1662 1563 1762; x_wconf 76' lang='grc' dir='ltr'><strong><em>βασιλείᾳ</em></strong></span> <span class='ocrx_word' id='word_1_102' title='bbox 1647 1689 1648 1766; x_wconf 55' lang='lat' dir='ltr'>j</span> 
     </span>
     <span class='ocr_line' id='line_1_13' title="bbox 301 1760 1648 1852; baseline 0.005 -17"><span class='ocrx_word' id='word_1_103' title='bbox 301 1761 433 1850; x_wconf 85' lang='grc' dir='ltr'><strong><em>αὐτοῦ,</em></strong></span> <span class='ocrx_word' id='word_1_104' title='bbox 452 1761 625 1852; x_wconf 82' lang='grc' dir='ltr'><strong><em>πάντοτε,</em></strong></span> <span class='ocrx_word' id='word_1_105' title='bbox 647 1769 721 1838; x_wconf 86' lang='grc' dir='ltr'><strong><em>νῦν</em></strong></span> <span class='ocrx_word' id='word_1_106' title='bbox 737 1760 803 1836; x_wconf 79' lang='grc' dir='ltr'><strong><em>καὶ</em></strong></span> <span class='ocrx_word' id='word_1_107' title='bbox 820 1761 890 1850; x_wconf 86' lang='grc' dir='ltr'><strong><em>ἀεὶ,</em></strong></span> <span class='ocrx_word' id='word_1_108' title='bbox 908 1791 980 1846; x_wconf 89' lang='grc' dir='ltr'><strong><em>και</em></strong></span> <span class='ocrx_word' id='word_1_109' title='bbox 959 1761 1039 1846; x_wconf 80' lang='lat'><strong><em>⁸69</em></strong></span> <span class='ocrx_word' id='word_1_110' title='bbox 1056 1761 1143 1848; x_wconf 78' lang='grc' dir='ltr'><strong><em>τοὺς</em></strong></span> <span class='ocrx_word' id='word_1_111' title='bbox 1159 1768 1301 1848; x_wconf 82' lang='grc' dir='ltr'><strong><em>αλιδνας</em></strong></span> <span class='ocrx_word' id='word_1_112' title='bbox 1315 1773 1396 1839; x_wconf 82' lang='grc' dir='ltr'><strong><em>τῶν</em></strong></span> <span class='ocrx_word' id='word_1_113' title='bbox 1414 1763 1563 1842; x_wconf 85' lang='grc' dir='ltr'><strong><em>αίοίνων.</em></strong></span> <span class='ocrx_word' id='word_1_114' title='bbox 1647 1787 1648 1800; x_wconf 73' lang='grc'>’</span> 
     </span>
    </p>
   </div>
   <div class='ocr_carea' id='block_1_8' title="bbox 298 1869 1648 2390">
    <p class='ocr_par' dir='ltr' id='par_1_9' title="bbox 298 1869 1648 2161">
     <span class='ocr_line' id='line_1_14' title="bbox 298 1869 1648 1974; baseline 0.003 -28"><span class='ocrx_word' id='word_1_115' title='bbox 298 1875 472 1959; x_wconf 74' lang='grc' dir='ltr'><strong><em>Είςελδών</em></strong></span> <span class='ocrx_word' id='word_1_116' title='bbox 499 1876 538 1947; x_wconf 84' lang='lat'><strong><em>66</em></strong></span> <span class='ocrx_word' id='word_1_117' title='bbox 564 1873 583 1944; x_wconf 88' lang='lat'><strong><em>6</em></strong></span> <span class='ocrx_word' id='word_1_118' title='bbox 613 1874 767 1958; x_wconf 82' lang='grc' dir='ltr'><strong><em>διάκονος</em></strong></span> <span class='ocrx_word' id='word_1_119' title='bbox 794 1875 889 1947; x_wconf 83' lang='grc' dir='ltr'><strong><em>ε’νδσν</em></strong></span> <span class='ocrx_word' id='word_1_120' title='bbox 917 1885 983 1945; x_wconf 85' lang='grc' dir='ltr'><strong><em>τῶν</em></strong></span> <span class='ocrx_word' id='word_1_121' title='bbox 1010 1875 1112 1967; x_wconf 84' lang='grc' dir='ltr'><strong><em>άγίων</em></strong></span> <span class='ocrx_word' id='word_1_122' title='bbox 1139 1885 1263 1974; x_wconf 72' lang='grc' dir='ltr'><strong><em>δορρλν,</em></strong></span> <span class='ocrx_word' id='word_1_123' title='bbox 1290 1881 1428 1949; x_wconf 80' lang='grc' dir='ltr'><strong><em>ἵσταται</em></strong></span> <span class='ocrx_word' id='word_1_124' title='bbox 1448 1880 1482 1950; x_wconf 86' lang='grc' dir='ltr'><strong><em>ἐν</em></strong></span> <span class='ocrx_word' id='word_1_125' title='bbox 1501 1886 1566 1961; x_wconf 79' lang='grc' dir='ltr'><strong><em>τοῖς</em></strong></span> <span class='ocrx_word' id='word_1_126' title='bbox 1647 1869 1648 1936; x_wconf 52' lang='lat'>⁸</span> 
     </span>
     <span class='ocr_line' id='line_1_15' title="bbox 300 1957 1565 2070; baseline 0.001 -21"><span class='ocrx_word' id='word_1_127' title='bbox 300 1981 433 2064; x_wconf 84' lang='grc' dir='ltr'><strong><em>δεξιοῖς.</em></strong></span> <span class='ocrx_word' id='word_1_128' title='bbox 475 1977 547 2047; x_wconf 84' lang='grc' dir='ltr'><strong><em>Καί</em></strong></span> <span class='ocrx_word' id='word_1_129' title='bbox 570 1976 751 2064; x_wconf 81' lang='grc' dir='ltr'><strong><em>μέλλοντος</em></strong></span> <span class='ocrx_word' id='word_1_130' title='bbox 776 1983 836 2046; x_wconf 83' lang='grc' dir='ltr'><strong><em>τοῦ</em></strong></span> <span class='ocrx_word' id='word_1_131' title='bbox 864 1976 979 2069; x_wconf 85' lang='grc' dir='ltr'><strong><em>ίερέως</em></strong></span> <span class='ocrx_word' id='word_1_132' title='bbox 1007 1978 1180 2064; x_wconf 79' lang='grc' dir='ltr'><strong><em>εἰςελδεῖν,</em></strong></span> <span class='ocrx_word' id='word_1_133' title='bbox 1210 1957 1300 2069; x_wconf 78' lang='grc' dir='ltr'><strong><em>λέγει</em></strong></span> <span class='ocrx_word' id='word_1_134' title='bbox 1325 1981 1414 2070; x_wconf 84' lang='grc' dir='ltr'><strong><em>πρὸς</em></strong></span> <span class='ocrx_word' id='word_1_135' title='bbox 1435 1979 1529 2052; x_wconf 80' lang='grc' dir='ltr'><strong><em>αὐτόν</em></strong></span> <span class='ocrx_word' id='word_1_136' title='bbox 1549 1978 1565 2050; x_wconf 89' lang='lat'><strong><em>6</em></strong></span> 
     </span>
     <span class='ocr_line' id='line_1_16' title="bbox 300 2079 466 2161; baseline 0 -11"><span class='ocrx_word' id='word_1_137' title='bbox 300 2079 466 2161; x_wconf 85' lang='grc' dir='ltr'><strong><em>διάκονος.</em></strong></span> 
     </span>
    </p>

    <p class='ocr_par' dir='ltr' id='par_1_10' title="bbox 301 2179 1648 2390">
     <span class='ocr_line' id='line_1_17' title="bbox 384 2179 1648 2288; baseline 0.001 -29"><span class='ocrx_word' id='word_1_138' title='bbox 384 2182 589 2281; x_wconf 78' lang='grc' dir='ltr'><strong><em>Μνησθείη</em></strong></span> <span class='ocrx_word' id='word_1_139' title='bbox 615 2179 797 2282; x_wconf 71' lang='lat' dir='ltr'>K6Qto9‘</span> <span class='ocrx_word' id='word_1_140' title='bbox 779 2214 799 2258; x_wconf 95' lang='grc' dir='ltr'><strong><em>σ</em></strong></span> <span class='ocrx_word' id='word_1_141' title='bbox 828 2181 916 2268; x_wconf 80' lang='grc' dir='ltr'><strong><em>Θεὸς</em></strong></span> <span class='ocrx_word' id='word_1_142' title='bbox 948 2192 1012 2281; x_wconf 86' lang='grc' dir='ltr'><strong><em>τῆς</em></strong></span> <span class='ocrx_word' id='word_1_143' title='bbox 1043 2182 1245 2285; x_wconf 78' lang='grc' dir='ltr'><strong><em>ἱερωσύνης</em></strong></span> <span class='ocrx_word' id='word_1_144' title='bbox 1270 2210 1339 2262; x_wconf 89' lang='grc' dir='ltr'><strong><em>σοο</em></strong></span> <span class='ocrx_word' id='word_1_145' title='bbox 1365 2189 1407 2262; x_wconf 79' lang='grc' dir='ltr'><strong><em>ἐν</em></strong></span> <span class='ocrx_word' id='word_1_146' title='bbox 1433 2197 1477 2286; x_wconf 83' lang='grc' dir='ltr'><strong><em>τῆ</em></strong></span> <span class='ocrx_word' id='word_1_147' title='bbox 1501 2189 1569 2288; x_wconf 78' lang='grc' dir='ltr'><strong><em>βα·</em></strong></span> <span class='ocrx_word' id='word_1_148' title='bbox 1647 2251 1648 2260; x_wconf 73' lang='grc'><strong><em>,</em></strong></span> 
     </span>
     <span class='ocr_line' id='line_1_18' title="bbox 301 2286 1089 2390; baseline 0.009 -29"><span class='ocrx_word' id='word_1_149' title='bbox 301 2286 416 2384; x_wconf 86' lang='grc' dir='ltr'><strong><em>σιλείρι</em></strong></span> <span class='ocrx_word' id='word_1_150' title='bbox 443 2287 571 2362; x_wconf 81' lang='grc' dir='ltr'><strong><em>αὐτοῦ</em></strong></span> <span class='ocrx_word' id='word_1_151' title='bbox 609 2300 681 2369; x_wconf 83' lang='grc' dir='ltr'><strong><em>Καί</em></strong></span> <span class='ocrx_word' id='word_1_152' title='bbox 702 2297 754 2368; x_wconf 86' lang='lat'><strong><em>6⁸</em></strong></span> <span class='ocrx_word' id='word_1_153' title='bbox 744 2302 850 2387; x_wconf 80' lang='grc' dir='ltr'><strong><em>ιερεδς</em></strong></span> <span class='ocrx_word' id='word_1_154' title='bbox 870 2300 957 2390; x_wconf 85' lang='grc' dir='ltr'><strong><em>πρὸς</em></strong></span> <span class='ocrx_word' id='word_1_155' title='bbox 980 2297 1089 2388; x_wconf 79' lang='grc' dir='ltr'><strong><em>αὐτόν.</em></strong></span> 
     </span>
    </p>
   </div>
   <div class='ocr_carea' id='block_1_9' title="bbox 298 2381 1648 2683">
    <p class='ocr_par' dir='ltr' id='par_1_11' title="bbox 298 2381 1648 2683">
     <span class='ocr_line' id='line_1_19' title="bbox 385 2381 1648 2538; baseline 0.003 -59"><span class='ocrx_word' id='word_1_156' title='bbox 385 2401 589 2501; x_wconf 76' lang='grc' dir='ltr'><strong><em>Μνησθείη</em></strong></span> <span class='ocrx_word' id='word_1_157' title='bbox 614 2401 804 2501; x_wconf 79' lang='lat' dir='ltr'>K6pto9⁸</span> <span class='ocrx_word' id='word_1_158' title='bbox 785 2434 805 2477; x_wconf 95' lang='grc' dir='ltr'><strong><em>σ</em></strong></span> <span class='ocrx_word' id='word_1_159' title='bbox 835 2403 923 2488; x_wconf 81' lang='grc' dir='ltr'><strong><em>Θεὸς</em></strong></span> <span class='ocrx_word' id='word_1_160' title='bbox 954 2412 1019 2502; x_wconf 85' lang='grc' dir='ltr'><strong><em>τῆς</em></strong></span> <span class='ocrx_word' id='word_1_161' title='bbox 1050 2381 1321 2534; x_wconf 84' lang='grc' dir='ltr'><strong><em>ίεροδιακσνίας</em></strong></span> <span class='ocrx_word' id='word_1_162' title='bbox 1354 2431 1425 2538; x_wconf 81' lang='grc' dir='ltr'><strong><em>σρυ</em></strong></span> <span class='ocrx_word' id='word_1_163' title='bbox 1457 2411 1497 2483; x_wconf 80' lang='grc' dir='ltr'><strong><em>ἐν</em></strong></span> <span class='ocrx_word' id='word_1_164' title='bbox 1526 2415 1566 2504; x_wconf 88' lang='grc' dir='ltr'><strong><em>τῆ</em></strong></span> <span class='ocrx_word' id='word_1_165' title='bbox 1647 2451 1648 2470; x_wconf 54' lang='lat'>1</span> 
     </span>
     <span class='ocr_line' id='line_1_20' title="bbox 298 2503 1568 2680; baseline 0.002 -98"><span class='ocrx_word' id='word_1_166' title='bbox 298 2505 474 2680; x_wconf 65' lang='grc' dir='ltr'><strong><em>βασιλεῆρ</em></strong></span> <span class='ocrx_word' id='word_1_167' title='bbox 503 2505 621 2581; x_wconf 85' lang='grc' dir='ltr'><strong><em>αὐτοῦ</em></strong></span> <span class='ocrx_word' id='word_1_168' title='bbox 653 2503 826 2595; x_wconf 83' lang='grc' dir='ltr'><strong><em>πάντοτε,</em></strong></span> <span class='ocrx_word' id='word_1_169' title='bbox 860 2513 934 2582; x_wconf 82' lang='grc' dir='ltr'><strong><em>νῦν</em></strong></span> <span class='ocrx_word' id='word_1_170' title='bbox 964 2506 1029 2582; x_wconf 84' lang='grc' dir='ltr'><strong><em>καὶ</em></strong></span> <span class='ocrx_word' id='word_1_171' title='bbox 1054 2506 1124 2595; x_wconf 85' lang='grc' dir='ltr'><strong><em>ἀεὶ,</em></strong></span> <span class='ocrx_word' id='word_1_172' title='bbox 1157 2507 1221 2582; x_wconf 84' lang='grc' dir='ltr'><strong><em>καί</em></strong></span> <span class='ocrx_word' id='word_1_173' title='bbox 1246 2513 1298 2593; x_wconf 78' lang='grc' dir='ltr'><strong><em>εἰς</em></strong></span> <span class='ocrx_word' id='word_1_174' title='bbox 1320 2507 1410 2594; x_wconf 77' lang='grc' dir='ltr'><strong><em>τοὺς</em></strong></span> <span class='ocrx_word' id='word_1_175' title='bbox 1436 2515 1568 2593; x_wconf 76' lang='grc' dir='ltr'><strong><em>αἰῶνος</em></strong></span> 
     </span>
     <span class='ocr_line' id='line_1_21' title="bbox 299 2634 566 2683; baseline 0 -1"><span class='ocrx_word' id='word_1_176' title='bbox 299 2635 378 2683; x_wconf 90' lang='grc' dir='ltr'><strong><em>των</em></strong></span> <span class='ocrx_word' id='word_1_177' title='bbox 404 2636 428 2681; x_wconf 91' lang='grc' dir='ltr'><strong><em>α</em></strong></span> <span class='ocrx_word' id='word_1_178' title='bbox 444 2634 566 2682; x_wconf 91' lang='grc' dir='ltr'><strong><em>ωνων.</em></strong></span> 
     </span>
    </p>
   </div>
   <div class='ocr_carea' id='block_1_10' title="bbox 298 2815 1571 3940">
    <p class='ocr_par' dir='ltr' id='par_1_12' title="bbox 298 2815 1571 3910">
     <span class='ocr_line' id='line_1_22' title="bbox 387 2815 1570 2900; baseline -0.002 -18"><span class='ocrx_word' id='word_1_179' title='bbox 387 2832 446 2895; x_wconf 72' lang='lat' dir='ltr'>Cup.</span> <span class='ocrx_word' id='word_1_180' title='bbox 463 2829 540 2882; x_wconf 70' lang='lat' dir='ltr'><strong>xxiv.</strong></span> <span class='ocrx_word' id='word_1_181' title='bbox 558 2829 622 2880; x_wconf 77' lang='lat' dir='ltr'>XXV.</span> <span class='ocrx_word' id='word_1_182' title='bbox 658 2829 741 2879; x_wconf 85' lang='lat' dir='ltr'><strong><em>P.-</em></strong></span> <span class='ocrx_word' id='word_1_183' title='bbox 708 2823 960 2894; x_wconf 74' lang='grc' dir='ltr'><strong><em>-προςελθόντσς</em></strong></span> <span class='ocrx_word' id='word_1_184' title='bbox 981 2815 1032 2881; x_wconf 77' lang='grc' dir='ltr'><strong><em>οὖν</em></strong></span> <span class='ocrx_word' id='word_1_185' title='bbox 1057 2829 1104 2881; x_wconf 84' lang='grc' dir='ltr'><strong><em>τοῦ</em></strong></span> <span class='ocrx_word' id='word_1_186' title='bbox 1126 2825 1259 2882; x_wconf 83' lang='grc' dir='ltr'><strong><em>διακόνου</em></strong></span> <span class='ocrx_word' id='word_1_187' title='bbox 1276 2829 1316 2888; x_wconf 85' lang='grc' dir='ltr'><strong><em>ελς</em></strong></span> <span class='ocrx_word' id='word_1_188' title='bbox 1332 2824 1362 2882; x_wconf 83' lang='grc' dir='ltr'><strong><em>τί</em></strong></span> <span class='ocrx_word' id='word_1_189' title='bbox 1377 2831 1455 2900; x_wconf 88' lang='grc' dir='ltr'><strong><em>βῆμα</em></strong></span> <span class='ocrx_word' id='word_1_190' title='bbox 1472 2833 1570 2899; x_wconf 78' lang='grc' dir='ltr'><strong><em>κατέχει</em></strong></span> 
     </span>
     <span class='ocr_line' id='line_1_23' title="bbox 299 2897 1570 2984; baseline -0.001 -18"><span class='ocrx_word' id='word_1_191' title='bbox 299 2907 349 2966; x_wconf 88' lang='grc' dir='ltr'><strong><em>τόν</em></strong></span> <span class='ocrx_word' id='word_1_192' title='bbox 365 2907 442 2982; x_wconf 88' lang='grc' dir='ltr'><strong><em>ίερόν</em></strong></span> <span class='ocrx_word' id='word_1_193' title='bbox 459 2909 556 2963; x_wconf 83' lang='grc' dir='ltr'><strong><em>δίσκον</em></strong></span> <span class='ocrx_word' id='word_1_194' title='bbox 573 2908 625 2970; x_wconf 79' lang='grc' dir='ltr'><strong><em>έπλ</em></strong></span> <span class='ocrx_word' id='word_1_195' title='bbox 637 2910 683 2973; x_wconf 82' lang='grc' dir='ltr'><strong><em>τῆς</em></strong></span> <span class='ocrx_word' id='word_1_196' title='bbox 699 2911 822 2980; x_wconf 81' lang='grc' dir='ltr'><strong><em>κεφαλῆς</em></strong></span> <span class='ocrx_word' id='word_1_197' title='bbox 838 2907 923 2964; x_wconf 80' lang='grc' dir='ltr'><strong><em>αὐτοῦ</em></strong></span> <span class='ocrx_word' id='word_1_198' title='bbox 940 2909 991 2971; x_wconf 76' lang='grc' dir='ltr'><strong><em>’ἕως</em></strong></span> <span class='ocrx_word' id='word_1_199' title='bbox 1008 2897 1041 2965; x_wconf 77' lang='grc' dir='ltr'><strong><em>οὗ</em></strong></span> <span class='ocrx_word' id='word_1_200' title='bbox 1059 2904 1111 2984; x_wconf 79' lang='grc' dir='ltr'><strong><em>άρη</em></strong></span> <span class='ocrx_word' id='word_1_201' title='bbox 1129 2907 1215 2966; x_wconf 77' lang='grc' dir='ltr'><strong><em>αὐτόν</em></strong></span> <span class='ocrx_word' id='word_1_202' title='bbox 1232 2931 1250 2966; x_wconf 92' lang='grc' dir='ltr'><strong><em>ο</em></strong></span> <span class='ocrx_word' id='word_1_203' title='bbox 1236 2907 1361 2983; x_wconf 72' lang='grc' dir='ltr'><strong><em>Ἱερεύς·</em></strong></span> <span class='ocrx_word' id='word_1_204' title='bbox 1379 2917 1516 2968; x_wconf 75' lang='grc' dir='ltr'><strong><em>τεθέντων</em></strong></span> <span class='ocrx_word' id='word_1_205' title='bbox 1525 2929 1570 2966; x_wconf 91' lang='grc' dir='ltr'><strong><em>ουν</em></strong></span> 
     </span>
     <span class='ocr_line' id='line_1_24' title="bbox 299 2990 1569 3066; baseline 0 -16"><span class='ocrx_word' id='word_1_206' title='bbox 299 2997 348 3050; x_wconf 88' lang='grc' dir='ltr'><strong><em>καλ</em></strong></span> <span class='ocrx_word' id='word_1_207' title='bbox 365 2996 436 3053; x_wconf 68' lang='lat' dir='ltr'><strong><em>uera</em></strong></span> <span class='ocrx_word' id='word_1_208' title='bbox 453 2998 500 3048; x_wconf 81' lang='grc' dir='ltr'><strong><em>τοῦ</em></strong></span> <span class='ocrx_word' id='word_1_209' title='bbox 515 2990 597 3064; x_wconf 86' lang='grc' dir='ltr'><strong><em>ιἰέρος</em></strong></span> <span class='ocrx_word' id='word_1_210' title='bbox 614 2997 844 3047; x_wconf 79' lang='grc' dir='ltr'><strong><em>σκεπασδένιων</em></strong></span> <span class='ocrx_word' id='word_1_211' title='bbox 841 2997 959 3064; x_wconf 74' lang='grc' dir='ltr'><strong><em>θυμιῶν</em></strong></span> <span class='ocrx_word' id='word_1_212' title='bbox 976 2993 1009 3047; x_wconf 87' lang='grc' dir='ltr'><strong><em>ιιλ</em></strong></span> <span class='ocrx_word' id='word_1_213' title='bbox 1026 2992 1125 3064; x_wconf 79' lang='grc' dir='ltr'><strong><em>δῶρα</em></strong></span> <span class='ocrx_word' id='word_1_214' title='bbox 1113 3014 1128 3050; x_wconf 93' lang='grc' dir='ltr'><strong><em>ο</em></strong></span> <span class='ocrx_word' id='word_1_215' title='bbox 1140 2992 1230 3066; x_wconf 82' lang='grc' dir='ltr'><strong><em>ίερεός</em></strong></span> <span class='ocrx_word' id='word_1_216' title='bbox 1241 2999 1329 3066; x_wconf 86' lang='grc' dir='ltr'><strong><em>λέγει·</em></strong></span> <span class='ocrx_word' id='word_1_217' title='bbox 1348 2990 1569 3066; x_wconf 74' lang='grc' dir='ltr'><strong><em>άγιίθυνον,1ίυ’·</em></strong></span> 
     </span>
     <span class='ocr_line' id='line_1_25' title="bbox 299 3073 1568 3154; baseline -0.002 -21"><span class='ocrx_word' id='word_1_218' title='bbox 299 3097 350 3154; x_wconf 88' lang='grc' dir='ltr'><strong><em>ριε,</em></strong></span> <span class='ocrx_word' id='word_1_219' title='bbox 368 3079 400 3133; x_wconf 82' lang='grc' dir='ltr'><strong><em>έν</em></strong></span> <span class='ocrx_word' id='word_1_220' title='bbox 416 3083 448 3154; x_wconf 87' lang='grc' dir='ltr'><strong><em>τῆ</em></strong></span> <span class='ocrx_word' id='word_1_221' title='bbox 464 3078 578 3147; x_wconf 74' lang='grc' dir='ltr'><strong><em>εὐδοκία</em></strong></span> <span class='ocrx_word' id='word_1_222' title='bbox 595 3093 647 3133; x_wconf 92' lang='grc' dir='ltr'><strong><em>σου</em></strong></span> <span class='ocrx_word' id='word_1_223' title='bbox 665 3075 714 3147; x_wconf 84' lang='grc' dir='ltr'><strong><em>τῆν</em></strong></span> <span class='ocrx_word' id='word_1_224' title='bbox 729 3073 816 3132; x_wconf 89' lang='grc' dir='ltr'><strong><em>Σιιόν.</em></strong></span> <span class='ocrx_word' id='word_1_225' title='bbox 851 3081 1041 3150; x_wconf 84' lang='grc' dir='ltr'><strong><em>Προςκυνοῦσι</em></strong></span> <span class='ocrx_word' id='word_1_226' title='bbox 1057 3078 1088 3132; x_wconf 79' lang='grc' dir='ltr'><strong><em>δὲ</em></strong></span> <span class='ocrx_word' id='word_1_227' title='bbox 1105 3077 1262 3152; x_wconf 74' lang='grc' dir='ltr'><strong><em>ἀμφότεροι</em></strong></span> <span class='ocrx_word' id='word_1_228' title='bbox 1278 3082 1327 3134; x_wconf 86' lang='grc' dir='ltr'><strong><em>καλ</em></strong></span> <span class='ocrx_word' id='word_1_229' title='bbox 1343 3078 1513 3141; x_wconf 75' lang='grc' dir='ltr'><strong><em>ἀπολύσαςΙ</em></strong></span> <span class='ocrx_word' id='word_1_230' title='bbox 1502 3101 1516 3134; x_wconf 94' lang='grc' dir='ltr'><strong><em>ο</em></strong></span> <span class='ocrx_word' id='word_1_231' title='bbox 1531 3081 1568 3132; x_wconf 88' lang='grc' dir='ltr'><strong><em>ίε-</em></strong></span> 
     </span>
     <span class='ocr_line' id='line_1_26' title="bbox 299 3153 1567 3262; baseline -0.002 -43"><span class='ocrx_word' id='word_1_232' title='bbox 299 3161 363 3238; x_wconf 84' lang='grc' dir='ltr'><strong><em>ρεός</em></strong></span> <span class='ocrx_word' id='word_1_233' title='bbox 384 3165 433 3232; x_wconf 86' lang='grc' dir='ltr'><strong><em>τῆν</em></strong></span> <span class='ocrx_word' id='word_1_234' title='bbox 453 3158 586 3234; x_wconf 77' lang='grc' dir='ltr'><strong><em>φελόνην</em></strong></span> <span class='ocrx_word' id='word_1_235' title='bbox 607 3163 702 3235; x_wconf 81' lang='grc' dir='ltr'><strong><em>αὑτοῦ,</em></strong></span> <span class='ocrx_word' id='word_1_236' title='bbox 726 3165 860 3235; x_wconf 72' lang='grc' dir='ltr'><strong><em>στραφεὶς</em></strong></span> <span class='ocrx_word' id='word_1_237' title='bbox 881 3159 952 3232; x_wconf 86' lang='grc' dir='ltr'><strong><em>πρός</em></strong></span> <span class='ocrx_word' id='word_1_238' title='bbox 974 3161 1023 3217; x_wconf 90' lang='grc' dir='ltr'><strong><em>τόν</em></strong></span> <span class='ocrx_word' id='word_1_239' title='bbox 1039 3159 1171 3220; x_wconf 88' lang='grc' dir='ltr'><strong><em>διάκονον</em></strong></span> <span class='ocrx_word' id='word_1_240' title='bbox 1187 3168 1270 3262; x_wconf 84' lang='grc' dir='ltr'><strong><em>λέγει.</em></strong></span> <span class='ocrx_word' id='word_1_241' title='bbox 1304 3153 1392 3226; x_wconf 76' lang='grc' dir='ltr'><strong><em>Εόξαι</em></strong></span> <span class='ocrx_word' id='word_1_242' title='bbox 1409 3161 1481 3237; x_wconf 73' lang='grc' dir='ltr'><strong><em>ὑπὲρ</em></strong></span> <span class='ocrx_word' id='word_1_243' title='bbox 1497 3165 1567 3236; x_wconf 76' lang='grc' dir='ltr'><strong><em>ἐμοῦ,</em></strong></span> 
     </span>
     <span class='ocr_line' id='line_1_27' title="bbox 299 3242 1570 3320; baseline -0.002 -16"><span class='ocrx_word' id='word_1_244' title='bbox 299 3245 421 3305; x_wconf 87' lang='grc' dir='ltr'><strong><em>διάκονε.</em></strong></span> <span class='ocrx_word' id='word_1_245' title='bbox 452 3246 577 3303; x_wconf 83' lang='lat'>‘⁸066</span> <span class='ocrx_word' id='word_1_246' title='bbox 548 3242 699 3320; x_wconf 85' lang='grc' dir='ltr'><strong><em>ευχόμενος</em></strong></span> <span class='ocrx_word' id='word_1_247' title='bbox 714 3249 801 3318; x_wconf 87' lang='grc' dir='ltr'><strong><em>λέγει·</em></strong></span> <span class='ocrx_word' id='word_1_248' title='bbox 819 3251 931 3319; x_wconf 84' lang='grc' dir='ltr'><strong><em>πνεῦμα</em></strong></span> <span class='ocrx_word' id='word_1_249' title='bbox 949 3243 1032 3316; x_wconf 85' lang='grc' dir='ltr'><strong><em>άγιον</em></strong></span> <span class='ocrx_word' id='word_1_250' title='bbox 1047 3249 1104 3301; x_wconf 87' lang='grc' dir='ltr'><strong><em>κτλ.</em></strong></span> <span class='ocrx_word' id='word_1_251' title='bbox 1139 3244 1226 3301; x_wconf 74' lang='grc' dir='ltr'><strong><em>Ιίαλ“</em></strong></span> <span class='ocrx_word' id='word_1_252' title='bbox 1214 3267 1228 3302; x_wconf 92' lang='grc' dir='ltr'><strong><em>ο</em></strong></span> <span class='ocrx_word' id='word_1_253' title='bbox 1246 3247 1336 3320; x_wconf 79' lang='grc' dir='ltr'><strong><em>ἱερεὺς</em></strong></span> <span class='ocrx_word' id='word_1_254' title='bbox 1351 3251 1440 3320; x_wconf 83' lang='grc' dir='ltr'><strong><em>λέγει·</em></strong></span> <span class='ocrx_word' id='word_1_255' title='bbox 1460 3245 1568 3303; x_wconf 72' lang='lat'>666⁸</span> <span class='ocrx_word' id='word_1_256' title='bbox 1541 3267 1570 3302; x_wconf 88' lang='grc' dir='ltr'><strong><em>το</em></strong></span> 
     </span>
     <span class='ocr_line' id='line_1_28' title="bbox 299 3327 1569 3406; baseline -0.002 -17"><span class='ocrx_word' id='word_1_257' title='bbox 299 3340 412 3404; x_wconf 82' lang='grc' dir='ltr'><strong><em>πνεῦμα</em></strong></span> <span class='ocrx_word' id='word_1_258' title='bbox 435 3336 492 3388; x_wconf 87' lang='grc' dir='ltr'><strong><em>κτλ.</em></strong></span> <span class='ocrx_word' id='word_1_259' title='bbox 515 3329 587 3388; x_wconf 72' lang='lat'>16⁸¹</span> <span class='ocrx_word' id='word_1_260' title='bbox 569 3350 652 3404; x_wconf 88' lang='grc' dir='ltr'><strong><em>αγισν</em></strong></span> <span class='ocrx_word' id='word_1_261' title='bbox 673 3337 756 3404; x_wconf 86' lang='grc' dir='ltr'><strong><em>μενεῖ</em></strong></span> <span class='ocrx_word' id='word_1_262' title='bbox 776 3329 839 3404; x_wconf 66' lang='grc' dir='ltr'><strong><em>μεθ’</em></strong></span> <span class='ocrx_word' id='word_1_263' title='bbox 865 3327 953 3398; x_wconf 78' lang='grc' dir='ltr'><strong><em>ἡμῶν.</em></strong></span> <span class='ocrx_word' id='word_1_264' title='bbox 989 3333 1046 3384; x_wconf 72' lang='grc' dir='ltr'><strong><em>Καὶ</em></strong></span> <span class='ocrx_word' id='word_1_265' title='bbox 1068 3327 1345 3406; x_wconf 80' lang='grc' dir='ltr'><strong><em>συλλειτσυργὴσειι</em></strong></span> <span class='ocrx_word' id='word_1_266' title='bbox 1332 3337 1400 3406; x_wconf 84' lang='grc' dir='ltr'><strong><em>ημῖν</em></strong></span> <span class='ocrx_word' id='word_1_267' title='bbox 1418 3329 1511 3394; x_wconf 88' lang='grc' dir='ltr'><strong><em>πάσας</em></strong></span> <span class='ocrx_word' id='word_1_268' title='bbox 1527 3328 1569 3392; x_wconf 82' lang='grc' dir='ltr'><strong><em>τάς</em></strong></span> 
     </span>
     <span class='ocr_line' id='line_1_29' title="bbox 298 3410 1567 3490; baseline -0.002 -19"><span class='ocrx_word' id='word_1_269' title='bbox 298 3415 403 3490; x_wconf 81' lang='grc' dir='ltr'><strong><em>ἡμέρας</em></strong></span> <span class='ocrx_word' id='word_1_270' title='bbox 420 3423 465 3484; x_wconf 79' lang='grc' dir='ltr'><strong><em>τῆς</em></strong></span> <span class='ocrx_word' id='word_1_271' title='bbox 482 3419 548 3484; x_wconf 77' lang='grc' dir='ltr'><strong><em>ζωῆς</em></strong></span> <span class='ocrx_word' id='word_1_272' title='bbox 563 3413 652 3488; x_wconf 82' lang='grc' dir='ltr'><strong><em>ἡμῶν.</em></strong></span> <span class='ocrx_word' id='word_1_273' title='bbox 678 3417 736 3469; x_wconf 82' lang='grc' dir='ltr'><strong><em>Κοιλ</em></strong></span> <span class='ocrx_word' id='word_1_274' title='bbox 752 3411 768 3470; x_wconf 89' lang='lat'><strong><em>6</em></strong></span> <span class='ocrx_word' id='word_1_275' title='bbox 785 3410 915 3475; x_wconf 86' lang='grc' dir='ltr'><strong><em>διάκονος</em></strong></span> <span class='ocrx_word' id='word_1_276' title='bbox 930 3417 1017 3485; x_wconf 82' lang='grc' dir='ltr'><strong><em>λέγει·</em></strong></span> <span class='ocrx_word' id='word_1_277' title='bbox 1034 3411 1179 3488; x_wconf 73' lang='grc' dir='ltr'><strong><em>μνήσθητί</em></strong></span> <span class='ocrx_word' id='word_1_278' title='bbox 1192 3437 1248 3490; x_wconf 90' lang='grc' dir='ltr'><strong><em>μου</em></strong></span> <span class='ocrx_word' id='word_1_279' title='bbox 1264 3415 1326 3488; x_wconf 82' lang='grc' dir='ltr'><strong><em>άγιε</em></strong></span> <span class='ocrx_word' id='word_1_280' title='bbox 1344 3417 1477 3474; x_wconf 79' lang='grc' dir='ltr'><strong><em>δέσποτα.</em></strong></span> <span class='ocrx_word' id='word_1_281' title='bbox 1497 3414 1526 3472; x_wconf 87' lang='lat'>⁸0</span> <span class='ocrx_word' id='word_1_282' title='bbox 1540 3415 1567 3469; x_wconf 86' lang='lat'><strong><em>66</em></strong></span> 
     </span>
     <span class='ocr_line' id='line_1_30' title="bbox 299 3493 1568 3576; baseline -0.002 -21"><span class='ocrx_word' id='word_1_283' title='bbox 299 3505 385 3571; x_wconf 87' lang='grc' dir='ltr'><strong><em>λέγει·</em></strong></span> <span class='ocrx_word' id='word_1_284' title='bbox 409 3505 547 3572; x_wconf 78' lang='grc' dir='ltr'><strong><em>μνησοείη</em></strong></span> <span class='ocrx_word' id='word_1_285' title='bbox 565 3516 617 3553; x_wconf 93' lang='grc' dir='ltr'><strong><em>σου</em></strong></span> <span class='ocrx_word' id='word_1_286' title='bbox 634 3495 737 3571; x_wconf 84' lang='grc' dir='ltr'><strong><em>Κύριος</em></strong></span> <span class='ocrx_word' id='word_1_287' title='bbox 754 3498 785 3552; x_wconf 80' lang='grc' dir='ltr'><strong><em>έν</em></strong></span> <span class='ocrx_word' id='word_1_288' title='bbox 802 3501 834 3572; x_wconf 86' lang='grc' dir='ltr'><strong><em>τῆ</em></strong></span> <span class='ocrx_word' id='word_1_289' title='bbox 849 3501 974 3567; x_wconf 76' lang='grc' dir='ltr'><strong><em>βασιλείᾳ</em></strong></span> <span class='ocrx_word' id='word_1_290' title='bbox 992 3493 1085 3554; x_wconf 83' lang='grc' dir='ltr'><strong><em>αὖτοδ.</em></strong></span> <span class='ocrx_word' id='word_1_291' title='bbox 1113 3501 1171 3554; x_wconf 84' lang='grc' dir='ltr'><strong><em>Καλ</em></strong></span> <span class='ocrx_word' id='word_1_292' title='bbox 1187 3501 1327 3576; x_wconf 80' lang='grc' dir='ltr'><strong><em>ἐξέρχεται</em></strong></span> <span class='ocrx_word' id='word_1_293' title='bbox 1342 3501 1428 3563; x_wconf 81' lang='grc' dir='ltr'><strong><em>εδδάς</em></strong></span> <span class='ocrx_word' id='word_1_294' title='bbox 1445 3499 1460 3557; x_wconf 89' lang='lat'><strong><em>6</em></strong></span> <span class='ocrx_word' id='word_1_295' title='bbox 1478 3495 1568 3557; x_wconf 85' lang='grc' dir='ltr'><strong><em>διάκο-</em></strong></span> 
     </span>
     <span class='ocr_line' id='line_1_31' title="bbox 300 3576 1571 3658; baseline -0.002 -19"><span class='ocrx_word' id='word_1_296' title='bbox 300 3603 349 3645; x_wconf 90' lang='grc' dir='ltr'><strong><em>νος</em></strong></span> <span class='ocrx_word' id='word_1_297' title='bbox 363 3587 453 3654; x_wconf 87' lang='grc' dir='ltr'><strong><em>λέγων</em></strong></span> <span class='ocrx_word' id='word_1_298' title='bbox 470 3582 503 3636; x_wconf 87' lang='grc' dir='ltr'><strong><em>τά</em></strong></span> <span class='ocrx_word' id='word_1_299' title='bbox 519 3579 641 3652; x_wconf 78' lang='grc' dir='ltr'><strong><em>συνῆδη·</em></strong></span> <span class='ocrx_word' id='word_1_300' title='bbox 666 3576 859 3655; x_wconf 86' lang='grc' dir='ltr'><strong><em>πληριόσωμεν</em></strong></span> <span class='ocrx_word' id='word_1_301' title='bbox 875 3585 983 3636; x_wconf 76' lang='lat'>266.-</span> <span class='ocrx_word' id='word_1_302' title='bbox 1009 3577 1122 3640; x_wconf 66' lang='lat'>6666</span> <span class='ocrx_word' id='word_1_303' title='bbox 1140 3581 1155 3639; x_wconf 87' lang='lat'><strong><em>6</em></strong></span> <span class='ocrx_word' id='word_1_304' title='bbox 1173 3581 1302 3646; x_wconf 78' lang='grc' dir='ltr'><strong><em>διάκονος</em></strong></span> <span class='ocrx_word' id='word_1_305' title='bbox 1319 3587 1410 3658; x_wconf 75' lang='grc' dir='ltr'><strong><em>θυμιᾷ</em></strong></span> <span class='ocrx_word' id='word_1_306' title='bbox 1426 3585 1476 3656; x_wconf 83' lang='grc' dir='ltr'><strong><em>τῆν</em></strong></span> <span class='ocrx_word' id='word_1_307' title='bbox 1493 3583 1571 3656; x_wconf 86' lang='grc' dir='ltr'><strong><em>άγίαν</em></strong></span> 
     </span>
     <span class='ocr_line' id='line_1_32' title="bbox 299 3661 1569 3742; baseline 0 -20"><span class='ocrx_word' id='word_1_308' title='bbox 299 3665 437 3740; x_wconf 79' lang='grc' dir='ltr'><strong><em>τράπεζαν</em></strong></span> <span class='ocrx_word' id='word_1_309' title='bbox 454 3668 501 3719; x_wconf 86' lang='grc' dir='ltr'><strong><em>καλ</em></strong></span> <span class='ocrx_word' id='word_1_310' title='bbox 523 3663 571 3734; x_wconf 88' lang='grc' dir='ltr'><strong><em>τῆν</em></strong></span> <span class='ocrx_word' id='word_1_311' title='bbox 594 3661 741 3737; x_wconf 79' lang='grc' dir='ltr'><strong><em>πρόθεσιν.</em></strong></span> <span class='ocrx_word' id='word_1_312' title='bbox 774 3669 832 3719; x_wconf 85' lang='grc' dir='ltr'><strong><em>Καλ</em></strong></span> <span class='ocrx_word' id='word_1_313' title='bbox 849 3671 955 3720; x_wconf 82' lang='grc' dir='ltr'><strong><em>νίπτειν</em></strong></span> <span class='ocrx_word' id='word_1_314' title='bbox 972 3665 1019 3728; x_wconf 80' lang='grc' dir='ltr'><strong><em>τάς</em></strong></span> <span class='ocrx_word' id='word_1_315' title='bbox 1031 3673 1130 3738; x_wconf 79' lang='grc' dir='ltr'><strong><em>χεῖρας</em></strong></span> <span class='ocrx_word' id='word_1_316' title='bbox 1147 3664 1221 3724; x_wconf 70' lang='grc' dir='ltr'><strong><em>ὄπτ’</em></strong></span> <span class='ocrx_word' id='word_1_317' title='bbox 1209 3689 1224 3724; x_wconf 91' lang='grc' dir='ltr'><strong><em>ο</em></strong></span> <span class='ocrx_word' id='word_1_318' title='bbox 1241 3668 1331 3742; x_wconf 79' lang='grc' dir='ltr'><strong><em>ίερεός</em></strong></span> <span class='ocrx_word' id='word_1_319' title='bbox 1347 3666 1427 3725; x_wconf 86' lang='grc' dir='ltr'><strong><em>καλό</em></strong></span> <span class='ocrx_word' id='word_1_320' title='bbox 1447 3667 1569 3728; x_wconf 81' lang='grc' dir='ltr'><strong><em>διάκονος</em></strong></span> 
     </span>
     <span class='ocr_line' id='line_1_33' title="bbox 299 3735 1566 3828; baseline 0 -23"><span class='ocrx_word' id='word_1_321' title='bbox 299 3755 386 3822; x_wconf 85' lang='grc' dir='ltr'><strong><em>λέγει·</em></strong></span> <span class='ocrx_word' id='word_1_322' title='bbox 411 3754 533 3820; x_wconf 85' lang='grc' dir='ltr'><strong><em>νίψομαι</em></strong></span> <span class='ocrx_word' id='word_1_323' title='bbox 557 3750 589 3804; x_wconf 76' lang='grc' dir='ltr'><strong><em>ἐν</em></strong></span> <span class='ocrx_word' id='word_1_324' title='bbox 610 3744 715 3812; x_wconf 79' lang='grc' dir='ltr'><strong><em>δδιόσις</em></strong></span> <span class='ocrx_word' id='word_1_325' title='bbox 737 3748 785 3812; x_wconf 84' lang='grc' dir='ltr'><strong><em>τάς</em></strong></span> <span class='ocrx_word' id='word_1_326' title='bbox 803 3755 901 3826; x_wconf 85' lang='grc' dir='ltr'><strong><em>χεῖρας</em></strong></span> <span class='ocrx_word' id='word_1_327' title='bbox 922 3769 1022 3821; x_wconf 81' lang='grc' dir='ltr'><strong><em>μουρ.</em></strong></span> <span class='ocrx_word' id='word_1_328' title='bbox 1034 3755 1092 3807; x_wconf 85' lang='grc'><strong><em>330.</em></strong></span> <span class='ocrx_word' id='word_1_329' title='bbox 1126 3735 1185 3806; x_wconf 77' lang='grc' dir='ltr'><strong><em>Κάλ</em></strong></span> <span class='ocrx_word' id='word_1_330' title='bbox 1206 3756 1336 3810; x_wconf 83' lang='grc' dir='ltr'><strong><em>ποιοῦσιν</em></strong></span> <span class='ocrx_word' id='word_1_331' title='bbox 1358 3751 1566 3828; x_wconf 81' lang='grc' dir='ltr'><strong><em>προςκονῆματα</em></strong></span> 
     </span>
     <span class='ocr_line' id='line_1_34' title="bbox 299 3829 1568 3940; baseline 0 -52"><span class='ocrx_word' id='word_1_332' title='bbox 299 3841 370 3904; x_wconf 82' lang='grc' dir='ltr'><strong><em>τρία.</em></strong></span> <span class='ocrx_word' id='word_1_333' title='bbox 405 3837 493 3905; x_wconf 88' lang='grc' dir='ltr'><strong><em>Λέγει</em></strong></span> <span class='ocrx_word' id='word_1_334' title='bbox 515 3829 691 3896; x_wconf 85' lang='grc' dir='ltr'><strong><em>δδιάκονος·</em></strong></span> <span class='ocrx_word' id='word_1_335' title='bbox 716 3838 831 3903; x_wconf 83' lang='grc' dir='ltr'><strong><em>βασιλεῦ</em></strong></span> <span class='ocrx_word' id='word_1_336' title='bbox 848 3831 960 3904; x_wconf 84' lang='grc' dir='ltr'><strong><em>οὐράνιε</em></strong></span> <span class='ocrx_word' id='word_1_337' title='bbox 977 3854 1002 3905; x_wconf 86' lang='lat' dir='ltr'><strong><em>p.</em></strong></span> <span class='ocrx_word' id='word_1_338' title='bbox 1013 3839 1071 3892; x_wconf 77' lang='lat'>286.</span> <span class='ocrx_word' id='word_1_339' title='bbox 1105 3840 1164 3890; x_wconf 81' lang='grc' dir='ltr'><strong><em>Καί</em></strong></span> <span class='ocrx_word' id='word_1_340' title='bbox 1181 3843 1273 3906; x_wconf 68' lang='grc' dir='ltr'><strong><em>τίθησι</em></strong></span> <span class='ocrx_word' id='word_1_341' title='bbox 1289 3835 1320 3893; x_wconf 84' lang='grc' dir='ltr'><strong><em>τό</em></strong></span> <span class='ocrx_word' id='word_1_342' title='bbox 1337 3839 1473 3940; x_wconf 82' lang='grc' dir='ltr'><strong><em>κάλυμμα</em></strong></span> <span class='ocrx_word' id='word_1_343' title='bbox 1490 3841 1528 3898; x_wconf 84' lang='grc' dir='ltr'><strong><em>είς</em></strong></span> <span class='ocrx_word' id='word_1_344' title='bbox 1542 3831 1568 3889; x_wconf 86' lang='grc' dir='ltr'><strong><em>τό</em></strong></span> 
     </span>
    </p>
   </div>
   <div class='ocr_carea' id='block_1_11' title="bbox 293 3913 1570 4060">
    <p class='ocr_par' dir='ltr' id='par_1_13' title="bbox 293 3913 1570 4060">
     <span class='ocr_line' id='line_1_35' title="bbox 293 3913 1570 4060; baseline 0.005 -86"><span class='ocrx_word' id='word_1_345' title='bbox 293 3916 448 3994; x_wconf 76' lang='grc' dir='ltr'><strong><em>’ἀριστερόν</em></strong></span> <span class='ocrx_word' id='word_1_346' title='bbox 463 3924 550 3992; x_wconf 88' lang='grc' dir='ltr'><strong><em>μέρος</em></strong></span> <span class='ocrx_word' id='word_1_347' title='bbox 566 3921 615 3974; x_wconf 81' lang='grc' dir='ltr'><strong><em>τοῦ</em></strong></span> <span class='ocrx_word' id='word_1_348' title='bbox 631 3913 711 3990; x_wconf 76' lang='grc' dir='ltr'><strong><em>ὤμου</em></strong></span> <span class='ocrx_word' id='word_1_349' title='bbox 728 3939 774 3976; x_wconf 88' lang='grc' dir='ltr'><strong><em>του</em></strong></span> <span class='ocrx_word' id='word_1_350' title='bbox 762 3917 925 3975; x_wconf 81' lang='grc' dir='ltr'><strong><em>’διακόνου</em></strong></span> <span class='ocrx_word' id='word_1_351' title='bbox 941 3922 1046 3991; x_wconf 84' lang='grc' dir='ltr'><strong><em>λέγων·</em></strong></span> <span class='ocrx_word' id='word_1_352' title='bbox 1063 3919 1103 3993; x_wconf 81' lang='grc' dir='ltr'><strong><em>μὴ</em></strong></span> <span class='ocrx_word' id='word_1_353' title='bbox 1121 3919 1286 4060; x_wconf 56' lang='grc' dir='ltr'><strong><em>άπορρίψρδ</em></strong></span> <span class='ocrx_word' id='word_1_354' title='bbox 1295 3941 1332 3995; x_wconf 88' lang='grc' dir='ltr'><strong><em>με</em></strong></span> <span class='ocrx_word' id='word_1_355' title='bbox 1351 3919 1408 3977; x_wconf 82' lang='grc' dir='ltr'><strong><em>άπὸ</em></strong></span> <span class='ocrx_word' id='word_1_356' title='bbox 1426 3925 1476 3976; x_wconf 79' lang='grc' dir='ltr'><strong><em>τοῦ</em></strong></span> <span class='ocrx_word' id='word_1_357' title='bbox 1492 3938 1570 3991; x_wconf 77' lang='grc' dir='ltr'><strong><em>προί-</em></strong></span> 
     </span>
    </p>
   </div>
   <div class='ocr_carea' id='block_1_12' title="bbox 220 3997 1648 4754">
    <p class='ocr_par' dir='ltr' id='par_1_14' title="bbox 220 3997 1570 4501">
     <span class='ocr_line' id='line_1_36' title="bbox 300 3997 1570 4079; baseline -0.004 -17"><span class='ocrx_word' id='word_1_358' title='bbox 300 4006 380 4062; x_wconf 84' lang='grc' dir='ltr'><strong><em>οίπου</em></strong></span> <span class='ocrx_word' id='word_1_359' title='bbox 397 4020 449 4059; x_wconf 88' lang='grc' dir='ltr'><strong><em>σου</em></strong></span> <span class='ocrx_word' id='word_1_360' title='bbox 467 4006 514 4058; x_wconf 88' lang='grc' dir='ltr'><strong><em>καλ</em></strong></span> <span class='ocrx_word' id='word_1_361' title='bbox 531 4000 561 4057; x_wconf 83' lang='grc' dir='ltr'><strong><em>τό</em></strong></span> <span class='ocrx_word' id='word_1_362' title='bbox 579 4004 690 4076; x_wconf 82' lang='grc' dir='ltr'><strong><em>πνεῦμα</em></strong></span> <span class='ocrx_word' id='word_1_363' title='bbox 708 4002 738 4060; x_wconf 86' lang='grc' dir='ltr'><strong><em>τό</em></strong></span> <span class='ocrx_word' id='word_1_364' title='bbox 755 4001 838 4077; x_wconf 84' lang='grc' dir='ltr'><strong><em>άγιον</em></strong></span> <span class='ocrx_word' id='word_1_365' title='bbox 853 4003 893 4078; x_wconf 85' lang='grc' dir='ltr'><strong><em>μῆ</em></strong></span> <span class='ocrx_word' id='word_1_366' title='bbox 911 4003 1059 4079; x_wconf 85' lang='grc' dir='ltr'><strong><em>άντανέλης</em></strong></span> <span class='ocrx_word' id='word_1_367' title='bbox 1076 4003 1122 4058; x_wconf 85' lang='grc' dir='ltr'><strong><em>ιἰτί</em></strong></span> <span class='ocrx_word' id='word_1_368' title='bbox 1144 4004 1224 4076; x_wconf 78' lang='grc' dir='ltr'><strong><em>ἐμοῦ.</em></strong></span> <span class='ocrx_word' id='word_1_369' title='bbox 1254 4001 1263 4023; x_wconf 97' lang='lat'>⁸</span> <span class='ocrx_word' id='word_1_370' title='bbox 1302 4002 1445 4067; x_wconf 87' lang='grc' dir='ltr'><strong><em>διάκονος·</em></strong></span> <span class='ocrx_word' id='word_1_371' title='bbox 1472 3997 1570 4063; x_wconf 86' lang='grc' dir='ltr'><strong><em>άποδός</em></strong></span> 
     </span>
     <span class='ocr_line' id='line_1_37' title="bbox 220 4084 1569 4163; baseline -0.004 -18"><span class='ocrx_word' id='word_1_372' title='bbox 220 4147 230 4158; x_wconf 23' lang='lat'><em>9</em></span> <span class='ocrx_word' id='word_1_373' title='bbox 300 4111 352 4163; x_wconf 91' lang='grc' dir='ltr'><strong><em>μοι</em></strong></span> <span class='ocrx_word' id='word_1_374' title='bbox 374 4084 424 4160; x_wconf 82' lang='grc' dir='ltr'><strong><em>τὴν</em></strong></span> <span class='ocrx_word' id='word_1_375' title='bbox 446 4085 611 4159; x_wconf 87' lang='grc' dir='ltr'><strong><em>άγοιλλίσσιν</em></strong></span> <span class='ocrx_word' id='word_1_376' title='bbox 632 4089 681 4143; x_wconf 80' lang='grc' dir='ltr'><strong><em>τοῦ</em></strong></span> <span class='ocrx_word' id='word_1_377' title='bbox 702 4094 837 4161; x_wconf 77' lang='grc' dir='ltr'><strong><em>σωτηρίου</em></strong></span> <span class='ocrx_word' id='word_1_378' title='bbox 855 4106 906 4145; x_wconf 91' lang='grc' dir='ltr'><strong><em>σου</em></strong></span> <span class='ocrx_word' id='word_1_379' title='bbox 922 4092 971 4144; x_wconf 88' lang='grc' dir='ltr'><strong><em>καλ</em></strong></span> <span class='ocrx_word' id='word_1_380' title='bbox 987 4086 1126 4161; x_wconf 87' lang='grc' dir='ltr'><strong><em>πνεύματι</em></strong></span> <span class='ocrx_word' id='word_1_381' title='bbox 1143 4088 1262 4162; x_wconf 85' lang='grc' dir='ltr'><strong><em>ῆγέμονι</em></strong></span> <span class='ocrx_word' id='word_1_382' title='bbox 1278 4085 1404 4162; x_wconf 83' lang='grc' dir='ltr'><strong><em>στῆριξόν</em></strong></span> <span class='ocrx_word' id='word_1_383' title='bbox 1420 4107 1466 4162; x_wconf 87' lang='grc' dir='ltr'><strong><em>με.</em></strong></span> <span class='ocrx_word' id='word_1_384' title='bbox 1499 4088 1528 4144; x_wconf 88' lang='lat'>⁸0</span> <span class='ocrx_word' id='word_1_385' title='bbox 1542 4085 1569 4141; x_wconf 87' lang='lat'><strong><em>66</em></strong></span> 
     </span>
     <span class='ocr_line' id='line_1_38' title="bbox 300 4168 1569 4247; baseline -0.004 -19"><span class='ocrx_word' id='word_1_386' title='bbox 300 4173 390 4245; x_wconf 83' lang='grc' dir='ltr'><strong><em>ίερεός</em></strong></span> <span class='ocrx_word' id='word_1_387' title='bbox 407 4171 501 4244; x_wconf 82' lang='grc' dir='ltr'><strong><em>λαβοίν</em></strong></span> <span class='ocrx_word' id='word_1_388' title='bbox 517 4168 566 4229; x_wconf 86' lang='grc' dir='ltr'><strong><em>τόν</em></strong></span> <span class='ocrx_word' id='word_1_389' title='bbox 583 4174 681 4228; x_wconf 84' lang='grc' dir='ltr'><strong><em>δίσκον</em></strong></span> <span class='ocrx_word' id='word_1_390' title='bbox 699 4179 808 4247; x_wconf 71' lang='grc' dir='ltr'><strong><em>τίθησιν</em></strong></span> <span class='ocrx_word' id='word_1_391' title='bbox 825 4173 911 4228; x_wconf 83' lang='grc' dir='ltr'><strong><em>αὐτόν</em></strong></span> <span class='ocrx_word' id='word_1_392' title='bbox 929 4170 1025 4228; x_wconf 72' lang='grc' dir='ltr'><strong><em>ἐπάνω</em></strong></span> <span class='ocrx_word' id='word_1_393' title='bbox 1043 4177 1089 4242; x_wconf 87' lang='grc' dir='ltr'><strong><em>τῆς</em></strong></span> <span class='ocrx_word' id='word_1_394' title='bbox 1105 4176 1228 4246; x_wconf 76' lang='grc' dir='ltr'><strong><em>κεφαλῆς</em></strong></span> <span class='ocrx_word' id='word_1_395' title='bbox 1242 4174 1292 4227; x_wconf 82' lang='grc' dir='ltr'><strong><em>τοῦ</em></strong></span> <span class='ocrx_word' id='word_1_396' title='bbox 1308 4168 1442 4228; x_wconf 87' lang='grc' dir='ltr'><strong><em>διακόνου</em></strong></span> <span class='ocrx_word' id='word_1_397' title='bbox 1459 4174 1507 4229; x_wconf 85' lang='grc' dir='ltr'><strong><em>καλ</em></strong></span> <span class='ocrx_word' id='word_1_398' title='bbox 1522 4171 1569 4225; x_wconf 79' lang='grc' dir='ltr'><strong><em>αὖ·</em></strong></span> 
     </span>
     <span class='ocr_line' id='line_1_39' title="bbox 299 4253 1568 4362; baseline -0.004 -48"><span class='ocrx_word' id='word_1_399' title='bbox 299 4259 347 4320; x_wconf 88' lang='grc' dir='ltr'><strong><em>τός</em></strong></span> <span class='ocrx_word' id='word_1_400' title='bbox 362 4257 392 4314; x_wconf 86' lang='grc' dir='ltr'><strong><em>τό</em></strong></span> <span class='ocrx_word' id='word_1_401' title='bbox 410 4255 542 4362; x_wconf 78' lang='grc' dir='ltr'><strong><em>ποτήριον</em></strong></span> <span class='ocrx_word' id='word_1_402' title='bbox 557 4255 695 4330; x_wconf 73' lang='grc' dir='ltr'><strong><em>λαμβάνει</em></strong></span> <span class='ocrx_word' id='word_1_403' title='bbox 711 4260 760 4314; x_wconf 88' lang='grc' dir='ltr'><strong><em>καλ</em></strong></span> <span class='ocrx_word' id='word_1_404' title='bbox 776 4261 864 4329; x_wconf 90' lang='grc' dir='ltr'><strong><em>λέγει·</em></strong></span> <span class='ocrx_word' id='word_1_405' title='bbox 890 4253 978 4328; x_wconf 86' lang='grc' dir='ltr'><strong><em>άγιος,</em></strong></span> <span class='ocrx_word' id='word_1_406' title='bbox 1002 4257 1091 4330; x_wconf 82' lang='grc' dir='ltr'><strong><em>άγισς,</em></strong></span> <span class='ocrx_word' id='word_1_407' title='bbox 1107 4257 1187 4329; x_wconf 68' lang='grc' dir='ltr'><strong><em>ἅγιος</em></strong></span> <span class='ocrx_word' id='word_1_408' title='bbox 1202 4254 1335 4332; x_wconf 61' lang='grc' dir='ltr'><strong><em>Κύριος*</em></strong></span> <span class='ocrx_word' id='word_1_409' title='bbox 1321 4279 1336 4314; x_wconf 94' lang='grc' dir='ltr'><strong><em>ο</em></strong></span> <span class='ocrx_word' id='word_1_410' title='bbox 1357 4255 1426 4320; x_wconf 83' lang='grc' dir='ltr'><strong><em>Θεός</em></strong></span> <span class='ocrx_word' id='word_1_411' title='bbox 1442 4255 1568 4328; x_wconf 79' lang='grc' dir='ltr'><strong><em>Σαβαάδ,</em></strong></span> 
     </span>
     <span class='ocr_line' id='line_1_40' title="bbox 300 4337 1568 4442; baseline 0 -44"><span class='ocrx_word' id='word_1_412' title='bbox 300 4340 436 4413; x_wconf 84' lang='grc' dir='ltr'><strong><em>πλῆρης“</em></strong></span> <span class='ocrx_word' id='word_1_413' title='bbox 425 4363 440 4400; x_wconf 93' lang='grc' dir='ltr'><strong><em>ο</em></strong></span> <span class='ocrx_word' id='word_1_414' title='bbox 457 4339 578 4414; x_wconf 81' lang='grc' dir='ltr'><strong><em>οὐρανός</em></strong></span> <span class='ocrx_word' id='word_1_415' title='bbox 593 4339 671 4397; x_wconf 83' lang='grc' dir='ltr'><strong><em>καλ“</em></strong></span> <span class='ocrx_word' id='word_1_416' title='bbox 658 4363 674 4410; x_wconf 91' lang='grc' dir='ltr'><strong><em>η</em></strong></span> <span class='ocrx_word' id='word_1_417' title='bbox 691 4344 731 4442; x_wconf 84' lang='grc' dir='ltr'><strong><em>γῆ</em></strong></span> <span class='ocrx_word' id='word_1_418' title='bbox 744 4345 790 4412; x_wconf 91' lang='grc' dir='ltr'><strong><em>τῆς</em></strong></span> <span class='ocrx_word' id='word_1_419' title='bbox 805 4337 887 4442; x_wconf 74' lang='grc' dir='ltr'><strong><em>δόξης</em></strong></span> <span class='ocrx_word' id='word_1_420' title='bbox 904 4357 964 4396; x_wconf 89' lang='grc' dir='ltr'><strong><em>σου.</em></strong></span> <span class='ocrx_word' id='word_1_421' title='bbox 996 4339 1172 4414; x_wconf 80' lang='grc' dir='ltr'><strong><em>Ἐρχομέναν</em></strong></span> <span class='ocrx_word' id='word_1_422' title='bbox 1188 4341 1220 4398; x_wconf 85' lang='grc' dir='ltr'><strong><em>δλ</em></strong></span> <span class='ocrx_word' id='word_1_423' title='bbox 1237 4340 1329 4397; x_wconf 79' lang='grc' dir='ltr'><strong><em>αὐτῶν</em></strong></span> <span class='ocrx_word' id='word_1_424' title='bbox 1345 4345 1386 4404; x_wconf 79' lang='grc' dir='ltr'><strong><em>είς</em></strong></span> <span class='ocrx_word' id='word_1_425' title='bbox 1402 4341 1436 4396; x_wconf 83' lang='grc' dir='ltr'><strong><em>τά</em></strong></span> <span class='ocrx_word' id='word_1_426' title='bbox 1447 4338 1568 4436; x_wconf 75' lang='grc' dir='ltr'><strong><em>πρόδορο</em></strong></span> 
     </span>
     <span class='ocr_line' id='line_1_41' title="bbox 299 4415 1569 4501; baseline -0.005 -19"><span class='ocrx_word' id='word_1_427' title='bbox 299 4434 442 4500; x_wconf 88' lang='grc' dir='ltr'><strong><em>λέγουσιν·</em></strong></span> <span class='ocrx_word' id='word_1_428' title='bbox 459 4421 542 4497; x_wconf 83' lang='grc' dir='ltr'><strong><em>άραιε</em></strong></span> <span class='ocrx_word' id='word_1_429' title='bbox 561 4421 650 4488; x_wconf 84' lang='grc' dir='ltr'><strong><em>πάλας</em></strong></span> <span class='ocrx_word' id='word_1_430' title='bbox 667 4421 731 4481; x_wconf 69' lang='grc' dir='ltr'><strong><em>οῖ’</em></strong></span> <span class='ocrx_word' id='word_1_431' title='bbox 711 4443 845 4496; x_wconf 81' lang='grc' dir='ltr'><strong><em>αρχοντες</em></strong></span> <span class='ocrx_word' id='word_1_432' title='bbox 860 4423 941 4498; x_wconf 77' lang='grc' dir='ltr'><strong><em>ὑμῶν</em></strong></span> <span class='ocrx_word' id='word_1_433' title='bbox 958 4428 1006 4480; x_wconf 87' lang='grc' dir='ltr'><strong><em>καλ</em></strong></span> <span class='ocrx_word' id='word_1_434' title='bbox 1023 4422 1161 4501; x_wconf 68' lang='grc' dir='ltr'><strong><em>ἐπάρδητε</em></strong></span> <span class='ocrx_word' id='word_1_435' title='bbox 1179 4421 1264 4481; x_wconf 82' lang='grc' dir='ltr'><strong><em>πύλαι</em></strong></span> <span class='ocrx_word' id='word_1_436' title='bbox 1281 4422 1390 4481; x_wconf 81' lang='grc' dir='ltr'><strong><em>αλοίνιοι</em></strong></span> <span class='ocrx_word' id='word_1_437' title='bbox 1401 4415 1569 4488; x_wconf 84' lang='grc' dir='ltr'><strong><em>καλελςελεό·</em></strong></span> 
     </span>
    </p>

    <p class='ocr_par' dir='ltr' id='par_1_15' title="bbox 300 4505 1567 4669">
     <span class='ocr_line' id='line_1_42' title="bbox 300 4505 1567 4585; baseline -0.006 -19"><span class='ocrx_word' id='word_1_438' title='bbox 300 4529 378 4567; x_wconf 84' lang='grc' dir='ltr'><strong><em>σεται</em></strong></span> <span class='ocrx_word' id='word_1_439' title='bbox 401 4533 416 4568; x_wconf 94' lang='grc' dir='ltr'><strong><em>ο</em></strong></span> <span class='ocrx_word' id='word_1_440' title='bbox 405 4509 609 4581; x_wconf 72' lang='grc' dir='ltr'><strong><em>ιβασιλεύς</em></strong></span> <span class='ocrx_word' id='word_1_441' title='bbox 578 4531 624 4580; x_wconf 91' lang='grc' dir='ltr'><strong><em>της</em></strong></span> <span class='ocrx_word' id='word_1_442' title='bbox 639 4508 735 4580; x_wconf 82' lang='grc' dir='ltr'><strong><em>δόξης·</em></strong></span> <span class='ocrx_word' id='word_1_443' title='bbox 759 4507 975 4582; x_wconf 80' lang='grc' dir='ltr'><strong><em>εόλογημένσς“</em></strong></span> <span class='ocrx_word' id='word_1_444' title='bbox 964 4531 978 4566; x_wconf 91' lang='grc' dir='ltr'><strong><em>ο</em></strong></span> <span class='ocrx_word' id='word_1_445' title='bbox 996 4505 1150 4585; x_wconf 80' lang='grc' dir='ltr'><strong><em>ἐρχόμενος</em></strong></span> <span class='ocrx_word' id='word_1_446' title='bbox 1166 4509 1198 4566; x_wconf 76' lang='grc' dir='ltr'><strong><em>ἐν</em></strong></span> <span class='ocrx_word' id='word_1_447' title='bbox 1215 4510 1254 4580; x_wconf 72' lang='grc' dir='ltr'><strong><em>τῷ</em></strong></span> <span class='ocrx_word' id='word_1_448' title='bbox 1270 4507 1387 4583; x_wconf 80' lang='grc' dir='ltr'><strong><em>ὀνόματι</em></strong></span> <span class='ocrx_word' id='word_1_449' title='bbox 1404 4529 1453 4564; x_wconf 89' lang='grc' dir='ltr'><strong><em>του</em></strong></span> <span class='ocrx_word' id='word_1_450' title='bbox 1441 4511 1567 4576; x_wconf 80' lang='grc' dir='ltr'><strong><em>Κυρίου</em></strong></span> 
     </span>
     <span class='ocr_line' id='line_1_43' title="bbox 300 4589 1566 4669; baseline -0.003 -19"><span class='ocrx_word' id='word_1_451' title='bbox 300 4598 349 4650; x_wconf 87' lang='grc' dir='ltr'><strong><em>καλ</em></strong></span> <span class='ocrx_word' id='word_1_452' title='bbox 365 4592 537 4668; x_wconf 61' lang='grc' dir='ltr'><strong><em>ἐπέτρεψ’</em></strong></span> <span class='ocrx_word' id='word_1_453' title='bbox 524 4601 602 4668; x_wconf 86' lang='grc' dir='ltr'><strong><em>υμιν.</em></strong></span> <span class='ocrx_word' id='word_1_454' title='bbox 623 4589 692 4650; x_wconf 72' lang='grc' dir='ltr'><strong><em>Εἶτα</em></strong></span> <span class='ocrx_word' id='word_1_455' title='bbox 710 4591 842 4650; x_wconf 84' lang='grc' dir='ltr'><strong><em>καλύπτει</em></strong></span> <span class='ocrx_word' id='word_1_456' title='bbox 859 4594 892 4650; x_wconf 86' lang='grc' dir='ltr'><strong><em>τά</em></strong></span> <span class='ocrx_word' id='word_1_457' title='bbox 910 4591 977 4666; x_wconf 82' lang='grc' dir='ltr'><strong><em>άγιοι</em></strong></span> <span class='ocrx_word' id='word_1_458' title='bbox 993 4591 1128 4667; x_wconf 77' lang='grc' dir='ltr'><strong><em>λέγων·ι</em></strong></span> <span class='ocrx_word' id='word_1_459' title='bbox 1116 4615 1131 4650; x_wconf 94' lang='grc' dir='ltr'><strong><em>ο</em></strong></span> <span class='ocrx_word' id='word_1_460' title='bbox 1148 4591 1250 4669; x_wconf 85' lang='grc' dir='ltr'><strong><em>Κυρως</em></strong></span> <span class='ocrx_word' id='word_1_461' title='bbox 1266 4593 1455 4666; x_wconf 82' lang='grc' dir='ltr'><strong><em>ίβασίλευοεν,</em></strong></span> <span class='ocrx_word' id='word_1_462' title='bbox 1471 4591 1566 4661; x_wconf 81' lang='grc' dir='ltr'><strong><em>εδπρί</em></strong></span> 
     </span>
    </p>

    <p class='ocr_par' dir='ltr' id='par_1_16' title="bbox 300 4677 1648 4754">
     <span class='ocr_line' id='line_1_44' title="bbox 300 4677 1648 4754; baseline -0.001 -18"><span class='ocrx_word' id='word_1_463' title='bbox 300 4697 385 4736; x_wconf 81' lang='grc' dir='ltr'><strong><em>πειαν</em></strong></span> <span class='ocrx_word' id='word_1_464' title='bbox 406 4677 564 4738; x_wconf 83' lang='grc' dir='ltr'><strong><em>ένεδόσατο,</em></strong></span> <span class='ocrx_word' id='word_1_465' title='bbox 597 4683 656 4734; x_wconf 77' lang='grc' dir='ltr'><strong><em>Καὶ</em></strong></span> <span class='ocrx_word' id='word_1_466' title='bbox 678 4683 778 4754; x_wconf 75' lang='grc' dir='ltr'><strong><em>θυμιᾷ,</em></strong></span> <span class='ocrx_word' id='word_1_467' title='bbox 800 4682 891 4752; x_wconf 86' lang='grc' dir='ltr'><strong><em>λέγων</em></strong></span> <span class='ocrx_word' id='word_1_468' title='bbox 908 4685 966 4742; x_wconf 87' lang='grc' dir='ltr'><strong><em>τοῖς</em></strong></span> <span class='ocrx_word' id='word_1_469' title='bbox 981 4680 1012 4736; x_wconf 85' lang='grc' dir='ltr'><strong><em>έιι</em></strong></span> <span class='ocrx_word' id='word_1_470' title='bbox 1029 4679 1127 4742; x_wconf 78' lang='grc' dir='ltr'><strong><em>δεξιάν</em></strong></span> <span class='ocrx_word' id='word_1_471' title='bbox 1143 4680 1192 4736; x_wconf 83' lang='grc' dir='ltr'><strong><em>καλ</em></strong></span> <span class='ocrx_word' id='word_1_472' title='bbox 1208 4683 1265 4740; x_wconf 87' lang='grc' dir='ltr'><strong><em>τοῖς</em></strong></span> <span class='ocrx_word' id='word_1_473' title='bbox 1282 4678 1312 4742; x_wconf 74' lang='grc' dir='ltr'><strong><em>λε</em></strong></span> <span class='ocrx_word' id='word_1_474' title='bbox 1328 4677 1497 4751; x_wconf 75' lang='grc' dir='ltr'><strong><em>εὐωνύμων·</em></strong></span> <span class='ocrx_word' id='word_1_475' title='bbox 1518 4687 1569 4747; x_wconf 76' lang='grc' dir='ltr'><strong><em>μί·</em></strong></span> <span class='ocrx_word' id='word_1_476' title='bbox 1647 4739 1648 4750; x_wconf 20' lang='grc' dir='ltr'><strong><em>ρ</em></strong></span> 
     </span>
    </p>
   </div>
   <div class='ocr_carea' id='block_1_13' title="bbox 0 0 1669 5304">
    <p class='ocr_par' dir='ltr' id='par_1_17' title="bbox 0 0 1669 5304">
     <span class='ocr_line' id='line_1_45' title="bbox 0 0 1669 5304; baseline 0 0"><span class='ocrx_word' id='word_1_477' title='bbox 0 0 1669 5304; x_wconf 95' lang='lat' dir='ltr'><strong><em> </em></strong></span> 
     </span>
    </p>
   </div>
  </div>
 </body>
</html>
