3416 5290
946 405 1019 484 672

342 584 451 676 εράσι,
477 585 689 678 συγγενείαις,
718 583 910 677 ἑταιρείαις,
937 586 1061 680 φίλοις,
1089 581 1254 680 συνῆθεσι
1273 593 1347 670 τοῖς
1366 585 1495 676 κόσμου
1516 587 1624 680 θορύ-

343 695 429 776 βοις,
452 687 618 781 φροντίσι,
638 686 784 780 κτῆσοσι,
805 686 981 778 ύπάρξεσι,
1001 697 1042 783 τῇ
1062 695 1139 780 κενῇ
1159 688 1218 760 καί
1237 688 1368 781 ματαίᾳ
1388 685 1494 781 ῆδονῆ
1514 691 1622 759 τεκαὶ

344 789 436 883 δύξη.
478 790 550 860 Καί
570 788 783 881 ἀπαρνεῦσαι,
805 786 846 861 ού
866 789 969 878 μόνον
988 791 1032 860 τά
1052 792 1290 882 προιιρημίνα,
1316 787 1387 861 ἀλλ’
1410 789 1465 860 ἔτι
1483 791 1545 860 καί
1564 791 1623 880 τῆν

345 897 488 965 σεαυτοῦ
508 891 628 982 ψυχὴν,
649 893 735 964 κατά
754 917 814 984 την
835 891 949 983 φωνῆν
974 897 1036 962 τοῦ
1055 889 1184 979 Κυρίου
1210 892 1272 982 τὴν
1298 891 1479 981 λάχουσαν·
1507 890 1623 973 ’Ὀςεις

342 991 443 1066 θίλει
463 988 576 1064 ἀπίσω
596 1019 662 1082 μου
683 993 809 1076 ἀλθεῦν,
831 990 1087 1084 ἀπαρνησάσθω
1108 990 1229 1064 ἑαυτὸν
1247 993 1305 1064 καί
1318 989 1432 1078 ἀράτω
1446 993 1507 1062 τὸν
1520 1017 1623 1062 σταυ-

343 1094 403 1182 ρὸν
430 1091 533 1164 αὐτοῦ
558 1095 616 1164 καί
642 1091 874 1165 ἀκολουθείτω
891 1119 963 1180 μοι.
1004 1093 1049 1164 Εἰ
1069 1087 1128 1164 ούν
1149 1091 1288 1186 ἀληθῶς
1306 1090 1513 1166 ἀκολουθεῖν
1533 1091 1623 1184 αάεηῦ
1660 1139 1663 1144 -

343 1192 486 1286 ᾑρετίσω
506 1195 563 1264 καί
585 1194 617 1266 εί
637 1193 797 1288 ἀψευδῶς
815 1198 982 1286 κληθῆναι
1004 1193 1107 1266 αὐτοῦ
1126 1197 1285 1288 μαθηεῆς
1305 1197 1505 1278 άπαιεθεῖς,
1534 1194 1622 1266 ὸτοι-

343 1296 498 1388 μάσθητι
525 1292 595 1366 ἀπὸ
623 1303 684 1366 τοῦ
704 1295 882 1386 παρόντος,
908 1297 954 1388 μὴ
976 1298 1064 1385 πρὸς
1084 1291 1206 1380 ἀνεσιν,
1233 1297 1279 1388 μὴ
1301 1297 1389 1385 πρὸς
1411 1294 1621 1387 ἀμεριμνίαν,

343 1397 389 1489 μὴ
412 1399 499 1486 πρὸς
519 1399 658 1490 τροφὸς,
678 1399 724 1488 μῆ
746 1397 833 1486 πρὸς
853 1391 936 1467 άλλσ
958 1424 992 1468 τι
1012 1405 1078 1467 τῶν
1099 1396 1160 1467 ἐπὶ
1173 1405 1232 1490 γῆς
1245 1404 1395 1487 τερπνῶν
1408 1423 1446 1467 τε
1460 1401 1521 1468 καί
1534 1395 1622 1467 ἀπο-

344 1502 544 1569 λαυστικῶν·
567 1495 653 1568 ἀλλὰ
673 1499 760 1587 πρὸς
781 1495 912 1587 ἀγῶνας
932 1501 1185 1588 πνευματικσὸς,
1217 1500 1304 1587 πρὸς
1325 1497 1522 1588 ἐγκράτειαν
1542 1522 1621 1588 σαρ-

343 1601 411 1681 κὸς,
432 1599 519 1690 πρὸς
539 1597 706 1691 κάθαρσιν
725 1605 844 1691 ψυχῆς,
866 1600 953 1689 πρὸς
966 1598 1133 1688 πτωχείαν
1146 1598 1272 1690 εὐτελῆ,
1293 1601 1379 1690 πρὸς
1391 1598 1621 1690 πένθσςάχσ-

344 1701 421 1782 θὸν,
442 1701 529 1792 πρὸς
550 1699 661 1770 πάντα
682 1699 725 1771 τὸ
746 1703 878 1794 λυπηρά
898 1701 955 1772 καί
977 1701 1127 1772 ίπίπονα
1147 1709 1207 1794 τῆς
1225 1709 1414 1790 χοροποιοῦ
1434 1701 1523 1770 κατὰ
1539 1703 1621 1772 Θεὸν

346 1803 442 1892 ζωῆς.
484 1803 555 1872 Καί
575 1803 636 1892 γάρ
658 1809 819 1873 πεινᾶσαι
841 1802 927 1889 ἔχεις
947 1801 1004 1873 καί
1026 1806 1173 1895 διψῆσαι
1192 1804 1250 1874 καί
1270 1809 1502 1894 χυμνητεῦσαι,
1531 1801 1622 1894 ύβρι-

344 1903 472 1994 σθῆναί
490 1930 528 1973 τε
548 1905 605 1974 καί
624 1906 861 1996 χλευασθῆναι,
883 1902 1117 1998 ἀνειδισθῆναί
1136 1932 1173 1975 τε
1193 1905 1250 1976 καί
1265 1909 1451 1995 διωχθῆναι
1465 1906 1526 1974 καί
1539 1909 1622 1974 ποί-

344 2008 417 2086 λοῑς
444 2000 561 2086 ἀλλοις
586 2012 813 2097 περιαχθῆναι
840 2009 1012 2098 λυπηροῖς,
1041 2001 1093 2090 οἷς
1114 2001 1133 2099 ῆ
1156 2007 1240 2077 κατὰ
1263 2007 1349 2078 Θεὸν
1371 2007 1436 2096 ζωῆ
1458 2033 1622 2098 χαρακτη-

344 2103 481 2198 ρίζεται.
524 2107 595 2176 Καὶ
615 2105 696 2176 ὅταν
716 2113 822 2176 ταῦτα
842 2106 955 2177 πάντα
976 2108 1104 2201 πάθης,
1130 2115 1235 2197 χαῖρε,
1259 2107 1370 2200 φησίν,
1397 2105 1453 2177 ὅτι
1475 2109 1582 2189 πολύς
1602 2105 1621 2176 δ

244 2213 248 2222 ’
343 2206 470 2294 μισθός
498 2232 560 2277 σου
585 2206 621 2278 ἐν
647 2215 721 2290 τοῖς
746 2205 900 2296 οὐρανοῖς
928 2207 1081 2300 ὑπάρχει
1122 2215 1226 2300 Χαρῆ
1247 2203 1305 2279 οὐν
1323 2213 1419 2298 χαῖρε
1438 2212 1498 2280 καί
1519 2205 1621 2298 ἀχαλ-

343 2308 457 2378 λιάσει
484 2306 641 2397 ἀγαλλιῶ,
669 2305 724 2379 ίίτι
751 2309 895 2401 σήμερον
923 2309 1094 2396 ἒξελίξαιό
1122 2336 1160 2380 σε
1180 2311 1238 2380 καί
1259 2309 1433 2400 διεχῶρισε
1454 2309 1621 2400 Κύριοςὸ

346 2411 434 2493 Θεὸς
455 2407 525 2480 ἀπὸ
547 2417 607 2502 τῆς
627 2411 662 2482 ἐν
683 2409 797 2502 κόσμῳ
820 2412 905 2502 ζωῆς
925 2415 981 2483 καί
1003 2412 1104 2484 ἔθετο
1126 2409 1172 2493 ῶς
1193 2412 1229 2481 ἐν
1248 2411 1423 2506 πρσςῶπφ
1444 2409 1559 2496 αὐτοῦ,
1587 2411 1621 2482 ίν

343 2519 386 2602 τῇ
406 2513 618 2602 παραστάσει
638 2521 697 2602 τῆς
716 2516 898 2605 μοναδικῆς
918 2513 1053 2597 τάξεως,
1077 2513 1111 2583 ἓν
1132 2520 1172 2606 τῇ
1194 2512 1352 2606 στρατείᾳ
1371 2521 1431 2606 τῆς
1453 2511 1619 2604 ἀγχελαει-

344 2618 425 2695 ἀοῦς
452 2616 546 2703 ζωῆς,
576 2614 612 2683 ἐν
638 2621 686 2702 τῷ
713 2613 797 2702 ύψει
823 2621 882 2704 τῆς
910 2612 1177 2706 οὐρανομιμῆτου
1199 2615 1384 2698 πολιτείας,
1413 2612 1506 2706 αὐτῷ
1527 2615 1618 2705 ἀγχε-

344 2715 445 2796 λικῶς
466 2713 645 2802 λατρεύειν,
668 2711 760 2805 αὐτῷ
781 2711 969 2806 ὁλοκλήρως
983 2717 1162 2798 δουλεύειν,
1184 2717 1227 2785 τὸ
1242 2711 1310 2786 άνω
1326 2723 1473 2809 φρονεῖν,
1495 2719 1539 2786 τὸ
1553 2713 1617 2786 ἀνω

345 2817 462 2906 ζητεῖν.
503 2813 617 2902 Ἡμῶν
637 2817 698 2906 γάρ
721 2817 760 2886 τὸ
782 2818 979 2904 πολίτευμα,
1001 2819 1086 2888 κατὰ
1106 2819 1165 2889 τὸν
1185 2813 1387 2900 ἀπόστολον,
1410 2817 1446 2888 ίν
1469 2815 1616 2908 οὐρανοῖς

343 2916 496 3007 ύπάρχει.
513 2915 561 2986 ’Ὼ
583 2924 642 3008 τῆς
662 2925 777 3008 καινῆς
797 2917 953 3010 κλήσεως,
975 2915 1003 2987 ἀί
1024 2925 1084 3010 τῆς
1106 2921 1232 3007 δωρεᾶς
1245 2926 1307 2989 τοῦ
1319 2919 1514 3012 μυστηρίου.
1535 2920 1616 2990 Δεύ-

343 3046 440 3110 τερον
459 3018 636 3107 βάπτισμα
665 3020 846 3108 λαμβάνεις
866 3021 1019 3111 σήμερον,
1047 3019 1199 3120 ἀδελφὰ.
1212 3027 1252 3112 τῇ
1273 3019 1455 3114 περιουσίᾳ
1476 3029 1543 3091 τῶν
1562 3029 1614 3090 τοῦ

344 3119 593 3214 φιλανθρώπου
613 3126 702 3190 Θεοῦ
724 3123 857 3210 δωρεῶν
875 3123 933 3190 καί
953 3129 1019 3190 τῶν
1041 3119 1212 3210 ἁμαρτιῶν
1232 3147 1293 3193 σου
1314 3121 1465 3216 καθαίρη
1479 3125 1537 3192 καί
1552 3121 1614 3203 υίὸς

344 3225 458 3318 φωτὸς
484 3221 555 3314 χίνη
583 3224 640 3291 καί
667 3217 768 3304 αὐτὸς
794 3225 943 3311 Χριστὸς
970 3221 988 3293 ὸ
1018 3225 1105 3304 Θεὸς
1130 3223 1223 3314 ῆμῶν
1250 3223 1419 3314 σνχχὰίρει
1445 3227 1614 3312 μετὰτῶν

344 3323 447 3415 ἁγίων
470 3322 573 3393 αὐτοῦ
594 3319 740 3412 ἀγγέλων
761 3325 822 3394 ίπί
843 3332 883 3416 τῇ
905 3333 946 3416 σῇ
964 3324 1138 3417 μετανοίᾳ,
1159 3323 1255 3395 θύων
1276 3351 1332 3396 σοι
1351 3325 1410 3395 τὸν
1424 3325 1549 3412 μόσχον
1561 3327 1615 3396 τὸν

343 3424 504 3497 σιτευτόν.
534 3424 653 3508 Ἀξίως
673 3426 795 3496 λοιπὸν
815 3433 875 3517 τῆς
894 3425 1041 3518 κλῆσεως
1061 3425 1302 3520 περιπάτησον,
1326 3424 1547 3520 ἀπαλλάγηθι
1560 3435 1614 3518 τῆς

343 3537 410 3596 τῶν
429 3525 581 3615 ματαίων
602 3527 849 3615 προςπαθείας,
876 3527 1018 3620 μίσησεν
1038 3529 1098 3619 τῆν
1119 3528 1205 3619 πρὸς
1225 3529 1268 3598 τὰ
1288 3528 1378 3598 κάτω
1401 3529 1561 3598 ῖλκονσάν
1578 3553 1614 3598 σε

344 3627 542 3715 ἐπιθυμίαν,
566 3627 644 3697 ὅλον
665 3635 808 3698 σεαυτοῦ
828 3631 887 3701 τὸν
906 3629 1023 3700 πίθον
1042 3629 1191 3717 μετάθες
1211 3631 1298 3720 πρὸς
1311 3629 1353 3698 τὸ
1368 3627 1519 3718 οὐράνια.
1540 3639 1615 3722 Μη-

345 3727 453 3810 δόλως
478 3738 628 3821 στραφῇς
655 3728 705 3811 είς
730 3731 773 3799 τὰ
799 3728 920 3810 ἀπίτω,
948 3735 1004 3800 ἵνα
1023 3735 1068 3822 μῆ
1092 3733 1167 3824 χίνη
1189 3732 1291 3823 οεῆλη
1310 3729 1401 3814 ἁλὸς,
1431 3729 1479 3813 ῶς
1499 3730 1520 3824 ῆ
1543 3733 1612 3822 yur}

343 3831 510 3913 τοῦΛῶτ,
530 3829 553 3921 ἢ
576 3832 685 3920 ὥςπερ
707 3829 793 3901 κύων
815 3833 875 3902 ἐπί
894 3833 953 3902 τὸν
974 3829 1064 3904 ῖδιον
1084 3835 1201 3920 ἑμετὸν
1221 3831 1436 3925 ίπιστρίφων
1455 3837 1515 3904 καί
1535 3837 1615 3924 πλη-

343 3939 441 4024 ρωθῇ
463 3933 523 4002 ἀπὸ
543 3934 583 4002 σὸ
603 3931 622 4001 ὸ
645 3933 744 4023 λόγος
763 3941 825 4003 τοῦ
844 3934 984 4022 Κυρίου.
1005 3935 1084 4004 Ὅτι
1105 3933 1217 4016 οὐδείς
1235 3936 1348 4021 βαλὼν
1368 3935 1429 4026 τῆν
1450 3943 1546 4024 χεῖρα
1560 3933 1616 4006 αύ-

342 4043 403 4105 τοῦ
434 4031 488 4104 ἐπ’
512 4031 653 4125 ἀροτρον
673 4037 730 4104 καί
752 4037 914 4127 στραφεὶς
934 4035 984 4118 είς
1003 4037 1046 4106 τὸ
1068 4035 1189 4120 ὀπίσω,
1218 4032 1358 4118 εὐθετός
1378 4036 1472 4105 ίστιν
1493 4037 1544 4119 είς
1563 4035 1616 4128 τῆν

341 4134 518 4222 βασιλείαν
544 4145 610 4205 τῶν
638 4134 795 4226 οὐρανῶν.
838 4139 909 4207 Καί
937 4138 999 4226 χὸρ
1030 4135 1089 4208 οὐκ
1111 4137 1183 4208 ἔστι
1204 4164 1260 4234 Ισοι
1279 4140 1398 4228 μικρὸς
1419 4135 1438 4207 ὸ
1460 4139 1615 4220 κίνδυνος,

342 4237 627 4328 ίπαχχελλύμενος
646 4247 703 4307 νῦν
723 4237 835 4308 πάντα
856 4240 899 4309 τὸ
920 4241 1146 4342 προειρημένα
1168 4239 1355 4333 φυλάττειν,
1379 4239 1502 4311 ἔπειτα
1521 4265 1617 4311 κατο-

342 4341 526 4430 λιχωρῆσαι
547 4347 607 4430 τῆς
628 4340 828 4429 ἀπαγγελίας
848 4339 906 4410 καί
925 4339 947 4431 ῆ
969 4344 1057 4432 πρὸς
1076 4343 1134 4414 τὸν
1153 4339 1319 4430 πρότερον
1334 4341 1412 4429 βίον
1426 4343 1615 4430 ἐπαναδρα·

341 4449 427 4528 μεῖν,
449 4439 471 4531 ῆ
492 4449 552 4510 τοῦ
573 4443 702 4532 πατρὸς
721 4449 932 4533 χωρισθῆναι
952 4445 1009 4512 καί
1029 4453 1095 4513 τῶν
1116 4446 1388 4532 συνασκουμένων
1409 4442 1575 4536 ἀδελφοῖν,
1596 4441 1615 4531 ’ῆ

341 4543 484 4627 μίνοντα
504 4543 562 4612 καί
581 4551 872 4634 καταφρονητικῶς
904 4547 1002 4635 ζῆσαι
1022 4545 1082 4627 τὰς
1102 4544 1230 4636 ἡμέρας
1250 4571 1321 4616 σου.
1360 4544 1459 4614 Ἐπεί
1478 4545 1617 4633 βαρυτί-

342 4665 404 4730 ρας
430 4643 516 4726 ἕξεις
540 4645 602 4726 τὸς
627 4641 773 4727 εὐθύνας
799 4648 894 4738 παρὸ
915 4649 954 4717 τὸ
975 4649 1057 4740 πρίν
1078 4648 1219 4723 ἀπὸτοῦ
1239 4654 1388 4740 φοβεροῦ
1409 4645 1616 4740 ἀπαραλοχί-
