3360 5304
931 401 1004 475 208
1068 457 1071 462 .

329 591 363 654 in
386 588 483 652 media
507 588 657 652 testudine
686 588 826 650 thronum
849 586 1079 654 eminentiorem
1103 585 1220 650 obtinet
1240 585 1379 650 Pontifex
1400 579 1432 672 (ή
1457 575 1524 650 ἅνω
1543 611 1595 652 κα-

331 688 464 774 θέδρα).
508 688 570 752 Sub
601 689 687 752 eltarl
716 689 801 751 locus
824 698 980 752 excavatus
1004 699 1059 762 est,
1087 707 1182 770 aquae
1206 707 1264 769 qna
1287 688 1432 752 inmissa
1456 690 1594 752 Sacerdos

331 793 462 856 abluitur
494 791 636 870 omnique
670 790 721 852 alii
749 799 820 870 post
850 799 1012 870 expurgata
1048 807 1116 854 rasa
1157 809 1243 854 sacra
1277 789 1385 854 eluviei
1412 790 1596 871 recipiendae

331 896 498 975 dispositus
522 886 703 972 (θάλασσα,
725 884 958 968 θαλαετίύιον)
986 887 1094 968 ,ματα
1114 883 1253 978 μίμησιν
1274 883 1356 967 ἴσως
1376 893 1436 975 τῆς
1457 889 1594 967 παλαιᾶς

332 990 429 1079 ἁγίας
456 995 603 1081 γραφῆς·
631 989 689 1057 καλ
717 987 931 1075 διεπορεύετο
958 988 997 1056 τὸ
1025 985 1115 1078 ύύιυρ
1142 985 1250 1080 κύκλῳ
1276 995 1337 1056 τού
1362 987 1594 1080 θυσιαστηρίου

331 1093 388 1162 καὶ
409 1091 468 1182 τήν
489 1089 667 1160 θάλασσαν
688 1087 836 1180 ἔπλησαν
857 1087 1013 1171 ύδατος.“

417 1199 451 1260 ln
480 1198 586 1260 eodem
613 1197 746 1260 sacrario
778 1195 866 1277 panis
896 1196 1064 1258 consecrati
1086 1197 1213 1259 frustula
1234 1186 1460 1279 tpopynpc'aco)
1482 1213 1535 1276 pro
1556 1197 1594 1258 in·

330 1300 426 1362 timiis
456 1307 656 1362 asservantur.
699 1298 863 1360 Recondita
893 1306 962 1360 sunt
989 1297 1020 1358 in
1047 1315 1119 1360 vaso
1143 1297 1251 1376 ligneo,
1281 1296 1332 1358 ubi
1354 1297 1384 1359 id
1407 1295 1475 1360 lieri
1496 1306 1594 1379 potest,

332 1411 473 1480 argenteo
497 1400 541 1463 vel
564 1419 664 1472 aureo,
688 1400 724 1462 nd
747 1398 863 1480 pyxidis
886 1399 981 1462 instar
1001 1397 1154 1460 elaborato
1170 1391 1373 1484 (μιξύμηλον,
1394 1392 1525 1476 πύξιον,
1544 1390 1595 1480 ἆρ-

331 1495 516 1588 τοφόριον).
558 1501 642 1564 lianc
664 1500 812 1582 pyxidem,
840 1517 942 1580 panno
971 1503 1086 1562 sericeo
1109 1499 1272 1562 involutam
1294 1510 1345 1564 aut
1366 1501 1488 1564 sacculo
1509 1500 1593 1562 inclu-

333 1622 407 1674 sam,
435 1621 520 1664 muro
550 1602 724 1684 appendunt
750 1619 807 1664 nec
840 1601 950 1664 desunt
976 1600 1009 1662 in
1036 1601 1176 1664 ecclesiis
1197 1601 1362 1664 maioribus
1385 1611 1416 1664 et
1439 1601 1593 1682 opulentio-

331 1705 417 1768 ribus
438 1704 550 1766 lnmina
571 1703 778 1766 indesinenter
798 1693 992 1788 ἀρτοφορύηι
1012 1711 1044 1764 et
1064 1703 1153 1764 simul
1175 1702 1260 1766 altari
1281 1703 1487 1785 praelucentis
1502 1693 1595 1778 (ἄνοι’-

332 1828 432 1890 μητα,
448 1794 616 1886 ι’ύσβεσεα).
659 1804 838 1885 Plerumque
853 1806 912 1868 hoc
927 1805 1107 1868 sacramenti
1123 1804 1344 1868 tabernaculum
1359 1824 1453 1886 super
1467 1806 1594 1868 thronum

332 1909 485 1990 pontilicis
508 1915 690 1970 exstructum
713 1906 804 1981 est¹lr
827 1906 859 1967 in
882 1905 950 1967 aliis
972 1906 1110 1970 ecclesiis
1133 1906 1232 1986 ipsum
1259 1915 1347 1968 ornat
1371 1906 1466 1970 altaro
1486 1907 1530 1969 ael
1544 1905 1595 1986 ipsi

332 2008 547 2091 superpendat.

417 2111 450 2172 ln
485 2109 558 2172 cella
589 2103 788 2192 προθέσεως
818 2105 964 2170 ιοΙΙοοοίε
997 2116 1045 2169 est
1076 2126 1179 2171 mensa
1212 2108 1259 2170 rel
1291 2127 1342 2170 ara
1375 2107 1595 2190 propositionis.

332 2213 366 2274 ln
391 2231 426 2276 eo
449 2209 599 2278 Sacerdos
622 2217 690 2271 ante
712 2209 835 2272 blissam
864 2217 895 2270 et
915 2227 974 2270 una
996 2227 1063 2272 cum
1086 2228 1122 2272 eo
1146 2209 1349 2272 ministrantes
1371 2228 1478 2274 omnes
1499 2229 1544 2273 res
1564 2205 1595 2268 ad

332 2331 451 2376 sacrum
484 2309 696 2392 complendum
723 2310 913 2374 necessarias
942 2319 975 2372 ut
1004 2328 1122 2388 panem,
1155 2312 1256 2380 vinum
1285 2321 1316 2374 et
1336 2311 1395 2374 elia
1416 2317 1595 2392 praeparant

333 2414 442 2494 quibus
465 2412 559 2474 linitis
580 2409 728 2474 secedunt
749 2419 780 2473 et
801 2410 833 2472 in
854 2409 956 2472 medio
978 2411 1079 2484 altari,
1110 2421 1253 2492 tanquam
1275 2413 1319 2474 rei
1341 2414 1478 2492 agendae
1500 2427 1596 2475 nomm

330 2513 513 2596 principium
535 2519 699 2584 sumentes,
722 2511 882 2591 implorato
904 2511 1006 2574 divino
1028 2514 1150 2576 numine
1172 2514 1293 2579 Missam
1316 2513 1467 2596 incipiunt
1487 2522 1595 2577 etcum

333 2635 409 2698 opus
432 2614 521 2678 luerit
545 2633 561 2676 a
583 2611 721 2676 Prothesi
745 2615 823 2676 done
845 2613 905 2675 iem
927 2623 1103 2696 praeparata
1126 2616 1162 2677 ad
1186 2615 1279 2679 altare
1301 2615 1480 2694 deterunt.¹)

336 2783 639 2798 u—-u-—ua—-u-R—

308 2942 310 2948 ,
419 2887 443 2949 1)
470 2887 557 2938 Goar.
576 2885 623 2936 l.c.
642 2901 666 2949 p.
680 2884 725 2936 ld:
744 2885 770 2934 ln
789 2900 904 2950 supremo
924 2885 1023 2938 fornicis
1042 2888 1096 2937 sinu
1113 2887 1235 2944 Christum
1254 2887 1332 2938 divina
1349 2901 1434 2938 sacrae
1453 2902 1548 2938 mensae
1564 2885 1596 2934 in·

333 2973 470 3024 stitnentem
489 2971 525 3021 uel
543 2971 612 3035 quasi
630 2970 730 3036 populo,
749 2985 835 3036 preces
850 2971 969 3032 offerenti,
988 2971 1183 3022 benedicentem:
1202 2979 1225 3022 et
1243 2972 1427 3037 inlerinspaulo
1438 2973 1595 3036 sacrnrnlpo·

333 3058 453 3108 stolorum
478 3056 580 3108 chorum
606 3055 737 3120 depingere
763 3055 799 3104 rel
818 3069 892 3119 opere
911 3055 1002 3106 musivo
1021 3056 1101 3107 solent
1118 3057 1251 3122 exprimere
1270 3063 1293 3106 et
1311 3071 1491 3122 nonnumquam
1510 3057 1595 3106 llierer·

333 3143 390 3192 ches
413 3157 471 3192 suos
496 3141 643 3205 Dionysium,
667 3139 791 3201 Basiliam,
815 3140 966 3203 drogonum,
990 3140 1188 3204 chrysostomum
1213 3150 1359 3206 sanctosque
1382 3140 1446 3192 alios
1465 3139 1595 3192 Sacerdotes

332 3227 408 3278 sacris
427 3225 523 3277 indutos
542 3225 665 3276 coloribus
689 3225 814 3288 effingunt,
838 3223 958 3276 Diaconos
976 3234 1055 3275 autem
1075 3241 1208 3292 nusquam
1233 3233 1257 3275 et
1274 3226 1294 3276 si
1313 3240 1384 3290 qnos,
1405 3233 1432 3275 nt
1449 3227 1595 3290 Stephanum,

330 3310 484 3374 Laurentius,
501 3311 616 3376 Ephraim
635 3319 680 3360 etc.
698 3309 843 3371 imaginibus
861 3311 885 3360 in
903 3319 953 3361 toto
972 3311 1098 3360 tribunalis
1118 3311 1207 3362 ambito
1226 3310 1341 3360 decorose
1360 3312 1468 3377 cupiunt,
1486 3309 1539 3359 illos
1560 3320 1595 3354 cx-

332 3404 368 3447 tra
387 3397 496 3447 absidem
516 3397 538 3446 in
557 3391 715 3444 διακονικοῡ
732 3403 808 3461 parto,
835 3395 871 3444 rel
896 3395 1024 3445 hincinde
1043 3395 1072 3446 ad
1091 3395 1192 3446 laterum
1211 3409 1294 3445 muros
1312 3396 1384 3446 variis
1402 3395 1511 3446 colorum
1529 3393 1596 3442 linea·

332 3482 419 3531 mentis
438 3482 565 3532 efformare
583 3478 787 3529 consueverunt.“
823 3477 946 3542 Sigoilloat
968 3479 1031 3529 eninr
1055 3474 1085 3528 τὸ
1109 3473 1191 3544 dyona
1213 3479 1288 3546 βήμα
1312 3495 1340 3529 ex
1358 3480 1471 3531 Germani
1488 3475 1595 3530 sententia

331 3566 454 3624 thronnm‚
474 3566 498 3614 in
516 3578 563 3629 qno
579 3563 744 3613 universorum
762 3576 803 3612 rex
821 3563 942 3627 praesidet
959 3577 1014 3613 cum
1033 3563 1084 3614 suls
1102 3564 1220 3628 apostolis
1238 3571 1311 3629 prout
1334 3565 1383 3614 illia
1405 3565 1535 3630 praedixit:
1556 3560 1596 3610 Se·

333 3648 420 3700 debitis
437 3661 511 3712 super
529 3647 599 3696 sedes
618 3645 744 3696 duodecim
764 3653 809 3696 etc.

418 3731 444 3794 2)
469 3729 702 3783 Christodnlos
721 3731 744 3780 in
763 3729 887 3782 catechesi
906 3731 1008 3783 Sancta:
1026 3755 1058 3770 -
1076 3724 1093 3790 ή
1111 3725 1195 3798 ἁγία
1213 3723 1367 3796 τράπεζα
1384 3720 1457 3782 εἶναι
1473 3726 1503 3781 τὸ
1519 3727 1597 3779 πλίον

332 3813 473 3881 ἐξαίρετον
489 3815 574 3884 μέρος
591 3811 636 3877 τῆς
653 3810 804 3876 ἐκκλησίας,
823 3813 870 3863 καλ
888 3809 1030 3866 derisoriae
1048 3807 1172 3880 στήκεται
1190 3815 1229 3874 είς
1246 3811 1275 3868 τὸ
1291 3817 1380 3884 μέσον
1396 3815 1446 3866 τοῦ
1462 3807 1597 3882 ύμίουβή-

332 3915 426 3968 ματος,
450 3889 522 3950 ὅπου
546 3889 617 3948 εἶναι
639 3893 669 3947 ad
694 3891 891 3964 θυσιαστήριον
913 3887 931 3961 ή
954 3897 1002 3948 καλ
1025 3893 1190 3967 ἱλαστήριον,
1216 3893 1285 3950 αὐτὰ
1301 3896 1334 3950 τὰ
1351 3897 1418 3966 ἅγια
1436 3900 1491 3950 τῶν
1507 3893 1595 3966 clytus.

331 3983 390 4034 Kal
407 3975 559 4052 σημαύεύει
574 3982 624 4045 τήν
640 3973 777 4047 τράπεζαν
793 3978 860 4032 καθ’
881 3976 915 4046 ἣν
931 3982 979 4032 καλ
996 3980 1028 4034 ἐν
1045 3983 1082 4048 τῷ·
1096 3984 1222 4053 μουσικῷ
1239 3979 1324 4036 ednod
1340 3983 1445 4050 δείπνῳ
1453 3978 1596 4051 μέσοντολν

332 4062 497 4120 ἀποστόλων
519 4059 604 4117 αὑτοῦ
627 4068 745 4124 καθίσας
768 4061 783 4118 ὁ
808 4061 902 4135 κύριος
918 4061 999 4136 ήμαῑν
1016 4066 1064 4120 καλ
1080 4062 1173 4132 λαβών
1189 4059 1276 4138 ύρτον
1291 4067 1347 4118 κιλ.
1382 4059 1540 4136 Σημαύεύει
1555 4061 1596 4114 καλ

332 4149 363 4204 τύ
379 4151 486 4223 μνῆμα,
503 4151 543 4209 είς
559 4145 589 4202 τὸ
608 4144 709 4202 ὁποῖον
727 4149 843 4218 ἔθαψαν
859 4148 1047 4220 τόνΧριστόν.
1066 4146 1082 4216 ή
1100 4145 1166 4218 ἁγία
1184 4143 1304 4222 τράπεζα
1321 4150 1397 4204 ἐστίν
1413 4147 1477 4204 ἀντὶ
1493 4139 1595 4203 τοῦτο’-

333 4251 389 4286 που
407 4237 452 4301 τής
469 4235 558 4304 ταφής
573 4233 605 4286 ἐν
623 4219 644 4300 ᾧ
661 4231 742 4299 ἐτέθη
760 4227 775 4285 ὁ
794 4234 916 4304 Χριστὸς
932 4234 964 4287 ἐν
981 4221 998 4306 ᾖ
1016 4231 1157 4304 πρόκειται
1175 4231 1189 4288 ci
1208 4232 1338 4306 σύράνιος
1354 4227 1437 4302 ἄρτος
1453 4265 1483 4276 -
1494 4263 1527 4274 -
1544 4231 1596 4294 ἐξη-

333 4323 421 4386 γεῖται
443 4319 491 4370 καὶ
514 4311 585 4370 eirca
608 4313 623 4370 al
643 4315 807 4386 χερουβικός
827 4311 931 4386 θρόνος
951 4321 1000 4372 τοῦ
1022 4315 1149 4388 μεγάλου
1170 4321 1303 4385 βασιλέως
1320 4319 1351 4372 ἐν
1368 4305 1390 4370 ὦ
1408 4316 1422 4373 d
1441 4307 1596 4387 ἐπουράνιος

332 4399 399 4461 θεὸς
420 4397 434 4455 d
460 4402 579 4455 ἐπὶτῶν
597 4403 742 4472 Χερουβὶμ
770 4399 961 4474 ἐποχούμενος
977 4407 1146 4472 σωματιύελς
1162 4397 1385 4457 ἐπανεπαύσατο.
1408 4431 1441 4444 ·-
1458 4433 1492 4444 ·-
1506 4400 1596 4471 ‘Eppon-

334 4483 408 4538 νεύει
430 4485 479 4552 τήν
502 4483 678 4555 πρόθεσιν
702 4482 717 4538 ὁ
735 4481 1037 4548 Κανσταντινοπύλεαις
1054 4486 1195 4560 Γερμανὸς
1208 4487 1244 4542 νᾶ
1261 4484 1403 4560 σημαύεύη
1420 4485 1451 4542 τύ
1469 4485 1597 4552 nullust?

336 4560 408 4620 ὅπου
426 4565 562 4638 ἐγεννήθη
581 4565 734 4638 ύΧριστὸς,
752 4565 800 4635 τὴν
818 4569 850 4622 ἐν
866 4569 990 4642 Ναζαρὲτ
1007 4574 1054 4624 καλ
1070 4571 1264 4645 Καπιρναούμ
1281 4572 1423 4641 διατριβήν
1439 4568 1525 4626 estet
1538 4560 1596 4638 ύροε

335 4651 367 4705 τὸ
386 4654 512 4721 Γολγοθᾷ
530 4681 562 4695 -
574 4641 612 4695 '—
631 4650 677 4707 daci
695 4650 724 4707 τύ
743 4652 843 4709 ὁποῖον
859 4657 908 4712 καλ
923 4651 938 4722 ἡ
956 4649 1074 4726 τράπεζα
1092 4649 1163 4711 εἶναι
1181 4655 1273 4712 πάντα
1289 4655 1359 4731 σιμοὶ
1377 4661 1416 4720 είς
1432 4655 1480 4726 τήν
1496 4649 1596 4727 πρόθε-
