3416 5290
690 428 761 506 671

379 599 466 678 Εέτα
486 607 641 702 ἐπερωτᾷ
661 606 763 684 αῦτδν
784 609 838 682 δ’
826 613 943 703 αρνδτ,
964 613 1085 704 λόγων·

180 721 225 792 Τι’
243 725 446 813 προςῆλθες,
469 723 606 819 δδελφδ,
632 728 856 818 προςπίπτων
881 736 930 823 τῷ
951 728 1036 824 δγίρι
1056 732 1288 826 θυσιαστηρίῳ
1308 735 1366 806 καί

87 825 131 914 τῇ
152 819 233 916 ἁγίᾳ
252 824 393 920 συνοδίᾳ
412 826 535 921 ταύτης

173 921 381 1016 Ἀπόκρισις.
422 933 553 1000 Πσθιῦν
572 931 634 1000 τὸν
652 931 728 1019 βίον
749 939 809 1024 τῆς
829 929 1009 1024 δινήσεως,
1030 932 1122 1024 τίμιε
1141 933 1261 1026 πότερ.

173 1022 360 1119 Ἐρώτησις.
401 1035 536 1114 Παθαῖς
556 1028 745 1124 ἀξιωθῆναι
765 1061 826 1106 του
810 1033 1021 1126 ’όγγελικσῦ
1041 1035 1209 1128 σχήματος
1228 1037 1286 1108 καί
1305 1063 1366 1107 ια,

88 1135 273 1217 τσταγῆναι
294 1131 331 1200 ἐν
350 1138 399 1224 τηῦ
417 1138 506 1224 χορῷ
526 1141 593 1202 τῶν
611 1133 840 1223 μοναζόντωις

46 1243 52 1261 ’
171 1224 378 1322 Ἀπόνρισις.
419 1235 501 1320 Ναί,
525 1234 616 1322 τίμιι
635 1235 755 1327 πάτερ.

635 1367 674 1440 ‘0
696 1367 813 1462 λερεός.

172 1478 296 1570 Ὀντως
323 1483 473 1555 καλὸν
451 1512 547 1578 εργον
566 1488 623 1561 καὶ
642 1487 808 1581 μακάριον
828 1489 976 1576 ἐξελέξω,
1007 1487 1078 1562 ιἰλλ’
1101 1487 1169 1563 ἐὰν
1179 1519 1237 1564 και
1227 1491 1364 1564 τελει-

88 1581 188 1679 ώσης.
235 1587 287 1654 Τὰ
307 1585 368 1680 γδρ
390 1587 476 1656 καλὰ
497 1585 636 1678 ἔργα
597 1615 694 1681 κοπρι
714 1598 857 1662 κτῶνται
877 1618 935 1663 και
955 1591 1051 1686 πόνῳ
1071 1597 1328 1686 κατορθοῦνται.

170 1684 359 1780 Ἐρώτησις.
400 1685 553 1782 Ἐκουσίηι
574 1715 634 1762 σου
656 1699 696 1783 τῇ
716 1691 827 1785 γνώμη
849 1692 1012 1789 πρσςέρχη
1033 1702 1082 1788 τηῦ
1103 1694 1236 1790 Καρίης

169 1785 376 1880 Ἀπόκρισις.
418 1791 499 1874 Ναι,
521 1789 612 1880 τίμιε
632 1791 752 1884 πάτερ.

169 1887 358 1983 Ἐρώτησις.
400 1889 509 1982 MV
485 1920 522 1962 εκ
542 1919 633 1978 τινος
652 1892 803 1988 ἀνάγκης,
824 1922 844 1986 η
837 1891 963 1984 βιας

169 1989 376 2082 Ἀπόκρισις.
423 1989 515 2078 Οδχὶ,
536 1994 627 2083 τίμιε
647 1995 766 2086 πάτερ.

170 2089 358 2186 Ἐρώτησις.
397 2089 592 2188 Ἀπατόσση
618 2104 667 2189 τῷ
692 2096 807 2191 κόσμῳ
827 2097 884 2168 καί
905 2103 977 2180 τοῖς
998 2097 1034 2169 ἐν
1054 2104 1103 2190 τῷ
1123 2095 1248 2204 κόσμῳ,
1277 2101 1364 2180 κατὰ

81 2195 146 2286 τὴν
166 2187 304 2287 ἐντολην
323 2222 383 2265 του
368 2196 551 2284 ’ςΚυρίσυ

167 2293 374 2390 Ἀπόκρισις.
417 2297 498 2384 Ναί,
520 2306 582 2369 τοῦ
604 2303 694 2370 Θεοῦ
714 2307 956 2390 συνεργοῦντος,
981 2298 1071 2390 τίμια
1073 2298 1211 2430 πάτερ,

169 2395 359 2493 Ἐρώτησις.
400 2351 615 2488 Παρδμόνεις
642 2407 691 2492 τηῦ
719 2399 931 2496 μαναστηρίῳ
961 2401 1019 2474 καὶ
1049 2409 1090 2496 τῇ
1118 2399 1265 2495 δοκήσει,
1298 2404 1362 2492 ἕως

82 2498 226 2593 ἐσχάτης
246 2526 308 2571 σου
330 2497 520 2592 ἇναπναῆςς

167 2597 374 2695 Ἀπόκρισις.
417 2603 499 2687 Ναι,
521 2599 611 2693 τίμιε
631 2601 750 2696 πάτερ.

167 2700 356 2798 Ἐρώτησις.
398 2704 522 2790 Σώζεις
547 2706 644 2796 μέχρι
670 2704 823 2778 θανᾶτου
852 2707 912 2800 τὴν
933 2705 1084 2800 ὑπακοὴν
1104 2703 1362 2800 τηῦπροεστώτι

79 2805 142 2876 καί
162 2805 256 2898 πόση
277 2813 317 2898 τῇ
339 2805 374 2876 ἐν
393 2813 532 2898 Χριστῷ
553 2803 775 2901 ἀδελφότητις

167 2902 374 2996 Ἀπόκρισις.
416 2907 499 2990 Ναί,
521 2915 581 2977 τοῦ
604 2914 693 2978 Θεοῦ
713 2915 955 2999 συνεργοῦντος,
979 2907 1070 2998 τίμιε
1090 2908 1209 3000 πάτερ.

168 3003 355 3097 Ἐρώτησις.
394 3003 591 3094 Ὑπομέιεις
617 3015 730 3078 πᾶσαν
756 3009 882 3100 θλίψιν
902 3008 959 3079 καὶ
980 3008 1198 3099 στενοχωρίαν
1219 3017 1280 3080 τοῦ
1297 3037 1363 3098 μσ-

78 3104 206 3199 νήραυς
224 3102 313 3193 βίου,
337 3107 395 3177 διὰ
415 3107 475 3199 τὴν
494 3106 669 3194 βασιλείαν
691 3117 756 3179 τιῦν
778 3109 942 3199 σῦραυῶνς

169 3205 375 3297 Ἀπόκρισις.
417 3209 499 3292 Ναὶ,
521 3217 582 3278 τοῦ
604 3215 694 3280 Θεοῦ
715 3219 957 3303 συνεργοῦντος,
979 3209 1070 3298 τίμιε
1089 3207 1209 3301 πότερ.

168 3307 356 3404 Ἐρώτησις.
403 3307 587 3394 Θυλόττεις
608 3313 748 3382 σεαυτὸν
767 3313 803 3384 ἐν
823 3309 996 3406 παρθενίη
1015 3312 1073 3382 καί
1094 3310 1290 3406 σωφροσύνη
1304 3313 1362 3384 καί

78 3409 261 3506 εὖλαβείης

166 3512 373 3606 Ἀπόκρισις.
414 3513 496 3598 Ναί,
519 3521 580 3585 τοῦ
603 3519 692 3586 Θεοῦ
713 3523 956 3607 συνεργοῦντος,
977 3513 1069 3604 τίμιε
1089 3513 1207 3606 πάτερ.

496 3651 569 3722 Καὶ
589 3649 693 3734 εὐθὺς
712 3648 733 3739 ἡ
755 3650 942 3744 κατήχησις.

169 3752 294 3836 Βλέπε,
316 3755 439 3838 τέκνω,
461 3755 536 3835 οἵας
556 3751 726 3844 συνθήκας
747 3751 849 3836 δίδως
868 3760 917 3844 τῷ
938 3751 1086 3846 δεσπότῃ
1107 3758 1255 3842 Χριστῷ.
1277 3746 1361 3841 Ἀγ-

80 3855 176 3944 γελοι
195 3855 258 3945 γὰρ
279 3852 436 3946 πάρεισιν
457 3853 610 3945 δορότως
631 3851 910 3946 όπογραφόμενσι
930 3855 989 3946 τὴν
1010 3851 1190 3944 ὁμολογίαν
1203 3879 1265 3924 σου
1279 3852 1361 3924 ταῦ-

79 3982 152 4048 την,
179 3951 220 4047 ἣν
247 3957 304 4028 καὶ
329 3957 465 4045 μέλλεις
490 3953 717 4027 ἀπαιτεῖσθαι
738 3957 773 4026 ἐν
793 3964 833 4048 τῇ
855 3955 995 4049 δευτέρᾳ
1014 3955 1186 4048 παρουσίᾳ
1207 3961 1267 4025 τοῦ
1288 3961 1361 4024 Κυ-
1454 3971 1459 3982 ’

82 4055 159 4150 ρίου
186 4055 280 4150 ἡμῶν
305 4054 413 4150 Ἰησοῦ
439 4065 601 4149 Χριστοῦ.
641 4055 851 4150 Ὑφηγοῦμαι
884 4050 943 4128 οῦν
975 4081 1032 4129 σοι
1063 4058 1124 4148 την
1149 4054 1360 4147 τελειοτάτην

83 4159 182 4250 ζωὴν,
203 4160 240 4230 ἐν
260 4152 281 4252 ᾖ
300 4161 387 4230 κατὰ
406 4157 545 4252 μίμησιν
565 4157 586 4251 ἠ
609 4167 670 4229 τοῦ
691 4157 819 4247 Κυρίου
840 4157 998 4230 πολιτεία
1014 4157 1249 4230 διαδείκιυται.
1270 4163 1361 4228 Δια-

80 4259 351 4352 μαρτυρσῦμενος
378 4259 465 4352 διπερ
490 4261 550 4352 χρὴ
580 4258 808 4333 ἀσπάσασθαί
827 4286 866 4330 σε
885 4261 944 4331 καὶ
964 4253 1073 4349 ώνπερ
1096 4260 1174 4331 δίον
1194 4259 1360 4350 ἐκφυγεῖν.

79 4357 127 4430 Ἡ
145 4357 298 4453 δνιαταγὴ
321 4363 432 4434 τοίνυν
454 4359 551 4433 οῦδὲν
571 4358 654 4432 όλλα
675 4361 748 4434 ἐστὶ
768 4362 854 4432 κατὰ
874 4363 932 4432 τὸν
953 4361 1104 4446 εἰπόντα,
1137 4359 1168 4431 εί
1187 4361 1234 4454 μὴ
1257 4386 1359 4431 σταυ·

83 4469 146 4551 ραῦ
174 4465 232 4535 καὶ
258 4465 410 4536 θανάτου
432 4461 624 4556 ἐπαγγελία.
666 4463 812 4535 Γίνωσκε
833 4458 893 4534 οῦν
913 4459 983 4536 ἀπὸ
1004 4471 1064 4555 τῆς
1084 4461 1256 4554 παρούσης
1275 4460 1359 4587 ημέ-

83 4661 267 4756 δποταγῦς.
298 4661 491 4760 Ἀπστόσση
513 4667 576 4760 γὰρ
596 4674 755 4757 γονεῦσιν,
777 4665 949 4761 ἀδελφοῖς,
970 4669 1108 4759 γυναικὶ,
1129 4667 1267 4750 τέκνοις,
1288 4689 1360 4736 πα-
