3360 5304
896 422 967 496 192

371 609 516 708 Cumque
548 609 639 682 venit
664 607 836 680 Diaconos
872 608 918 680 od
946 609 1152 705 portandum
1184 607 1322 682 calicem
1349 609 1441 684 dicit.
1494 610 1580 684 Pre-

293 737 408 787 ccmur
432 735 548 810 pacem
574 710 763 783 nobiscum.

370 829 538 904 Sacerdos
565 829 657 901 dicit.
710 825 822 900 Gratia
848 827 994 925 Spiritus
1022 828 1127 902 sancti
1156 830 1200 902 sit
1225 839 1348 922 tecum,
1382 829 1578 924 nobiscum,

294 943 327 1006 et
353 955 430 1005 cum
455 931 714 1028 suscipientibus
741 929 845 1004 illum.

371 1033 416 1107 Et
443 1034 501 1106 dot
527 1033 676 1106 Diccono
702 1031 851 1105 culicem.
905 1031 1075 1103 Diaconos
1103 1031 1194 1104 dicit.
1249 1031 1396 1104 Dencdic
1415 1032 1576 1108 Domine.

372 1134 549 1208 Sacerdos.
585 1135 719 1206 Donum
746 1132 871 1228 gratiae
898 1133 1121 1226 vivificatoris,
1150 1143 1184 1209 et
1208 1133 1343 1206 Domini
1369 1137 1476 1210 nostri
1496 1137 1578 1209 lesu

294 1235 418 1310 Christi
446 1237 661 1333 compleatur,
688 1236 722 1307 in
750 1234 1033 1328 miserationibus,
1062 1258 1138 1308 cum
1164 1235 1331 1310 omnibus.

370 1355 416 1430 lit
452 1357 563 1450 sipnct
600 1377 700 1426 cruce
731 1353 904 1450 populum.
967 1351 1101 1426 lntcrcc
1139 1355 1299 1427 dicuntur
1333 1353 1578 1452 llcspocsorio.

292 1455 467 1530 Fratres
506 1456 723 1552 suscipite
759 1477 917 1551 corpus
943 1453 1070 1547 Filii,
1099 1455 1251 1528 clamat
1277 1455 1496 1530 Ecclesia:
1535 1465 1581 1528 et

296 1558 438 1632 bibite
465 1557 645 1631 calicem
672 1557 764 1629 eius
793 1581 882 1628 cum
909 1556 1000 1628 lide
1027 1557 1068 1629 in
1095 1560 1218 1654 regni
1246 1559 1377 1632 domo.

371 1677 497 1750 Diebus
523 1677 633 1774 festis.
686 1674 818 1747 Robora
845 1675 998 1747 Domine.

373 1778 557 1851 Dominico.
609 1777 751 1850 Domine
778 1775 854 1849 lesu
879 1776 1022 1849 Christe.

373 1880 542 1968 Quotidie.
594 1878 748 1973 Mysteria
775 1903 860 1975 quae
894 1877 1113 1974 suscepimus.

371 1981 496 2054 Finitis
520 1979 755 2076 Respoosoriis
782 1981 953 2052 Diaconos
979 1980 1061 2051 dicit
1125 1979 1251 2053 Omnes
1278 1981 1390 2075 igitur.

372 2082 417 2156 m
443 2082 653 2178 respondent.
703 2081 815 2153 Gloria
841 2082 905 2177 ipsi
933 2091 1069 2178 propter
1095 2081 1219 2156 donum
1246 2105 1344 2154 suum
1371 2082 1552 2157 ineffabile.

372 2183 553 2256 Diaconos.
605 2181 784 2255 Precemur
810 2207 926 2279 pacem
952 2183 1138 2256 nobiscum.
1231 2277 1235 2284 .

451 2349 619 2424 Sacerdos
645 2350 681 2423 in
706 2351 813 2424 medio
840 2351 963 2425 altoris
990 2352 1071 2426 dicit
1099 2351 1184 2426 banc
1213 2349 1417 2424 Orationem.

372 2483 441 2559 XX.
468 2485 615 2581 Dignum
643 2496 695 2558 est
711 2487 866 2578 Domine,
892 2488 1018 2562 iustum
1044 2497 1078 2559 et
1103 2511 1246 2584 aequum
1268 2487 1423 2560 omnibus
1442 2487 1579 2581 dicbus,

296 2586 502 2685 temporibus
529 2598 563 2659 et
588 2588 681 2662 boris
708 2589 871 2681 confiteri,
899 2591 1049 2681 adorare,
1084 2599 1117 2662 ct
1142 2589 1276 2662 laudare
1305 2613 1426 2662 nomen
1453 2590 1579 2661 timen-

298 2693 377 2764 dum
404 2689 587 2762 maiestatis
614 2701 702 2781 tuae,
729 2691 804 2788 quia
833 2693 953 2786 dignos
980 2691 1088 2764 iecisti
1115 2715 1177 2764 nos
1196 2691 1338 2763 Domine
1356 2692 1580 2787 pergratiam

295 2803 399 2884 tuam,
427 2791 580 2865 homines
607 2792 763 2866 mortales
790 2793 1040 2889 imbecillasque
1066 2805 1217 2885 naturae,
1254 2804 1292 2866 ut
1317 2817 1391 2866 cum
1419 2794 1580 2889 spiritua·

296 2893 384 2966 libus
411 2916 533 2966 nomen
561 2904 655 2966 tuum
681 2896 977 2987 sanctificaremus,
1014 2905 1049 2966 et
1073 2895 1307 2990 mysteriorum
1335 2895 1413 2967 doni
1442 2897 1490 2968 tui
1517 2896 1579 2966 lic-

296 3019 409 3068 remus
446 2995 635 3092 participes,
674 3008 708 3068 et
742 2998 902 3069 suavitate
929 2997 1137 3092 eloquiorum
1161 3009 1293 3071 tuorum
1321 2997 1577 3070 delectaremur.

295 3097 340 3170 Et
372 3121 469 3169 voces
506 3097 631 3192 gloriae
666 3109 699 3170 et
732 3098 953 3172 consessionis
989 3099 1150 3171 divinitati
1178 3111 1253 3171 tuae
1280 3098 1414 3172 sublimi
1441 3123 1579 3195 semper

296 3200 474 3272 referimus
501 3199 654 3272 Domine.

370 3317 460 3390 Alie.
514 3318 666 3392 Christus
693 3318 784 3391 Deus
810 3330 936 3411 noster,
963 3313 1145 3411 Dominus,
1179 3317 1260 3412 Rex,
1298 3319 1441 3391 salvator
1467 3329 1501 3390 et
1527 3319 1577 3390 vi·

296 3419 444 3490 vificator
477 3431 604 3512 noster,
638 3445 698 3517 per
731 3421 871 3514 gratiam
904 3443 999 3492 suam
1026 3421 1146 3516 dignos
1173 3419 1253 3492 lecit
1277 3445 1339 3494 nos
1367 3419 1577 3516 suscipiendi

297 3543 418 3616 corpus
445 3521 530 3613 eius,
564 3523 828 3618 sanguinemque
856 3521 929 3593 eins
955 3522 1139 3618 pretiosum
1165 3533 1198 3593 et
1225 3523 1336 3594 omnia
1364 3523 1578 3594 sanctifican-

297 3630 381 3692 tem:
411 3621 482 3715 ipse
510 3622 566 3694 det
592 3623 689 3696 nobis
717 3633 754 3695 ut
779 3623 968 3719 placeamus
994 3623 1053 3715 illi,
1087 3623 1209 3716 verbis,
1243 3623 1414 3720 operibus,
1448 3626 1578 3720 cogita·

297 3719 445 3792 tionibus
472 3722 627 3795 atlantis
655 3724 791 3815 nostris,
818 3725 899 3798 adeo
928 3734 965 3796 ut
989 3725 1111 3821 pignus
1139 3726 1228 3799 istud
1255 3727 1343 3822 quod
1370 3727 1578 3822 accepimus

296 3823 341 3896 sit
367 3822 464 3894 nobis
483 3824 522 3895 ad
541 3825 670 3897 veniam
690 3826 898 3919 delictorum,
925 3827 1159 3900 remissionem
1176 3839 1402 3925 pcccatorum,
1428 3838 1462 3899 et
1479 3851 1578 3923 spem

295 3947 450 4020 magnam
483 3928 738 4000 resurrectionis
765 3953 783 4000 a
810 3928 964 4021 mortuis,
996 3930 1161 4027 vitamque
1197 3954 1313 4002 novam
1340 3941 1375 4002 et
1398 3953 1510 4001 veram
1539 3930 1577 4002 in

295 4049 398 4122 regno
437 4027 616 4121 coelorum,
653 4053 729 4102 curn
763 4030 919 4103 omnibus
956 4032 1011 4126 qui
1047 4055 1158 4103 coram
1193 4054 1232 4103 co
1259 4032 1473 4129 placuerunt:
1511 4055 1578 4126 per

296 4129 436 4226 gratiam
463 4129 535 4204 eius
563 4141 596 4202 et
622 4131 852 4205 miserationes
880 4133 952 4205 eius
980 4133 1013 4204 in
1041 4134 1182 4206 saecula.

372 4247 499 4321 Diebus
525 4249 719 4324 ordinariis.
772 4250 921 4323 Laudem
962 4251 1123 4343 Domine,
1166 4251 1345 4344 bonorem,
1388 4250 1577 4324 corrlcssio·

296 4371 373 4420 nem
400 4359 434 4421 et
467 4351 648 4444 gratiarum
684 4354 849 4424 actionem
875 4352 1036 4425 debemus
1064 4353 1190 4426 selerne
1216 4354 1370 4426 Trinitati
1398 4371 1474 4425 tuae
1502 4353 1575 4446 glo·

296 4451 417 4543 riosae,
452 4475 511 4548 pro
547 4455 634 4525 dono
669 4455 902 4548 mysteriorum
936 4467 1070 4528 tuorum
1098 4457 1301 4550 sanctorum,
1338 4480 1421 4554 quae
1450 4453 1575 4526 dedisti

297 4551 394 4666 nobis
434 4553 473 4626 acl
516 4556 786 4654 propitiationem
828 4558 1024 4632 delictorum
1068 4569 1281 4652 nostrorum,
1323 4557 1463 4630 Domine
1501 4580 1574 4628 om-

297 4675 401 4726 nrum.
