3314 5304
661 455 735 531 359

73 669 239 770 μενων,
266 647 350 716 τοῦ
386 645 614 738 σταυροῦ,
650 647 734 716 τοῦ
760 636 935 768 τάφον,
972 649 1050 736 τῆς
1075 639 1333 741 τριημέρου

74 738 380 830 ἀναστάσεως,
406 749 485 837 τῆς
510 745 575 826 είς
600 741 834 837 οῦρανοῦς
859 741 1157 840 ἀναβάσεως,
1183 770 1335 840 της
1286 745 1335 818 έ

75 845 225 930 δεξιῶν
260 842 523 971 καθέδρας,
560 851 639 939 τῆς
673 845 894 942 δευτέρας
918 873 996 919 και
984 841 1219 930 ένδάξου
1245 840 1334 919 πά-

74 957 137 1022 λιν
159 943 423 1054 παρουσίας
449 948 563 1041 (clem
580 948 637 1020 14.
664 949 729 1020 lac.
742 947 801 1022 31.
828 948 890 1022 Mc.
906 949 976 1044 16).

589 1074 801 1170 Ἔκφάνησις.

146 1181 204 1257 Τά
232 1181 287 1256 σὰ
315 1182 479 1256 ἐκτῶν
506 1189 598 1259 σῶν
623 1181 697 1258 σοὶ
723 1182 1049 1284 προςφέρομεν
1071 1184 1144 1278 (Mc.
1159 1187 1217 1281 17)
1238 1182 1336 1258 κατὰ

75 1280 193 1374 πάντα,
218 1283 283 1358 καί
309 1281 373 1358 διά
399 1279 534 1359 πάντα.

613 1395 779 1490 Ὁχορός.

143 1501 244 1577 Σὲ
221 1510 457 1630 αανρῦμεν,
458 1501 497 1576 σε’
523 1503 763 1602 εὐλογοῦσιν,
791 1501 850 1577 σοὶ
874 1501 1180 1603 εὐχαριστοῦμεν,
1207 1500 1336 1606 Κύριε,

77 1632 127 1676 και
117 1600 316 1690 δεόμεθά
343 1629 412 1680 σου
439 1603 460 1678 ὅ
486 1603 615 1688 θεὸς
594 1612 714 1700 ηαιῦν.

508 1733 674 1823 Ὁιερεὺς
699 1733 886 1820 ἐπεύχεται.

137 1840 225 1913 Ἔτι
261 1839 587 1968 προςφέρορέν
621 1865 692 1915 σοι
717 1837 802 1935 τὴν
828 1837 979 1966 λογικὴν
1004 1835 1158 1938 ταύτην,
1194 1841 1259 1917 καί
1284 1843 1339 1917 ἀ-

78 1940 324 2028 ναίαακτον
345 1941 586 2070 λατρείαν
622 1945 697 2038 (lac.
720 1945 802 2038 31),
838 1940 902 2016 καὶ
935 1951 1238 2071 παρακαλοῦμεη,
1274 1943 1339 2018 καί

78 2039 226 2136 διίιιεθα
251 2040 316 2118 καὶ
340 2041 569 2138 ἱκετεύομεν
605 2041 918 2172 κατάπεμψον
951 2041 1001 2118 τὸ
1037 2040 1219 2141 πνεῦμά
1253 2070 1345 2122 σου.

78 2142 117 2216 τὸ
149 2143 282 2245 ἅγιον
319 2144 384 2243 ἀφ’
402 2144 554 2241 ἡμᾶς,
590 2145 668 2221 καί
703 2145 775 2220 ἐπὶ
809 2139 864 2246 τά
897 2143 1184 2242 προκείμενα
1211 2145 1337 2244 δῶρα

79 2253 208 2322 ταῦτα
237 2250 425 2386 (CleAn.14.
453 2248 601 2344 lac32)

148 2359 255 2430 Καὶι
237 2389 257 2430 ο
278 2363 340 2449 μὲν
363 2359 516 2443 διάκονος
532 2359 721 2487 ἀποτίάησι
739 2361 778 2430 τὸ
801 2358 973 2486 ῥιπίδιρν,
983 2361 1040 2430 καί
1062 2357 1193 2450 ἔρχεται
1207 2362 1339 2452 ἐγγύτε-

80 2487 126 2548 ρον
144 2471 187 2552 ιη]
210 2461 302 2552 ἱερεῖ,
324 2463 381 2531 καὶ
402 2470 641 2553 προςκανοῦσιν
662 2460 851 2554 ἀμφότεροι
871 2464 943 2551 τρίς
958 2459 1209 2576 ἔμπροσθεν
1168 2489 1227 2554 της
1241 2461 1339 2580 ἀνίας

81 2566 237 2680 τραπέζης,
260 2563 433 2652 εὐχόμεναι
453 2561 533 2635 καθ’
558 2563 706 2646 ἑαυτοὺς,
729 2591 786 2677 ηαι
777 2564 1028 2678 λέγονταςτὸ·
1065 2548 1259 2680 Κύθῑέιθ
1295 2551 1353 2626 ἴθ’

81 2650 248 2776 ιιανηίηιόν
274 2678 344 2728 σον
370 2655 586 2750 πνεῦμαέν
610 2661 655 2750 τῇ
681 2653 786 2751 τρίτη
813 2651 894 2781 ὥρηι
919 2659 996 2746 τοῖς
1023 2649 1241 2738 ἀποστόλοις
1270 2682 1340 2730 AA-

81 2755 270 2850 ταπέαιμας,
295 2762 407 2829 τοῦτο
433 2754 562 2880 ἀγαθέ
575 2785 627 2884 μη
614 2753 884 2850 ἀντανέλης’
864 2753 925 2882 αρ’
946 2752 1057 2852 ἡμῶν
1076 2794 1135 2838 και
1125 2766 1211 2838 τό·
1237 2761 1341 2886 Καρ-

82 2852 154 2930 δίαν
145 2856 357 2953 καθαράν
382 2855 512 2932 κτίσον
538 2858 614 2932 ἐν’
571 2855 719 2951 εαοὶὸ
742 2855 828 2939 Θεὸς
845 2853 909 2930 καὶ
925 2863 1073 2950 πνεῦμα
1090 2855 1232 2940 εῦθὲςέ
1232 2855 1342 2988 μκαί-

83 2963 236 3034 νισονέν
212 2965 339 3042 ντοῖς
364 2954 530 3086 ένκάτοις
554 2987 640 3053 μου.
683 2963 785 3040 Εἶτα·
809 2953 963 3056 Κάριε“
944 2988 964 3031 ο
982 2955 1025 3031 τὸ
1042 2954 1240 3059 πανάγιον.
1268 2957 1339 3085 Μὴ

84 3056 280 3187 ἀπορρίηιης
301 3088 347 3156 με
384 3059 457 3134 ἀπὸ
489 3067 558 3134 τοῦ
591 3055 786 3156 προςαίπου
814 3081 894 3134 σου.
938 3071 1009 3140 Καὶ
1026 3063 1199 3151 αὖθιςτό·
1226 3056 1340 3159 Κύριε

84 3157 154 3234 ἀτὸ
178 3158 375 3263 πανάνιον
422 3169 507 3244 Εἶτα
518 3176 594 3300 τηη
609 3174 756 3265 κεφαλὴν
777 3169 958 3253 ἀποκλίνας
979 3169 1176 3252 ὁδιάτονας,
1198 3200 1255 3241 και
1246 3173 1342 3244 δει-

84 3271 167 3343 κιίων
186 3276 246 3345 σὺν
267 3283 316 3392 τῷ
339 3273 497 3390 ιηραρίῳ
491 3276 550 3344 τὸν
572 3275 667 3364 ἅγιον
681 3270 790 3364 ἀρτον,
812 3275 902 3361 λέγει
914 3281 1090 3360 μαστικως.
1125 3257 1341 3361 Εῦλόγιησον

86 3359 288 3440 δέσποτα
250 3393 318 3439 τον
345 3364 454 3466 ἅγιον
481 3365 632 3462 άρτονκ
647 3376 705 3445 καὶ
732 3373 790 3444 ‹3‘
780 3376 886 3466 ιερεάς
918 3370 1136 3460 ἀνιστάμενος
1164 3373 1341 3466 σφραγίζει

85 3475 140 3564 τρίς
156 3479 196 3548 τά
218 3477 299 3568 ἀγια
321 3482 422 3571 δῶρα,
445 3480 566 3569 λέγων·

149 3583 236 3658 Καὶ
261 3585 460 3681 ποίησον
484 3585 565 3659 τὸν
589 3611 674 3678 μεν
692 3610 839 3677 αρτον
854 3609 1046 3670 τουτον,
1073 3579 1344 3678 τίμιονσῶ-
1405 3630 1411 3641 -

88 3707 132 3760 αα
152 3714 232 3761 του
214 3691 461 3780 Χριστοῦ
488 3708 573 3759 σου
593 3688 705 3781 (Clem.
721 3686 861 3759 1.41.1ac
873 3686 933 3759 32.
952 3686 1013 3758 Μο.
1029 3688 1107 3781 17)·
1128 3693 1343 3780 Ὁδιάκονος.

82 3779 185 3908 Ἀμήν.
237 3801 309 3869 Κατ
331 3791 474 3882 αὖθις“
457 3826 474 3868 ο
498 3796 608 3880 αὐτός.
652 3781 868 3886 Εάλόγησον
893 3784 1117 3860 δέσποτα
1079 3814 1122 3860 το
1148 3783 1258 3888 ἅγιον
1274 3815 1345 3862 πο-

87 3881 208 3984 τήριον·
239 3901 297 3971 καί
318 3899 337 3971 ἀ
361 3899 468 3990 ιερεὺς
491 3899 633 3992 εὐλογῶν
654 3901 754 3989 λέγει.

156 4005 210 4082 Τὸ
247 4005 349 4082 δε
333 4035 382 4080 εν
416 4014 477 4103 τῷ
504 4006 709 4104 ποτηρίῳ
735 4001 903 4102 τούτῳ,
929 4003 1089 4101 τίμιον
1116 4003 1232 4103 αἷμα
1258 4015 1344 4083 τοῦ

89 4107 278 4204 Χριστοῦ
305 4130 389 4182 σου
417 4078 530 4204 (Οίεω.
546 4111 603 4183 14.
630 4111 693 4182 lac.
707 4111 766 4184 32.
793 4108 855 4181 Μο.
870 4110 940 4204 17)
972 4117 1188 4201 Ὁάιάκονος.
1211 4102 1340 4204 Ἀμήν.

90 4221 143 4289 Καὶ
162 4217 299 4306 οῦθις“
282 4249 301 4292 ο
321 4221 475 4304 διάκονος
496 4221 651 4293 δεικνύων
670 4224 756 4309 μετὰ
769 4229 830 4291 τοῦ
844 4219 989 4313 ιάραρίου
1004 4217 1180 4311 ἀμφότερα
1193 4221 1236 4290 τά
1250 4219 1342 4311 ἀγιο,

93 4460 168 4513 αιτιοι
184 4473 206 4515 A
222 4467 320 4530 Anguis
338 4466 436 4530 Christi,
459 4465 594 4530 signinam
611 4465 725 4518 vocibus:
749 4464 850 4527 ποιεῖν,
866 4455 997 4531 ἆγιάζτιν,
1013 4460 1143 4526 τελειοῦν,
1160 4455 1343 4531 ἀποφαίνειν.

94 4544 236 4610 ίληεοεῑοτοί
261 4551 367 4602 officinm
393 4551 457 4603 λιιοιλ
476 4553 569 4616 ignorat
585 4545 749 4617 μεταβαίην,
767 4559 838 4616 qnam
856 4557 971 4616 operatur
988 4548 1101 4613 Spiritus.
1134 4547 1241 4599 Eandem
1259 4563 1342 4602 ιοοεοι

95 4629 172 4682 Adhibet
193 4635 250 4686 Cod.
268 4635 294 4686 Β.
317 4637 418 4702 repetita
442 4639 492 4688 vice
516 4638 539 4689 in
563 4649 626 4704 pano
650 4643 674 4687 At
695 4635 749 4685 vino
768 4635 941 4687 consecrando
976 4633 1058 4699 Neque
1077 4633 1145 4684 abest
1163 4647 1176 4683 ε
1194 4635 1348 4687 membranis·

95 4710 203 4771 Ραίιίιωλ
221 4729 243 4774 ει
261 4723 485 4788 Ετςρῑολετιελεαεί.
1078 4795 1136 4854 24*
