3388 5304
728 439 802 516 631

130 621 293 717 ὐνομίας
316 621 381 698 καὶ
406 623 473 710 τὰς
499 621 684 722 ἁμαρτίας
706 631 776 700 τοῦ
800 619 939 702 δούλου
962 649 1044 716 σου,
1068 623 1194 716 τοῦδε,
1221 625 1267 704 τὰ
1285 637 1405 725 πλημ-

130 722 325 822 μελήματα
351 725 470 801 αὐτοῦ
495 725 542 800 τὰ
569 723 719 801 ἑκούσια
743 725 807 801 καὶ
831 727 879 800 τὰ
906 724 1076 818 ἀκούσια,
1111 727 1159 818 τὰ
1200 732 1242 805 έν
1267 730 1404 832 γνῶσει

131 826 197 902 καλ
229 830 270 902 ἐν
304 826 467 955 ὐγνοίᾳ,.
485 828 532 902 τὰ
566 831 607 904 ἐν
638 825 851 926 παραβάσει
883 829 948 904 καί
979 831 1243 928 ε’ν·παρακοῇ,
1281 831 1329 906 τὰ
1362 835 1403 910 ἐν

130 928 241 1004 νυκτὶ
272 957 336 1004 και
369 932 410 1005 ἐν
442 929 573 1036 ᾑμέρᾳ,
606 928 630 1026 ἢ
662 929 735 1004 ὑπὸ
767 927 939 1028 κατάραν
968 930 1104 1028 ἱερέως,
1137 929 1162 1030 ἢ
1202 933 1341 1030 πατρὸς
1378 933 1403 1032 ή

131 1031 288 1127 μητέρος
312 1031 467 1133 ἐγένετο,
492 1025 517 1128 ή
542 1031 748 1130 ὐφθαλμὸν
772 1033 955 1140 εἱστίασεν
973 1029 998 1129 ἢ
1017 1033 1202 1132 ὄσφρησιν
1227 1031 1403 1131 ἐξεθήλυ-

129 1159 211 1234 νεν,
242 1130 268 1228 ἢ
301 1130 382 1230 δι’φή
414 1129 718 1230 κατεμαλακίσθη
749 1132 774 1231 ἢ
829 1131 928 1208 εῦσει
960 1131 1265 1229 κατεπόρνευσεν,
1298 1136 1321 1233 ἢ
1361 1141 1403 1212 ἐν

119 1223 329 1330 ὐίᾲδήποτε
353 1234 492 1346 κίνησει
519 1234 655 1333 σαρκὸς
675 1233 705 1334 ἢ
720 1235 929 1332 πνευματος
944 1243 1012 1310 τοῦ
1027 1243 1098 1311 ’σοῦ
1115 1234 1401 1337 ἀπηλλοτριώθη

130 1331 356 1430 θελήματος,
388 1336 453 1410 καὶ
484 1343 548 1433 τῆς
580 1345 646 1433 σῆς
671 1333 873 1438 ἁγιότητος.
926 1339 1013 1411 mu
1031 1335 1201 1435 ἥμαρτεν
1226 1335 1338 1423 αὐτός
1362 1369 1402 1416 τε

128 1435 195 1511 καὶ
218 1435 335 1532 ήμεῖς,
363 1436 413 1522 ῶς
438 1438 586 1540 ἀγαθὸς
609 1438 674 1514 καί
699 1439 950 1537 ὐμνησίκακος
978 1438 1066 1523 Θεὸς
1089 1439 1153 1515 καὶ
1179 1437 1401 1539 φιλάνθρω-

130 1565 212 1626 πος,
248 1536 503 1640 συγχώρησον,
536 1535 587 1637 μὴ
619 1543 693 1616 ε’ῶν
719 1537 836 1616 αὐτὸν
859 1540 926 1615 καὶ
947 1539 1046 1637 ἡμᾶς
1070 1546 1121 1625 είς
1144 1539 1212 1616 τὸν
1236 1548 1403 1640 ῥερυπω-

129 1640 248 1736 μένον
279 1638 367 1739 βίον
399 1648 632 1732 καταπεσεῖν,
659 1642 758 1738 μηδὲ
784 1643 926 1726 εἰςτὰς
951 1641 1146 1738 ὀλεθρίους
1170 1642 1283 1728 ὁδοὺς
1308 1643 1402 1720 ὐπο-

128 1741 283 1837 τρέχειν.
335 1741 423 1831 Ναὶ,
450 1742 611 1819 δέσποτα
628 1742 754 1839 Κύριε,
780 1740 989 1834 έπάκουσάν
1014 1771 1103 1834 μου,
1129 1751 1197 1820 τοῦ
1223 1745 1402 1841 ἁμαρτω-

128 1851 212 1932 λοῦ,
238 1845 279 1919 έν
303 1853 349 1939 τῇ
377 1844 457 1942 ὥρᾳ
481 1844 598 1941 ταύτῃ
624 1843 717 1940 ὑπὲρ
744 1853 812 1920 τοῦ
838 1842 976 1920 δούλου
1003 1870 1084 1933 σου,
1117 1844 1240 1935 τοῦδε,
1267 1845 1401 1944 πάριδε

128 1943 182 2028 ῶς
204 1941 565 2042 οἰμνησίκακοςθεὸςΙ
585 1941 934 2042 τύ’παραπτἰιίματά
952 1945 1070 2022 αὐτοῦ
1087 1944 1253 2021 ἅπαντα·
1281 1948 1401 2022 ἀπάλ-

116 2041 243 2131 Ηλαξον
278 2047 395 2122 ἀὐτὸν
425 2055 492 2146 τῆς
524 2045 680 2124 αἰωνίου
712 2045 906 2131 κολάσεως.
929 2049 946 2070 “’
963 2047 1022 2122 Τύ
1043 2045 1166 2142 ’στόμα
1193 2049 1312 2124 αὐτοῦ
1336 2058 1400 2148 τῆς

129 2155 197 2246 σῆς
223 2147 395 2234 αἰνέσεως
419 2147 628 2247 πλήρωσον,
660 2149 708 2224 τὰ
729 2148 832 2246 χείλη
857 2149 976 2226 αὐτοῦ
1002 2149 1152 2234 ἄνοιξον
1177 2149 1268 2245 πρὸς
1292 2150 1401 2238 δοξο-

128 2249 261 2352 λογίαν
293 2259 361 2326 τοῦ
394 2248 577 2347 ὀνόματός
610 2274 692 2342 σου,
723 2250 791 2337 τὰς
819 2257 946 2348 χεῖρας
979 2251 1097 2326 αὐτοῦ
1121 2252 1282 2327 έκτεινον
1308 2251 1400 2350 πρὸς

126 2350 307 2454 ἐργασίαν
333 2360 411 2428 τῶν
437 2355 598 2428 ἐντολῶν
624 2379 705 2444 σου,
739 2352 826 2436 τοὺς
843 2351 970 2436 πόδας
995 2351 1113 2428 αὐτοῦ
1137 2353 1228 2445 πρὸς
1254 2352 1400 2450 δρόμον

126 2461 197 2528 τοῦ
229 2453 445 2555 εὐαγγελίου
478 2479 546 2529 σου
571 2451 823 2545 κατεύθυνον,
855 2449 1122 2531 πάνταάὐτοῦ
1147 2455 1195 2528 τὰ
1221 2455 1310 2552 μέλη
1335 2456 1399 2530 καὶ

125 2551 197 2650 τὴν
223 2551 398 2631 διάνοιαν
422 2564 470 2654 τῇ
494 2565 542 2654 σῇ
566 2554 932 2654 κατασφαλιζόμενος
955 2553 1091 2654 χάριτι.
1132 2555 1195 2631 Σύ
1219 2555 1293 2658 γὰρ
1320 2555 1397 2633 είό

131 2656 221 2750 θεὸς
252 2655 374 2753 ἡμῶν,
409 2657 429 2731 ὅ
462 2656 526 2734 διὰ
558 2667 636 2733 τῶν
662 2656 783 2761 ἁγίων
808 2653 1122 2735 σου.“οἰποστόλων
1147 2655 1400 2756 ἐντειλάμενος

125 2755 220 2854 ἡμῖν
247 2757 387 2860 λέγων’,
410 2758 479 2834 ὅσα
506 2757 554 2833 ὐν
579 2757 713 2858 δήσητε
739 2758 797 2836 ε’πὶ
822 2767 886 2858 τῆς
910 2767 990 2861 γῆς,
1023 2761 1127 2834 ἔσται
1151 2758 1330 2855 δεδεμένα
1358 2765 1400 2838 έν

123 2865 205 2943 τοῖς
230 2859 404 2956 οὐρανοῖς
428 2863 492 2936 καὶ
517 2862 586 2937 ὅσα
611 2861 661 2936 ἂν
684 2859 815 2958 λύσητε
840 2861 899 2935 ἐπὶ
922 2867 986 2958 τῆς
1001 2869 1080 2961 γῆς,
1099 2861 1202 2934 ἔσται
1218 2862 1398 2960 λελυμένα

126 2963 171 3036 ’ἐν
195 2965 272 3046 τοῖς
297 2962 480 3060 οὐρανοῖς.
512 2963 581 3038 Καὶ
606 2961 734 3038 πάλιν·
762 2963 811 3038 ἄν
836 2975 952 3036 τινων
977 2961 1096 3060 ἀφῆτε
1116 2959 1183 3044 τὰς
1200 2961 1397 3060 ἁμαρτίας,

114 3062 305 3162 ’ἀφίενται
337 3065 479 3150 αὐτοῖς·
513 3067 562 3140 δίν
593 3093 709 3140 τινων
741 3071 915 3161 κρατῆτε,
942 3059 1196 3158 κεκράτηνται.
1248 3063 1399 3148 Καλῶς

125 3161 334 3260 ἐπήκουσας
353 3165 513 3258 Ἐζεκίου
539 3170 579 3242 ἐν
604 3174 651 3263 τῇ
676 3165 805 3263 θλίψει
830 3172 895 3261 τῆς
916 3163 1179 3262 ψυχῆςαύτοῦ
1196 3166 1236 3238 ἐν
1253 3172 1299 3260 τῇ
1316 3163 1398 3263 ῶρηι

125 3273 197 3354 τοῦ
222 3264 397 3344 θανάτου
424 3268 554 3357 αὐτοῦ,
581 3269 645 3342 καὶ
662 3267 707 3342 οὐ
726 3265 895 3365 παρεῖδες
909 3264 979 3361 τὴν
995 3263 1121 3360 δέησιν
1138 3263 1269 3354 αὐτοῦ,
1296 3265 1396 3340 οὕτω

124 3367 253 3462 κᾶμοῦ
277 3377 346 3444 τοῦ
370 3377 547 3446 ταπεινοῦ
571 3369 635 3444 καὶ
659 3369 885 3468 ᾇμαρτωλοῦ
903 3364 966 3441 καὶ
983 3363 1138 3452 ἀναξίου
1157 3363 1294 3442 δούλου
1313 3394 1395 3457 σου,

123 3467 337 3546 ἐπάκουσον
362 3474 402 3546 ἐν
426 3479 473 3569 τῇ
499 3470 579 3570 ῶρᾳ
604 3467 731 3566 ταύτῃ.
760 3469 823 3545 Σὺ
847 3467 921 3570 γὰρ
947 3466 990 3557 εί,
1017 3463 1130 3565 Κύριε
1148 3467 1270 3564 Ἰησοῦ
1298 3474 1396 3568 Χρι-

125 3569 204 3660 στὲ,
237 3571 257 3646 ὃ
290 3571 606 3670 ἑβδομηκοντάκις
638 3573 728 3648 ἑπτὰ
765 3572 915 3670 ἀφιέναι
946 3576 1023 3654 τοῖς
1048 3567 1330 3666 περιπίπτουσιν
1355 3574 1396 3647 έν

124 3670 328 3768 ἁμαρτίαις
351 3673 534 3766 κελεύσας,
561 3682 605 3771 τῇ
632 3681 680 3770 σῇ
706 3670 916 3776 ἀγαθότητι
938 3669 1305 3770 καλφιλανθρωπίηι,
1331 3671 1396 3748 καὶ

122 3783 322 3866 μετανοῶν
357 3777 416 3850 ἐπὶ
447 3783 529 3862 ταῖς
563 3777 708 3862 κακίαις
741 3775 863 3872 ἡμῶν,
898 3774 961 3848 καὶ
990 3773 1137 3870 χαίρων
1161 3772 1221 3848 ἐπὶ
1244 3781 1291 3872 τῇ
1317 3777 1396 3848 ἐπι-

124 3885 274 3974 στροφῇ
291 3885 369 3952 τῶν
382 3879 684 3974 πεπλανημένων,
701 3875 756 3952 ὅτι
772 3875 856 3973 ῶςή
872 3871 1106 3978 μεγαλοσύνη
1121 3899 1204 3964 σου,
1219 3875 1318 3951 οὕτω
1330 3875 1395 3951 καλ

122 3977 169 4051 τὸ
185 3977 282 4063 ἔλεός
300 4004 379 4054 σου.
400 3979 475 4054 Καὶ
493 3981 551 4055 σοὶ
567 3980 637 4076 τὴν
655 3975 770 4064 δόξαν
786 3975 1064 4071 ἆναπέμπομεν,
1084 3975 1156 4050 σὺν
1170 3984 1224 4073 τῷ
1239 3972 1393 4077 ἀνάρχιμ

122 4105 195 4155 σου
221 4079 346 4179 πατρὶ,
379 4081 522 4179 καὶτῷ
555 4079 727 4182 παναγίῳ
758 4077 822 4156 καὶ
854 4079 994 4180 ἀγαθῷ
1026 4077 1090 4152 καί
1124 4075 1292 4175 ζωοποιῷ
1324 4102 1393 4152 σου

121 4178 322 4279 πνεύματι,
349 4191 422 4259 νῦν
446 4183 509 4256 καὶ
536 4182 605 4272 ἀεὶ,
631 4181 694 4256 καὶ
719 4186 769 4266 εἰς
793 4178 881 4264 τούς
906 4183 1047 4264 αἰῶνας
1071 4187 1150 4255 τῶν
1171 4174 1331 4254 αλῶνων.
1342 4180 1365 4278 ¹)

449 4310 488 4381 ‘0
508 4313 653 4402 ἕβδομος
673 4311 791 4401 λερεύς.
830 4307 1067 4401 Προκείμεναν.

152 4481 155 4493 .
207 4413 335 4515 Κύριε,
360 4417 491 4516 μήτῷ
516 4420 635 4514 θυμῷ
661 4442 730 4494 σου
752 4414 898 4540 ,ἐλέγξῃς
919 4443 981 4510 με,
1007 4412 1110 4511 μηδέ.

207 4529 336 4616 Σιίχος.
375 4513 544 4618 Ἐλέησόν
569 4547 629 4614 με,
655 4517 780 4618 Κύριε,
807 4515 864 4592 ότι
890 4514 1053 4614 ἀσθενής
1077 4520 1163 4612 ελμι.

108 4645 430 4674 -n—-n-—u-bv-—d

214 4717 238 4776 λ)
256 4713 324 4774 mm
342 4709 428 4772 λέτειε
447 4727 461 4764 ι
480 4709 570 4776 ,bapino
588 4665 708 4762 οσαῶιιω
728 4722 782 4760 em
800 4663 1077 4780 οτεῑίοιεύιλύιλιῶω.
1133 4787 1189 4842 41*
