3394 5308
961 344 1010 480 ει

347 591 411 668 καὶ
436 586 651 688 ἀνέστησαν
677 585 813 672 αῦτοῦς
839 585 860 662 ὃ
889 586 989 678 Θεὸς,
1016 589 1058 664 ἐν
1081 595 1127 685 τῇ
1154 583 1316 684 δυνάμει
1342 611 1423 664 σου.
1466 587 1630 667 Κλίνατε

348 694 384 769 οἱ
409 688 668 795 ἐνεργούμενα
691 689 755 766 καὶ
786 688 849 765 εῦλ
896 693 1011 766 εῖσθε.
1063 705 1135 773 Καὶ
1161 699 1180 774 ὁ
1209 700 1397 785 ἐπίσκοπος
1417 702 1631 789 ἐπισχέτω,

347 809 461 900 λέγων.
500 793 545 872 Ὁ
576 793 644 869 τὸν
675 789 833 888 ἰσχυρὸν
851 717 1003 881 0δείσας,
1035 791 1098 866 καὶ
1131 787 1255 866 πάντα
1288 790 1335 866 τὰ
1369 789 1480 889 σκεύη
1506 793 1631 867 αὐτοῦ

349 891 557 998 διαρπάσας
581 914 833 992 (λλοαίι.12,29)·
871 893 892 970 ὅ
918 892 1010 978 δοῦς
1033 893 1125 991 ἡμῖν
1150 891 1323 978 ἐξουσίαν
1347 891 1474 970 ἐπάνω
1499 895 1632 991 ὄφεων

347 997 413 1074 καὶ
439 996 627 1094 σκορπίων
651 1001 782 1072 πατεῖν
808 1014 893 1093 (Luc.
908 1016 1035 1090 1ο,19),
1059 993 1124 1070 καὶ
1149 995 1208 1070 ἐπὶ
1228 1003 1357 1070 πᾶσαν
1372 994 1442 1092 τὴν
1459 992 1632 1088 δύναμιν

348 1107 418 1176 τοῦ
443 1103 602 1197 ἐχθροῦ·
631 1097 651 1173 ὁ
675 1096 744 1174 τὸν
770 1095 1092 1196 ἀνθρωποκτόνον
1113 1097 1203 1194 ὄφιν
1219 1094 1416 1194 δεσμώτην
1432 1095 1632 1194 παραδοὺς

347 1201 452 1300 ἡμῖν,
479 1201 530 1285 ῶς
556 1198 764 1299 στρουθίον
788 1198 950 1283 παιδίοις
960 1200 1000 1298 ¹)·
1029 1199 1075 1274 ὃν
1099 1196 1223 1274 πάντα
1250 1197 1394 1296 φρίττει
1418 1197 1483 1274 καὶ
1501 1199 1632 1296 τρέμει

349 1303 424 1378 ἀπὸ
457 1299 652 1402 προςοίπου
679 1296 878 1398 δυνοίμεῶς
903 1326 990 1376 σου·
1028 1299 1047 1375 ὃ
1074 1298 1184 1397 ῥήξας
1209 1300 1328 1376 αῦτὸν
1353 1299 1405 1386 ῶς
1429 1301 1632 1397 ἀστραπὴν

349 1408 388 1491 ἐξ
412 1404 578 1502 οὐρανοῦ
604 1409 653 1487 είς
679 1411 764 1505 γῆν,
791 1403 837 1478 οῦ
862 1410 1002 1500 τοπικῶ
1027 1399 1200 1504 δήγματι,
1227 1401 1321 1476 ἀλλά
1347 1401 1420 1476 ἀπὸ
1445 1409 1554 1499 τιμῆς
1577 1407 1633 1485 εές

349 1507 507 1591 ἀτιμίαν
539 1524 764 1604 (λυο.1θ,18),
797 1502 848 1579 δι’
886 1501 1057 1582 ἑκούσιον
1089 1505 1207 1579 αὐτοῦ
1240 1500 1461 1594 κακόνοιαν,
1504 1498 1549 1579 οὗ
1585 1504 1633 1578 τὸ

349 1608 500 1707 βλέμμα
534 1607 696 1703 ξηραίνει
730 1601 934 1704 ἀβύσσους,
967 1605 1031 1680 καὶ
1062 1604 1085 1702 ἡ
1119 1605 1247 1701 ἀπειλή
1272 1602 1371 1702 τήκει
1397 1607 1477 1704 ὄρη,
1513 1603 1632 1703 καὶὴ

350 1708 508 1806 ἀλήθεια
541 1709 642 1804 μένει
668 1713 719 1792 είς
743 1706 811 1783 τὸν
836 1711 977 1784 αλῶνα·
1011 1707 1057 1782 ὃν
1083 1713 1180 1784 αλνεῖ
1204 1707 1249 1781 τὰ
1274 1705 1401 1803 νήπια,
1433 1705 1497 1782 καὶ
1522 1707 1633 1782 εῦλο-

349 1817 408 1914 γεῖ
430 1810 478 1886 τδι
504 1805 737 1908 θηλάζοντα·
766 1809 811 1885 ὃν
835 1809 999 1906 ὑμνοῦσι
1024 1809 1088 1883 καὶ
1113 1817 1384 1906 προςκυνοῦσιν
1409 1809 1578 1935 ἄγγελοι·
1611 1809 1632 1882 ὃ

349 1909 557 2010 ἐπιβλέπων
582 1910 641 1986 ἐπὶ
665 1909 734 2008 τὴν
758 1918 830 2013 γήν
855 1910 919 1986 καὶ
943 1919 1063 1987 ποιῶν
1090 1910 1209 2007 αὐτήν
1233 1910 1395 2006 τρέμειν·
1424 1906 1633 2006 οᾶπτόμε-

348 2043 414 2098 νος
446 2022 525 2090 τῶν
558 2012 689 2108 ἀρέων,
721 2013 785 2088 καὶ
808 2009 1069 2104 καπνίζονται·
1103 2011 1124 2088 ὃ
1151 2013 1313 2089 ἀπειλῶν
1337 2009 1538 2109 θαλάσσην
1563 2011 1633 2086 καὶ

393 2115 536 2215 ραίνιυν
554 2113 684 2209 αὐτὴν,
705 2113 770 2188 καὶ
785 2111 929 2196 πάντας
949 2113 1036 2197 τοῦς
1057 2113 1248 2212 ποταμοὺς
1268 2113 1404 2198 αὐτοὺς
1420 2117 1631 2212 ἐξερημῶν·

351 2245 396 2292 ου
409 2247 414 2310 2
427 2216 578 2314 νεφέλαι
609 2214 799 2313 κονιορτὸς
822 2222 903 2291 τῶν
927 2214 1074 2291 ποδῶν·
1109 2215 1129 2290 ὃ
1156 2224 1369 2315 περιπατῶν
1393 2219 1452 2290 ἐπὶ
1476 2213 1634 2290 θαλάσ-

351 2343 428 2416 σης,
444 2316 496 2401 ὥς
512 2317 569 2392 ἐπ’
588 2314 752 2416 ἐδάφους
761 2335 943 2416 (Ριιοερ.
958 2335 1117 2411 1s.51,10.
1133 2335 1243 2410 εισι,
1252 2341 1283 2401 5.
1297 2335 1398 2409 σοι,
1410 2340 1437 2400 1.
1453 2336 1588 2410 Ριιιτ,
1599 2339 1631 2400 ε.

349 2439 402 2504 Ρε.
416 2442 446 2512 8,
458 2441 488 2504 3.
511 2437 665 2512 Ρε.98,8.
687 2436 883 2512 Ps.104‚32.
905 2437 1102 2512 Nah.1‚4.3.
1124 2437 1289 2516 λοε.9,8)·
1316 2418 1520 2521 μονογενὴς
1549 2419 1631 2508 Θεέ,

349 2520 514 2625 μεγάλου
541 2519 680 2618 πατρὸς
704 2518 774 2609 υἱέ,
801 2519 1018 2617 ἐπιτίμησον
1042 2527 1119 2604 τοῖς
1144 2527 1318 2617 πονηροῖς
1338 2519 1537 2616 πνεύμασι,
1564 2521 1633 2596 καὶ

351 2630 462 2722 ῥῦσαι
493 2620 541 2696 τὰ
573 2623 664 2723 ἔργα
688 2630 768 2698 τῶν
788 2629 927 2720 χειρῶν
952 2645 1022 2697 σου
1048 2625 1088 2698 ἐκ
1111 2631 1176 2720 τῆς
1199 2631 1269 2697 τοῦ
1294 2622 1488 2722 ἀλλοτρίου
1513 2620 1633 2698 πνεύ-

350 2755 468 2826 ματος
492 2723 691 2826 ἐνεργείας·
719 2722 776 2800 ὅτι
801 2747 860 2798 σοι
885 2721 989 2813 δόξα,
1016 2723 1104 2820 τιμὴ
1128 2723 1191 2799 καὶ
1217 2725 1341 2822 σέβας,
1376 2723 1440 2800 καὶ
1466 2723 1530 2799 διά
1559 2733 1634 2800 σοῦ

351 2833 405 2927 τῷ
433 2834 487 2924 σῷ
513 2825 637 2926 πατρὶ,
665 2827 707 2901 ἐν
732 2823 827 2928 ἁγίῳ
854 2823 1049 2922 πνεύματι,
1075 2831 1125 2910 ελς
1151 2825 1238 2910 τοῦς
1263 2830 1413 2912 αίῶνας.
1441 2822 1589 2926 διμήνβ)

438 3067 462 3128 1)
486 3067 538 3117 lob.
555 3065 655 3126 40,24:
679 3065 799 3130 Numquid
822 3065 911 3116 ἱΙΙοδει
935 3067 958 3116 ελ
980 3063 1137 3128 (λετίειίιιιιί)
1155 3066 1223 3130 quasi
1242 3066 1277 3116 οτί
1296 3073 1336 3115 τοι
1354 3065 1439 3128 ligabis
1458 3079 1512 3116 eum
1531 3067 1632 3118 εοελΙΙλε

350 3148 420 3204 tuis?
437 3175 472 3188 -·-
495 3149 590 3202 Grande
614 3166 643 3202 ιο
665 3149 810 3214 intrepidum
834 3142 1027 3218 προςφῶνημα
1051 3149 1116 3200 illius
1134 3149 1234 3212 saeculi,
1256 3149 1321 3214 ηοοδ
1340 3149 1398 3201 viles
1416 3149 1520 3201 Ιιελιελιιλ
1537 3151 1632 3202 diaboli

351 3236 549 3288 muchinnliones.

437 3320 462 3382 2)
490 3321 614 3385 (Ζοιςιοει.
633 3321 702 3370 Hom.
721 3320 753 3372 18
777 3321 801 3370 in
820 3318 835 3370 2
852 3319 922 3370 Gon:
954 3309 1025 3384 ῦπέρ
1052 3317 1108 3367 τῶν
1133 3313 1166 3368 έν
1189 3318 1341 3386 μετανοίᾳ,
1369 3315 1461 3367 κοιναλ
1489 3315 1539 3368 καλ
1570 3333 1631 3368 πα-

352 3399 388 3472 ρά
419 3403 468 3454 τοῦ
494 3401 589 3470 ἱέρεως
614 3404 662 3454 καλ
686 3396 751 3469 παρ’
780 3398 872 3453 αὐτῶν
896 3403 1023 3469 γίνονται
1047 3399 1078 3451 αί
1104 3396 1185 3468 εῦχαλ
1210 3400 1258 3451 καλ
1285 3393 1388 3458 πάντες
1412 3402 1484 3469 μίαν
1513 3402 1632 3468 λέγουσι

349 3481 442 3553 εὐχήν,
458 3480 543 3553 εὐχήν
560 3483 609 3548 τήν
626 3485 704 3538 ἐλέου
720 3487 873 3554 γέμουσαν.
908 3486 997 3536 Hamil.
1015 3487 1031 3538 3
1049 3488 1079 3537 σε
1097 3487 1215 3552 ἰοιοιαρι.
1233 3487 1275 3536 Dei
1293 3495 1391 3538 οειοιιε
1408 3479 1464 3535 Διά
1480 3487 1562 3537 τοῦτο
1581 3488 1632 3537 καλ

350 3566 414 3628 τοῦς
430 3568 648 3637 ένεργουμένους
664 3567 721 3620 κατ’
741 3567 850 3620 ἐκεῖνον
865 3568 973 3632 ἵστησιν
990 3563 1038 3619 τὸν
1055 3563 1152 3635 καιρὸν
1170 3563 1184 3620 ὁ
1203 3561 1334 3627 διιίκονος
1350 3569 1399 3618 καλ
1413 3564 1518 3621 κελεύει
1534 3570 1632 3622 κλῖναι

351 3647 401 3718 τὴν
417 3650 542 3721 κεφαλὴν
557 3644 649 3721 μόνον
666 3652 713 3702 καλ
730 3651 768 3718 τη]
783 3643 903 3718 σχήματι
919 3653 1063 3702 ποιεῖσθαι
1080 3651 1126 3705 τοῦ
1135 3649 1265 3722 σώματος
1273 3651 1318 3718 τῆς
1327 3652 1473 3722 ίκετερίας·
1491 3645 1632 3720 εῦχεσθιιτ

350 3733 406 3806 γὰρ
430 3732 530 3794 αὐτοὺς
551 3733 622 3802 μετά
646 3735 695 3787 τοῦ
710 3735 807 3787 κοινοῦ
823 3731 961 3803 συλλόγου
978 3739 1033 3788 τῶν
1049 3732 1181 3806 ἀδελφῶν
1197 3733 1230 3790 οῦ
1247 3739 1343 3804 θέμις·
1367 3733 1415 3789 διὰ
1430 3739 1509 3790 τοῦτο
1528 3733 1634 3797 αιἰτοῦς

351 3820 467 3885 λστησιν,
482 3821 529 3870 ἵνα
545 3815 711 3884 κατελεήσας
726 3816 826 3878 αδτοδς
840 3819 889 3870 καλ
905 3819 950 3884 τῆς
965 3821 1116 3892 συμφορᾶς
1132 3822 1187 3876 κτλ.
1207 3825 1294 3875 11οωί1.
1305 3825 1335 3876 ’ίλ
1346 3826 1370 3877 iu
1382 3825 1476 3874 βουλος
1493 3817 1509 3886 ἡ
1529 3823 1633 3890 προίτη

352 3901 444 3968 δέησις
459 3902 551 3961 ἐλέους
567 3905 654 3970 γέμει,
681 3901 749 3956 ὅταν
765 3898 836 3974 ῦπέρ
853 3902 908 3954 τῶν
925 3903 964 3958 έν.
995 3906 1212 3976 παρακαλῶμεν.
1247 3909 1369 3960 Ιλοαιλλ.4
1395 3908 1461 3976 περὶ
1484 3902 1632 3973 ἀκαταλη-

351 4001 444 4042 πτωνς
470 3982 565 4046 δλυσις
581 3982 689 4056 πονηρὰ
704 3987 752 4039 ιιαλ
764 3981 874 4055 χαλεπὴ
891 3988 945 4040 τῶν
963 3985 1108 4060 δαιμόνων
1125 3989 1200 4042 έοτλν
1217 3985 1233 4054 ἡ
1251 3987 1385 4061 ἐνέργεια,
1408 3985 1506 4050 ἅλυσις
1520 3989 1634 4051 παντὸς

350 4064 467 4142 σιδήρου
489 4069 677 4139 δυνατωτέρα·
707 4065 836 4140 καθάπερ
860 4059 912 4124 οὖν
934 4071 1064 4126 δικαστοῦ
1087 4069 1227 4144 πρόςοδον
1242 4072 1361 4141 ἔχοντες,
1387 4075 1435 4126 καλ
1451 4071 1495 4144 ἐφ’
1514 4071 1632 4142 ὑψηλοῦ

351 4156 400 4208 τοῦ
415 4149 538 4224 βήματος
553 4157 718 4216 καθέζεσθαι
734 4155 891 4226 μέλλοντος,
908 4156 934 4208 ολ
950 4153 1163 4227 δεσμοφύλακες
1179 4153 1242 4217 τοῦς
1257 4156 1288 4211 τδ
1305 4151 1494 4228 δεσμωτήριον
1511 4161 1631 4212 οίιεοῦν-

350 4255 400 4297 τας
416 4237 542 4298 ἅπαντας
558 4235 740 4306 ἐξαγαγόντες
756 4241 805 4293 τοῦ
821 4235 970 4310 οἰκήματος
986 4238 1040 4312 πρὸ
1058 4243 1112 4294 τῶν
1129 4241 1279 4310 κιγκλίδων
1295 4243 1343 4294 καλ
1359 4242 1414 4294 τῶν
1430 4243 1479 4296 τοῦ
1490 4241 1631 4310 δικαστη-

349 4323 413 4393 ρίου
429 4317 692 4392 παραπετασμάτων
706 4325 868 4386 καθίζουσιν
884 4322 1057 4394 αῦχμῦντας,
1074 4319 1156 4397 ῥάκια
1173 4328 1429 4396 περιβεβλημένους,
1446 4323 1518 4380 οῦτοι
1529 4323 1566 4394 δή
1578 4331 1631 4380 καλ

351 4405 379 4460 οί
401 4408 517 4476 πατέρες
539 4405 754 4478 ἐνομοθέτησαν,
778 4409 826 4460 τοῦ
849 4409 972 4480 Χριστοῦ
994 4411 1139 4470 μέλλοντος
1155 4409 1245 4482 ὥςπερ
1263 4411 1306 4481 ἐφ’
1327 4405 1437 4478 ὑψηλοῦ
1453 4416 1629 4482 προκαθέζε-

351 4493 419 4542 σδαι
435 4485 565 4559 βήματος,
583 4493 630 4542 καλ
647 4489 687 4544 ἐπ’
709 4489 800 4545 αὐτῶν
816 4496 970 4562 φαίνεσθαι
986 4495 1043 4546 τῶν
1058 4497 1225 4564 μυστηρίων,
1243 4491 1305 4555 τοῦς
1321 4493 1515 4564 δαιμονῶντας
1529 4493 1630 4550 καθά-

350 4589 404 4644 περ
422 4567 566 4645 δεσμώτας
582 4571 660 4636 τινάς
675 4571 843 4647 ελςάγεσσαι,
862 4573 913 4645 οὐχ
930 4578 976 4630 ίνα
987 4574 1108 4638 εὐθύνας
1117 4574 1261 4648 ὑπόσχωσι
1271 4581 1634 4652 τῶνπετιλημμελημένων,

349 4652 479 4730 καθάπερ
498 4655 599 4714 ἐκεῖνοι
616 4660 643 4714 ολ
661 4657 816 4732 δεδεμένοι,
833 4689 865 4703 -
884 4657 939 4715 ἀλλ’
960 4663 1007 4716 λνα
1024 4664 1073 4716 τοῦ
1090 4655 1181 4734 δήμου
1196 4665 1246 4718 καλ
1261 4665 1308 4731 τῆς
1323 4658 1431 4725 πόλεως
1446 4659 1559 4732 διιείσης
1576 4664 1631 4720 ἐν·
