3368 5308
920 425 991 499 502

319 607 383 684 Σὺ
408 609 482 711 γὰρ
510 609 529 684 ὃ
551 609 638 693 θεὸς
660 607 783 706 ἡμῶν,
809 607 869 684 ἐπί
893 616 958 706 τῆς
981 616 1048 711 γῆς
1073 610 1222 706 ὤφθης,
1247 601 1413 695 καὶτοῖς
1438 609 1584 708 ἀνθρά-

319 738 401 794 ποις
427 707 745 810 συνανεστράφης.
787 708 851 786 Σύ
876 709 940 786 καί
965 711 1012 784 τά
1032 708 1237 807 Ἰορδάνεια
1263 715 1397 807 ῥεῖθρα
1423 712 1584 814 ήγίαοας,

321 810 534 907 οὐρανόθεν
567 814 812 912 καταπέμψας
843 811 888 887 τὸ
922 810 1032 887 ἅιύν
1065 838 1134 888 σου
1160 821 1320 906 πνεῦμα,
1353 814 1419 889 καί
1444 815 1511 900 τὰς
1533 845 1584 889 κε-

320 913 443 1014 φαλάς
481 921 560 989 τῶν
602 917 716 989 ἐκεῖσε
758 917 1054 1013 ἐμφωλεοονταιν
1094 916 1319 1013 συνίτριιμας
1361 913 1584 1012 δρακόντων.

282 1093 285 1098 ,
318 1015 443 1100 Αὐτὸς
475 1011 558 1105 οὖν,
592 1013 839 1116 φιλάνθρωπε
871 1017 1040 1112 βασιλεῦ,
1073 1014 1213 1116 πάρεσο
1246 1017 1309 1090 καί
1340 1025 1416 1093 νῦν
1440 1017 1505 1093 διὰ
1530 1027 1587 1114 τῆς

319 1115 585 1215 ίπιφοιτήσεως
614 1125 684 1194 τοῦ
717 1116 827 1219 ἁγίου
860 1114 1087 1213 πνεύματος,
1124 1119 1187 1192 καί
1219 1116 1379 1220 ἁγίασον
1412 1120 1456 1194 τὸ
1489 1118 1586 1215 ὕδωρ

318 1227 441 1294 τοῦτο.
487 1230 576 1320 Τρίς,
628 1220 702 1294 Καί
735 1219 801 1303 δὸς
834 1219 937 1316 αύτῷ
969 1219 1039 1315 τήν
1060 1217 1175 1316 χάριν
1199 1229 1264 1316 τῆς
1288 1218 1584 1318 ἀπολυτρώσεως,

318 1321 388 1416 τήν
413 1322 587 1422 εὐλογίαν
619 1328 687 1395 τοῦ
706 1317 911 1417 Ἰορδάνου.
965 1320 1135 1417 Ποίησον
1159 1319 1252 1396 αὐτὸ
1278 1321 1502 1420 ἀφθαρσίας
1524 1351 1584 1419 πη-

318 1423 402 1522 γῶν,
438 1421 626 1521 ἀγιασμοῦ
656 1421 795 1520 δῶρον,
829 1419 1110 1520 ἁμαρτημάτων
1141 1421 1333 1520 λυτήριον,
1368 1422 1584 1520 νοσημάτων

320 1521 566 1620 άλεξιτήριον,
607 1522 785 1620 δαίμοσιν
818 1523 993 1622 ὀλέθριον
1000 1581 1012 1614 ,
1053 1531 1135 1609 ταῖς
1166 1527 1351 1608 ἐναντίαις
1384 1523 1584 1622 δυνάμεσιν

319 1622 529 1718 ἀπρόςιτον,
564 1625 756 1728 ἀγγελικῐης
781 1623 908 1721 ίσχύος
932 1625 1235 1723 πεπληρωμένον·
1273 1627 1498 1728 φυγίτωσαν
1522 1629 1580 1700 ἀπ’

319 1726 438 1802 αὐτοῦ
471 1727 505 1802 οἱ
530 1725 837 1826 ,ἐπιβουλεύοντες
868 1735 922 1826 τῷ
955 1724 1146 1822 πλάσματί
1171 1753 1250 1803 σου.
1292 1727 1376 1806 Ὅτι
1401 1730 1446 1803 τὸ
1473 1726 1582 1826 όνομά

319 1852 403 1917 σου,
435 1825 562 1925 Κύριε,
597 1826 883 1928 ἐπεκαλεσάμην,
918 1828 962 1904 τὸ
995 1830 1225 1926 θαυμαστὸν
1255 1829 1318 1904 καί
1350 1829 1506 1916 ἔνδοξον
1530 1831 1583 1905 καί
1668 1913 1669 1920 ¹

319 1931 486 2029 φοβερὸν
511 1937 588 2015 τοῖς
612 1931 857 2014 ὑπεναντίοις.

403 2079 476 2148 Καὶ
495 2077 672 2171 σφραγίζει
693 2075 851 2172 ἐμφυσῶν
871 2079 910 2149 τὸ
932 2077 1031 2169 ὕδωρ,
1053 2077 1179 2171 τρίτον·
1204 2080 1260 2150 καί
1282 2077 1460 2164 ἐπεύχεται
1481 2081 1584 2170 λέγων.

404 2215 731 2316 Συντριβήτωσαν
755 2218 829 2292 ὑπὸ
854 2216 924 2315 τήν
951 2217 1152 2316 σημείωσιν
1169 2225 1237 2294 τοῦ
1253 2214 1374 2294 τύπου
1392 2227 1463 2294 τοῦ
1481 2243 1584 2294 σταιε

320 2326 389 2410 ροῦ
416 2345 498 2407 σου,
525 2327 642 2394 πᾶσαι
669 2321 707 2394 αί
733 2319 900 2417 ἐναντίαι
925 2318 1118 2415 δυνάμεις,
1151 2333 1233 2423 τρίς,
1279 2319 1583 2418 Ὑποχωρησάτω-

291 2498 293 2508 ,
320 2444 392 2494 σαν
417 2420 509 2515 ἡμῖν
534 2419 658 2496 πάντα
683 2422 730 2495 τά
757 2421 903 2520 ε’ναίρια
929 2422 992 2496 καί
1018 2421 1147 2519 ἀφανῆ
1173 2421 1320 2510 εἴδωλα,
1346 2422 1411 2496 καί
1433 2422 1486 2518 μὴ
1502 2422 1584 2497 ὑπο-

318 2519 495 2617 κρυβήτω
521 2531 574 2620 τῷ
600 2522 712 2598 ὕδατι
737 2520 859 2620 τούτῳ
886 2521 1084 2616 δαιμόνιον
1107 2522 1312 2598 σκοτεινόν·
1340 2521 1436 2620 μηδὲ
1455 2549 1584 2626 συγκα-

319 2617 473 2718 ταβήτω
508 2632 563 2721 τῷ
595 2624 870 2721 βαπτιζομὲνῳ,
903 2622 1070 2718 δεόμεθά
1104 2649 1194 2714 σου,
1234 2633 1382 2720 πνεῦμα
1417 2627 1584 2722 πονηρὸν,

321 2720 505 2799 οκότωσιν
530 2733 722 2828 λογισμῶν
745 2726 809 2803 καί
833 2727 1000 2822 ταραχήν
1026 2726 1196 2810 διανοίας
1220 2721 1370 2827 ἐπάγον.
1394 2727 1507 2802 Ἀλλά
1533 2728 1586 2815 σί,

321 2822 482 2899 δέσποτα
514 2835 593 2904 τῶν
627 2825 806 2903 ἁπάντων
813 2883 826 2918 ,
866 2827 1063 2914 ἀνάδειξον
1095 2837 1206 2903 τοῦτο
1236 2825 1341 2924 ὕδωρ
1375 2826 1586 2927 ἀπολυτρώ-

321 2951 424 3015 σεως,
457 2925 563 3026 ὕδωρ
596 2927 798 3031 ἁγιασμοῦ,
830 2931 1074 3027 καθαρισμὸν
1106 2923 1242 3028 σαρκὸς
1274 2931 1337 3005 καί
1369 2929 1585 3024 πνεύματος,

321 3028 450 3102 άνεσιν
483 3028 648 3128 δεσμῶν,
681 3033 819 3130 ἄφεσιν
849 3028 1176 3126 παραπτωμάτων,
1213 3030 1411 3128 φωτισμὸν
1443 3041 1586 3130 φυγῶν,

320 3126 458 3225 λύτρον
494 3134 794 3236 παλιγγενεσίας,
832 3133 1105 3228 ἀνακαινισμὸν
1131 3133 1363 3227 πνεύματος,
1400 3134 1587 3217 υἱοθεσίας

317 3229 499 3326 χάρισμα,
536 3234 682 3326 ἔνδυμα
716 3235 949 3332 ἀφθαρσίας,
984 3235 1105 3336 πηγὴν
1131 3233 1234 3332 ζωῆς.
1288 3235 1351 3310 Σὺ
1377 3236 1452 3336 γὰρ
1480 3235 1586 3324 εἶπας,

315 3331 448 3428 ΙΚύριε,
475 3334 664 3411 λούσασθε
689 3338 753 3412 καί
777 3333 943 3434 καθαροί
967 3338 1137 3439 γίνεσθε·
1166 3337 1315 3437 ἀφέλετε
1331 3335 1399 3421 τὰς
1416 3338 1588 3436 πονηρίας

321 3434 395 3508 ἀπὸ
420 3444 499 3512 τῶν
524 3447 661 3536 ψυχῶν
685 3437 807 3532 ὑμῶν.
834 3437 898 3512 Σύ
923 3439 1083 3534 ἐχαρίσω
1108 3438 1199 3536 ἡμῖν
1224 3438 1292 3536 τὴν
1319 3439 1476 3515 ἀνωθεν
1501 3442 1587 3515 ἀνα-

320 3536 512 3635 γίννησιν,
549 3537 599 3615 δι’
641 3538 782 3623 ὕδατος
815 3540 879 3614 καί
914 3539 1133 3636 πνεύματος.
1180 3538 1430 3637 Ἐπιφάνηθι,
1467 3540 1587 3636 Κύριε,

320 3635 456 3733 τούτῳ,
489 3641 552 3714 καί
585 3641 651 3726 δὸς
682 3644 981 3738 μεταποιηθῆναι
1013 3642 1080 3718 τὸν
1105 3647 1147 3717 ἐν
1172 3642 1276 3741 αὐτῷ
1301 3640 1586 3738 βαπτιζόμενον,

320 3741 371 3820 είς
403 3741 446 3814 τὸ
480 3743 699 3817 ἀποθέσθαι
731 3742 802 3839 μὲν
834 3743 902 3818 τὸν
934 3743 1093 3819 παλαιὸν
1126 3745 1346 3838 ἄνθρωπον,
1379 3743 1451 3820 τὸν
1484 3749 1586 3844 φθει-

321 3836 483 3936 ρόμενον
514 3845 611 3920 κατὰ
645 3844 712 3928 τὰς
743 3847 949 3940 ἐπιθυμίας
982 3855 1046 3943 τῆς
1081 3844 1240 3942 ἀπάτης·
1278 3842 1518 3921 ἐνδύσασθαι
1551 3843 1587 3920 δὲ

319 3940 387 4017 τὸν
424 3953 510 4022 νεόν
545 3947 613 4022 τὸν
648 3944 990 4042 ἀνακαινούμενον,
1025 3949 1107 4022 κατ’
1139 3945 1262 4022 ελκόνα
1297 3955 1365 4023 τοῦ
1399 3947 1589 4028 κτίσαντος

321 4044 450 4123 αὐτόν.
466 4047 548 4124 Ἵνα
573 4045 771 4149 γενόμενος
797 4047 992 4148 σύμφυτος
1017 4055 1069 4148 τῷ
1097 4046 1302 4143 ὁμοιώματι
1329 4055 1398 4124 τοῦ
1416 4049 1588 4125 θανάτου

321 4146 440 4224 αὐτοῦ
474 4148 538 4224 διὰ
571 4157 641 4224 τοῦ
672 4148 942 4246 βαπτίσματος,
975 4150 1154 4235 κοινωνὸς
1178 4149 1241 4226 καί
1265 4157 1329 4246 τῆς
1353 4149 1591 4231 ἀναστάσεως

319 4245 505 4348 γένηται··
525 4250 589 4326 κοί
622 4249 789 4348 φυλάξας
820 4252 888 4348 τήν
920 4252 1079 4347 δωρεὰν·
1101 4261 1170 4328 τοῦ
1194 4251 1305 4353 ἁγίου
1331 4278 1401 4327 σου
1427 4251 1587 4348 πνεύμα-

320 4374 396 4441 τος,
429 4352 492 4428 καί
527 4349 688 4449 αὐξήσας
720 4353 789 4448 τὴν
813 4351 1135 4454 παρακαταθήκην
1159 4362 1222 4450 τῆς
1244 4349 1409 4449 χάριτος,
1447 4353 1587 4451 δέξηται

319 4448 364 4520 τί)
399 4455 583 4551 βραβεῖον
617 4461 683 4550 τῆς
716 4453 797 4528 ἀνω
832 4453 1003 4552 κλήσεως,
1039 4457 1103 4530 καί
1138 4458 1485 4557 συγκαταριθμηθῇ
1517 4458 1588 4535 τοῖς

319 4548 663 4658 ἄπογεγραμμίνοις
699 4558 739 4631 ἐν
783 4556 952 4657 οὐρανῷ·
988 4562 1030 4634 ίν
1065 4557 1124 4632 σοί
1158 4565 1211 4657 τῷ
1251 4561 1329 4656 θεῷ
1365 4557 1430 4632 καί
1464 4553 1588 4651 Καρίῳ

321 4647 434 4750 ἡμῶν
460 4655 582 4754 Ἰησοῦ
613 4663 787 4758 Χριστῷ,
824 4657 904 4754 ἅμα
939 4667 993 4758 τῷ
1029 4656 1184 4758 ἀνάρχῳ
1221 4681 1290 4735 σου
1325 4659 1451 4758 πατρί,
1487 4655 1590 4743 δόξα,
