3394 5308
919 415 967 490 64

304 595 501 687 σύστασιν,
535 597 712 688 σταθμόν
744 595 896 694 ἀνέμων
929 594 1198 689 διαπνοόντιυν,
1232 597 1291 672 ὅτε
1316 601 1587 694 προςταχθῶσι

304 717 407 816 παρὰ
433 725 502 793 σοῦ
529 735 605 813 (lob.
618 735 746 811 28‚25),
771 723 851 791 τῶν
877 723 1011 814 φυτῶν
1035 717 1099 792 καὶ
1124 725 1203 794 τῶν
1227 717 1405 816 βοτανῶν
1429 716 1473 792 τὸ
1490 725 1585 814 πλῆ·

303 840 386 922 θος.
396 839 419 934 ¹)
471 835 535 912 καῖ
569 833 614 910 οά
645 831 767 929 μόνον
797 833 865 910 τὸν
897 832 1041 930 κόσμον
1065 831 1373 936 ἐδημιούργησας,
1400 834 1493 910 ἀλλὰ
1517 834 1585 909 καῖ

303 953 371 1030 τὸν
395 951 669 1050 κοσμοπολίτην
695 953 904 1050 ἄνθρωπον
929 955 971 1029 ἐν
996 953 1101 1047 αὐτῷ
1126 952 1311 1051 ἐποίησας,
1344 949 1490 1048 κόσμου
1514 955 1585 1028 κό-

306 1097 405 1169 σμον
430 1071 548 1148 αὐτὸν
574 1069 781 1155 ἀναδείξας.
829 1069 933 1155 εἶπας
956 1070 1030 1173 γὰρ
1055 1079 1101 1169 τῇ
1128 1081 1174 1169 σῇ
1202 1072 1334 1172 σοφίᾳ·
1368 1069 1586 1170 ποιήσωμεν
1625 1145 1631 1154 ,

305 1192 515 1288 ἄνθρωπον
539 1189 622 1264 κατ’
654 1185 779 1263 εἰκόνα
803 1188 998 1286 ἡμετέραν,
1024 1190 1088 1265 καὶ
1111 1191 1204 1265 καθ’
1235 1189 1416 1286 ὁμοίωσιν
1431 1191 1496 1266 καὶ
1512 1192 1586 1289 ἀρ-

300 1309 470 1405 χίτωσαν
501 1312 581 1382 τῶν
612 1302 763 1403 ἰχθύων
793 1313 860 1404 τῆς
884 1306 1091 1406 θαλάσσης,
1116 1308 1284 1386 καὶτῶν
1308 1313 1487 1386 πετεινῶν
1511 1319 1587 1385 τοῦ

304 1427 470 1525 οὐρανοῦ
487 1445 573 1520 (Gen.
592 1447 621 1516 1,
636 1447 701 1520 26).
729 1424 799 1499 Διά
824 1425 888 1501 καὶ
912 1425 1109 1524 πεποίηκας
1135 1427 1252 1504 αὐτὸν
1278 1431 1319 1502 ἐκ
1339 1431 1463 1526 ψυχῆς
1479 1428 1587 1502 ἀθα-

303 1542 422 1621 νάτου
454 1543 519 1618 καί
551 1539 724 1639 σώματος
757 1541 980 1620 σκεδαστοῦ·
1013 1549 1079 1642 τῆς
1108 1544 1180 1642 μέν
1212 1549 1252 1621 ἐκ
1282 1551 1352 1620 τοῦ
1382 1545 1434 1643 μὴ
1460 1547 1585 1636 ὄντος,

304 1672 372 1738 τοῦ
397 1660 439 1738 δέ
466 1664 506 1735 ἐκ
529 1667 608 1736 τῶν
632 1658 827 1758 τεσσάρων
844 1661 1051 1759 στοιχείων·
1078 1663 1143 1738 καὶ
1159 1661 1326 1748 δέδωκας
1343 1665 1460 1762 αὐτῷ,
1484 1663 1587 1740 κατά

303 1781 374 1877 μέν
398 1779 468 1877 τὴν
492 1778 633 1878 ψυχὴν,
667 1777 737 1878 τὴν
762 1780 913 1883 λογικῶν
939 1779 1160 1884 διάγνωσιν,
1193 1781 1382 1880 εὐσεβείας
1405 1781 1469 1857 καὶ
1495 1783 1587 1858 ἀσε-

263 1965 266 1980 ,
303 1899 408 1999 βείας
441 1893 641 1994 διάκρισιν,
675 1895 824 1973 δικαίου
856 1899 920 1973 καὶ
946 1898 1081 1976 ἀδίκου
1107 1898 1380 1999 παρατήρησιν·
1415 1899 1511 1976 κατά
1538 1900 1586 1976 δέ

302 2017 346 2093 τὸ
373 2020 483 2113 σῶμα
507 2013 578 2112 τὴν
602 2015 817 2092 πένταθλον
841 2015 1002 2116 ἐχαρίσω
1027 2021 1220 2114 αἴσθησιν,
1246 2018 1310 2094 καῖ
1326 2017 1396 2115 τὴν
1412 2020 1587 2116 μεταβα-

302 2134 409 2234 τικὴν
432 2134 590 2230 κίνησιν.
618 2131 666 2208 σὺ
690 2132 765 2234 γὰρ
794 2134 857 2208 Θεέ
883 2133 1156 2234 παντοκράτορ,
1182 2135 1247 2212 διδι
1264 2139 1435 2236 Χριστοῦ
1458 2135 1586 2236 παρά-

304 2253 430 2329 δεισον
455 2254 496 2327 ἐν
515 2248 626 2344 Ἐδέμ
650 2251 747 2327 κατὰ
772 2251 957 2336 ἀνατολὰς
983 2252 1200 2353 ἐφύτευσας,
1228 2254 1419 2332 παντοίων
1445 2263 1588 2353 φυτῶν

303 2369 504 2466 ἐδωδίμων
538 2364 682 2466 κόσμῳ,
712 2370 776 2444 καῖ
808 2374 849 2446 ἐν
883 2372 987 2469 αὐτῷ
1020 2370 1071 2454 ῶς
1103 2369 1153 2448 ἀν
1185 2375 1226 2448 ἐν
1258 2372 1361 2470 ἑστίη
1393 2379 1588 2448 πολυτελεῖ

304 2486 488 2592 εῑςήγαγες
513 2482 647 2562 αὐτόν·
675 2485 748 2584 κάν
772 2495 828 2586 τῷ
852 2495 971 2564 ποιεῖν
996 2485 1116 2584 νόμον
1141 2488 1308 2575 δέδωκας
1333 2491 1438 2588 αὐτῶ
1458 2492 1586 2590 ἐμφυ-

303 2635 383 2695 τον,
418 2605 516 2687 ὅπως
550 2607 703 2681 οἴκοθεν
734 2604 798 2680 καῖ
830 2607 919 2706 παρ’
950 2608 1087 2681 ἑαυτοῦ
1118 2609 1195 2703 ἔχοι
1225 2607 1273 2682 τά
1300 2609 1491 2708 σπέρματα
1515 2620 1587 2708 τῆς

303 2724 547 2827 θεογνωσίας.
599 2723 805 2825 εῑςαγαγῶν
837 2721 879 2799 δέ
913 2729 963 2808 είς
987 2723 1055 2800 τὸν
1079 2735 1144 2822 τῆς
1168 2732 1315 2826 τρυφῆς
1338 2725 1585 2826 παράδεισον,

303 2841 458 2920 πάντων
498 2840 569 2937 μίν
607 2842 748 2938 ἀνῆκας
788 2841 895 2941 αὐτῷ
928 2841 998 2939 τὴν
1030 2842 1202 2928 ἐξουσίαν
1234 2846 1326 2942 πρὸς
1357 2841 1585 2944 μετάληψιν,

304 2961 387 3046 ἑνὸς
417 2958 459 3036 δέ
490 2956 612 3056 μόνον
644 2959 713 3056 τὴν
745 2966 875 3063 γεῦσιν
907 2961 1065 3045 ἀπεῖπας
1096 2963 1152 3036 ἐπ’
1190 2962 1311 3038 ἐλπίδι
1341 2959 1583 3062 κρειττόνων,

302 3081 367 3156 ἵνα
392 3077 460 3178 ε’ἀν
485 3075 631 3178 φυλάξῃ
657 3078 726 3175 τὴν
751 3078 916 3176 ἐντολὴν,
941 3078 1087 3174 μισθὸν
1111 3076 1247 3176 ταύτης
1271 3080 1341 3178 τὴν
1358 3081 1585 3159 ἀθανασίαν
1692 3159 1693 3168 ,

302 3197 516 3296 κομίσηται·
545 3193 782 3294 ἀμελήσαντα
808 3195 849 3272 δέ
875 3201 941 3294 τῆς
965 3201 1114 3294 ἐντολῆς
1137 3197 1201 3272 καὶ
1225 3195 1459 3300 γευσάμενον
1485 3201 1585 3298 ἀπη-

302 3315 531 3420 γορευμένον
561 3319 709 3414 καρποῦ
740 3311 864 3412 ἀπάτῃ
898 3317 1018 3416 ὄφεως
1048 3315 1112 3392 καὶ
1144 3315 1357 3414 συμβουλίη
1389 3317 1583 3420 ηυναικδς,

303 3438 372 3510 τοῦ
404 3433 474 3529 μέν
506 3431 737 3530 παραδείσου
768 3433 923 3517 δικαίως
956 3435 1093 3518 ἐξωσας
1126 3433 1256 3524 αὐτὸν,
1293 3432 1503 3537 ἀγαθότητι
1536 3437 1584 3512 δέ

305 3557 355 3637 είς
379 3550 423 3627 τὸ
449 3549 623 3633 παντελὲς
648 3545 905 3647 ἀπολλύμενον
931 3551 1001 3646 οὐχ
1026 3550 1231 3650 ὑπερεῖδες·
1259 3551 1328 3628 σὸν
1352 3554 1426 3656 γάρ
1446 3550 1495 3651 ἦν
1511 3553 1583 3652 δη-

304 3666 539 3770 μιούργημα,
574 3665 668 3742 ἀλλά
700 3665 969 3753 καθυποτάξας
1002 3668 1107 3767 αὐτῷ
1136 3669 1206 3766 τὴν
1236 3669 1378 3762 κτίσιν,
1412 3671 1584 3758 δέδωκας

305 3789 411 3887 αάτηῖ
436 3786 580 3869 ολκείοις
604 3783 739 3884 ἱδρῶσι
763 3785 827 3861 καὶ
851 3783 979 3871 πόνοις
1003 3786 1166 3887 πορίζειν
1191 3789 1315 3888 ἑαυτῷ
1334 3789 1404 3888 τὴν
1419 3788 1584 3889 τροφὴν,

247 3931 249 3937 ·
305 3907 376 3980 σού
400 3899 523 3978 πάντα
550 3899 712 4004 φύοντος
736 3904 800 3980 καὶ
825 3907 1002 3992 αὔξοντος
1027 3905 1090 3981 καὶ
1106 3903 1365 3992 πεπαίνοντος·
1389 3904 1518 4006 χρόνῳ
1535 3908 1581 3986 δέ

304 4021 396 4122 πρὸς
413 4021 539 4124 ἀλίγον
558 4021 675 4098 αὐτὸν
692 4021 875 4126 κοιμίσας,
902 4023 1002 4123 ὅρκῳ
1020 4029 1070 4108 εἰς
1086 4025 1369 4125 παλιγγενεσίαν
1386 4022 1580 4111 ἐκάλεσας·

374 4331 399 4391 1)
417 4331 638 4386 praeclarissimum
658 4346 738 4382 τετοτο
757 4339 890 4382 creatarum
908 4331 1063 4398 praeconium
1082 4331 1146 4396 quod
1164 4346 1237 4396 supra
1251 4331 1368 4396 scriptum
1381 4339 1425 4392 εει,
1445 4331 1580 4386 multorum

304 4415 456 4467 vulmarum
475 4433 503 4467 ιι
522 4417 576 4468 libri
594 4417 646 4467 lobi
664 4417 740 4467 robur
758 4431 786 4467 οο
804 4417 989 4477 firmamentum,
1008 4417 1147 4466 affinitatem
1166 4416 1239 4467 λεῖοι
1256 4431 1309 4468 cum
1328 4425 1398 4467 cantu
1417 4417 1442 4467 S.
1453 4417 1581 4469 Francisci

305 4500 440 4564 Seraphid,
464 4503 505 4567 qui
529 4503 616 4554 dicitur
640 4501 737 4552 ιοΙιτίι.
773 4500 892 4564 Ρετεεερε
914 4507 1060 4552 vetustarum
1088 4499 1238 4563 liturgiarum
1257 4509 1376 4562 unctores,
1399 4502 1468 4567 quui
1487 4503 1583 4567 ιρτελίο

306 4585 458 4648 corporibus,
477 4586 571 4637 evolant
589 4594 660 4652 atque
678 4593 805 4638 excurrunt
822 4585 897 4647 λοτιε,
915 4599 1067 4652 omnemque·
1078 4599 1159 4636 τετοοι
1177 4591 1310 4637 creatarum
1321 4585 1437 4638 ambitum
1446 4585 1579 4638 exultando

304 4667 460 4733 perlustrant.
