3388 5304
707 399 781 472 647

194 579 312 658 Οἴα
291 611 315 679 η
342 579 462 680 ζωή*
441 587 551 678 η’μιῦν
574 585 697 671 ἐστιν,·
724 583 845 668 ἄνθος
869 581 934 659 καὶ
950 582 1061 675 ἀτμὶς
1077 609 1141 656 και
1129 578 1331 678 δρόσος
1312 611 1383 658 εω-

110 683 203 780 θινή
229 683 394 780 ἀληθῶς.
446 691 561 759 Δεῦτε
579 681 662 773 οῦν,
687 685 941 814 κατόδωμενέ
943 685 984 759 πὶ
1009 683 1097 768 τοῦς
1095 680 1266 814 τάφους
1290 713 1383 780 τρα-

107 794 192 868 νῶς.
248 789 336 860 Ποῦ
368 784 412 859 τὸ
443 782 576 868 κάλλος
608 793 676 862 τοῦ
702 781 875 916 σώματος
898 786 962 862 καὶ
987 794 1060 862 ποῦ
1085 783 1109 883 6
1135 781 1273 882 νεότης,
1308 793 1383 861 ποῦ

107 887 177 962 εῑσὶ
207 883 257 959 τά
290 887 442 982 ὄμματα
466 887 530 960 καὶ
553 885 577 983 ή
603 886 732 988 μορφὴ
756 897 821 987 τῆς
847 885 1004 988 σαρκός,·
1039 885 1164 963 πάντα
1190 883 1381 986 ἐξηράνθη

108 987 158 1072 τός
178 984 327 1083 χόρτος,
353 984 477 1062 πάντα
501 989 783 1088 ἠφανίσθησαν.
828 997 954 1066 Δεῦτε.
1000 995 1063 1087 Τῷ
1088 994 1244 1088 Χριστῷ
1269 1017 1382 1088 προς

107 1089 345 1184 πέοωμενέν
322 1086 542 1187 νδάκρυσι.

172 1189 375 1318 Μέγας“
358 1220 378 1266 ο
411 1189 609 1288 κλαυθμὸς
639 1190 703 1266 καὶ
736 1189 913 1318 ἀδυρμός,
946 1192 1062 1321 66763
1074 1191 1293 1322 στεναγμὸς
1317 1191 1383 1267 καὶ

108 1288 266 1418 ἀνάγκη,
304 1291 324 1366 6
346 1293 537 1390 χωρισμὸς
562 1300 627 1420 τῆς
651 1301 783 1422 φυχῆς.
825 1292 952 1390 Ἀιδης
975 1294 1040 1370 καὶ
1065 1292 1275 1370 ἀπιόλεια
1254 1324 1277 1390 η
1303 1303 1384 1372 των

108 1391 346 1522 666666666
370 1393 504 1491 ζωὴ,“
482 1425 505 1491 η
533 1392 617 1468 οκιά
642 1392 665 1490 ή
693 1393 940 1491 ἀνύπαρκτος,
967 1394 987 1470 6
1012 1393 1130 1479 ῦπνος
1145 1403 1210 1492 τῆς
1227 1392 1378 1491 πλάνης,

107 1495 128 1568 6
146 1492 504 1624 ἀκαιροφάνταστης
529 1492 677 1592 μόχθος
700 1504 769 1624 τφῦ
793 1495 883 1593 βίον
908 1504 973 1592 τῆς
992 1506 1074 1625 γής·
1103 1494 1228 1591 πόρρω
1198 1500 1383 1593 ωὲκφευ-

101 1586 266 1692 ξάμεθα
290 1595 435 1694 κόσμου
461 1597 563 1672 ἅπαν
586 1595 677 1670 66‘
656 1595 873 1694 αμόρτημα,
897 1599 961 1673 ἵνα
987 1595 1035 1672 τά
1066 1595 1224 1728 οῦράνια
1250 1608 1384 1696 κληρο

107 1727 150 1773 νο
192 1695 263 1771 ’σω
309 1726 344 1772 ν.

150 1726 399 1883 μηΒλόόάεντες
424 1798 664 1896 προκείμενον
689 1797 824 1928 662666
848 1795 961 1927 66706
978 1795 1232 1894 ἀναλάβωμεν
1249 1795 1384 1884 πάντες

107 1909 170 1998 τῆς
194 1901 409 1984 τελευταίας
435 1906 556 1998 ῥοπῆς.
600 1899 730 1984 Οὕτως
753 1902 827 2003 γὰρ
854 1898 1073 2030 παράγεται,
1100 1899 1217 1994 ὥςπερ
1243 1902 1385 1985 καπνὸς

108 2002 181 2078 ἀπὸ
216 2010 331 2131 γῆς
346 2001 443 2086 Ὡςεὶ
477 2003 598 2087 ἀνθος
622 1999 894 2099 ἐξήνθησεν,“
866 2031 916 2130 ως
937 2000 1072 2097 χόρτος
1096 2001 1255 2098 ἐτμήθη,
1282 1999 1384 2097 δάκει

106 2100 454 2204 σπαργανοόμενος,
464 2113 527 2234 γῇ
553 2100 881 2198 καλυπτόμενος,’
868 2104 979 2198 όνπερ
1002 2103 1130 2233 ἀφανῆ
1148 2131 1188 2178 τε
1205 2101 1383 2190 λιπόντες,

107 2214 161 2303 τῷ
187 2211 347 2302 Χριστῳ
379 2203 591 2304 εῦξιόμεθα,
625 2204 760 2281 δοῦναι
791 2212 842 2290 εἰς
875 2209 1016 2289 αλιῦνας
1045 2202 1168 2303 τούτῳ
1194 2204 1263 2302 τήν
1289 2203 1385 2280 ἀνά-

107 2333 262 2388 παυσιν.

194 2415 326 2496 Δεῦτε,
353 2437 388 2482 οι
378 2402 593 2533 ἀπόγονοι
611 2405 745 2503 Αδάμ.
789 2405 947 2536 ’Ίδφμεγ
979 2411 1030 2491 εἰς
1053 2413 1126 2508 γῆν
1150 2406 1384 2503 βεβλημένον

109 2509 178 2585 τόν
203 2509 286 2584 κατ’
317 2504 486 2585 ελκόνα“
466 2518 589 2638 ημῶν,
616 2509 705 2605 ὅλην
730 2509 798 2606 τήν
823 2508 1043 2638 εὐπρέπειαν
1063 2505 1383 2638 ἀποβαλλόμενον,

110 2611 312 2708 λελυμένον
338 2613 378 2686 ἐν
404 2609 570 2707 μνήματι
597 2610 736 2742 666666
762 2607 975 2706 σκωλήκων,
1012 2607 1133 2685 σκότει
1159 2607 1385 2706 δαπανώαε

110 2741 194 2802 νον,
222 2721 271 2814 γηή
296 2709 593 2808 καλυπτόμενον.
604 2712 792 2810 “ονπερ’
771 2721 901 2840 αφανή
927 2708 1128 2842 λελοιπότες
1154 2740 1208 2808 τῳ
1193 2681 1384 2810 Χριάτῷ

109 2811 324 2940 66666666
350 2813 486 2890 δοῦναι
512 2819 562 2900 ελς
587 2819 727 2898 αἰῶνας
750 2811 873 2911 τούτῳ
899 2813 967 2910 τὴν
992 2813 1218 2888 ἀνάπαυσιν.

188 2915 278 2990 Ὅτε
311 2918 350 2988 ἐκ
328 2921 453 2990 κτοῦ
486 2913 657 3010 σιόαατος
681 2916 785 3042 φυχὴ
810 2917 937 3040 μέλλει
954 2913 1047 3009 μετὰ
1073 2913 1161 3008 βίας
1187 2913 1386 3008 άρπάσθαι

111 3015 189 3142 ὑπὸ
222 3015 391 3116 ἀγγέλων
423 3023 656 3112 φρικτῦν,
645 3013 800 3090 πάντων
831 3010 1048 3088 ἐπιλάθεται
1080 3021 1160 3087 τῶν
1192 3023 1387 3114 συγγενῶν

109 3115 179 3191 καὶ
212 3123 396 3217 γνωστῶν
427 3115 491 3190 καὶ
526 3115 713 3242 φροντίζει
745 3114 792 3190 τὰ
825 3115 1007 3210 μέλλοντα
1039 3109 1208 3212 κριτήρια
1243 3123 1385 3210 στῆναι.

118 3217 175 3292 Τὰ
215 3225 281 3314 τῆς
318 3214 562 3316 ματαιότητος
601 3216 664 3291 καὶ
696 3213 943 3344 πολυηόχθου
977 3215 1112 3311 σαρκὸς
1145 3211 1385 3310 διελύθησαν.

116 3316 210 3393 Τότε
235 3318 303 3394 τὸν
327 3317 457 3417 κριτήν
483 3319 739 3406 δυςωποῦντες
763 3315 898 3402 πάντες
923 3313 1222 3412 επευξιόμεθα,“
1205 3345 1268 3391 ινα
1295 3343 1387 3419 συγ-

110 3415 267 3518 χωρήσῃ
292 3419 431 3518 πόριος,
458 3421 482 3496 6
508 3422 673 3547 ἔπραξεν.

200 3526 364 3598 Δεῦτεέ
365 3551 389 3598 ν
413 3531 467 3620 τῷ
492 3520 616 3620 τάφῳ,
643 3521 812 3619 ἀδελφοὶ,
837 3521 1047 3650 βλέψωμεν
1063 3519 1132 3617 τήν
1156 3518 1301 3646 τέφραν
1323 3515 1387 3592 καὶ

113 3619 236 3713 κόνιν,
269 3617 374 3720 ἐξής
398 3593 648 3754 ἐπλάφθημεν.
702 3629 789 3699 Ποῦ
813 3631 888 3699 νῦν
912 3618 1165 3718 πορευόμεθα,
1198 3651 1234 3696 τι
1225 3618 1301 3696 ’δὲ
1325 3647 1388 3721 γε·

115 3722 305 3853 γόναμεν;
329 3730 433 3810 ποῖος
457 3727 566 3854 πένης
590 3725 615 3853 6
640 3723 860 3808 πλούσιος
836 3755 859 3821 η
886 3730 989 3808 ποῖος
1006 3721 1196 3850 δεσπότης,
1223 3727 1327 3848 ποῖος
1346 3719 1387 3797 δὲ

115 3824 330 3956 ἐλεῦθερος
336 3826 400 3901 καὶ
435 3827 521 3922 οῦχὶ
555 3825 691 3956 πάντες
727 3823 884 3916 σπόδος,·
919 3825 1051 3910 κάλλος
1085 3834 1154 3952 166
1191 3821 1387 3921 προςάπου

118 3926 236 4024 ἐσάπη
268 3928 332 4003 καλ
357 3925 401 4003 τό
426 3937 490 4026 τῆς
515 3925 684 4026 νεότητος
709 3927 812 4005 ἅπαν
837 3929 959 4012 ἄνθος
982 3925 1240 4025 κατεμάρανεν
1265 3923 1285 4000 6
1312 3922 1389 4000 θά-

117 4057 241 4115 νατος.

194 4134 338 4216 Ὄντως
367 4130 570 4228 ματαιότης
600 4130 663 4259 666
695 4129 827 4229 φθορά
860 4129 984 4204 πάντα
1015 4127 1063 4202 τά
1089 4135 1158 4202 τοῦ
1182 4125 1272 4251 βίου
1297 4123 1390 4220 ἡδέα

116 4259 183 4307 και
170 4232 391 4327 περόδοξα.
420 4231 569 4362 Πάντες
591 4232 665 4334 γάρ
692 4233 916 4328 ἐκλείπομεν,
950 4229 1085 4314 πάντες
1110 4226 1387 4356 τεθνηξόμεθα,

116 4335 285 4462 βφοιλεῖς
308 4365 346 4409 τε
372 4333 435 4410 καὶ
460 4335 648 4432 ἄρχοντες,
673 4333 797 4430 κριταὶ
821 4362 885 4409 και
872 4331 1129 4458 δυνάσται,
1133 4329 1302 4459 πλοόριοι
1325 4327 1390 4402 καὶ

123 4437 272 4533 πένητες
303 4435 367 4511 καὶ
399 4446 501 4512 πᾶσα
535 4435 645 4533 φάσις
670 4439 832 4566 βροτιῦν.
884 4443 969 4511 Νῦν
994 4433 1067 4535 γάρ
1094 4431 1129 4506 οἱ
1156 4461 1243 4508 ποτε
1234 4428 1309 4504 ἐν
1335 4437 1389 4526 τιῦ

120 4535 195 4664 βίφ
227 4537 360 4636 τάφοις
391 4539 706 4640 καταβέβληνται·
750 4536 881 4664 οῦςπερ
915 4537 1132 4612 ἀναπαῦσαι
1163 4532 1370 4631 κόριονευ

121 4637 288 4734 ξάμεθα.

1132 4735 1189 4789 ιι·
