3388 5304
931 395 1003 470 596

350 579 515 677 ’Ὑπὲρ
541 587 610 657 τοῦ
633 583 822 676 ῥυσθῆναι
855 575 971 656 αὐτόν
996 608 1035 654 τι
1060 578 1124 662 καὶ
1148 578 1247 675 ἡμᾶς
1271 579 1345 656 ἀπὸ
1371 577 1489 678 πάσης
1512 579 1591 656 θλί-

333 705 445 784 ηιιυις,
472 683 595 784 ἀργῆς,
620 679 802 760 κινδύνου
827 681 891 756 καὶ
916 677 1092 782 ἀνάγκης,
1128 690 1197 758 τοῦ
1223 681 1366 781 Κυρίου
1392 681 1591 780 δεηθῶμεν.

414 785 660 909 Ἀντιλαβοῦ.

421 891 494 982 Τῆς
517 881 704 986 παναγίας
729 880 930 981 ἀχράντου.

407 986 492 1064 Ὅτι
516 987 643 1084 πρέπει
669 1010 727 1061 σοι
752 993 856 1060 πᾶσα
881 982 985 1070 δ.όξα
1054 1009 1058 1018 ·

418 1096 503 1172 Είτα
523 1099 651 1190 λίγει“
634 1128 652 1172 ο
676 1098 782 1189 ίιρεάς
801 1101 861 1190 τὴν
880 1104 1056 1189 παροῦσαν
1076 1095 1186 1189 εὐχήν·

417 1202 532 1302 Κύριε
549 1207 672 1338 Ἰησοῦ
696 1204 848 1302 Χριστί,
880 1205 937 1280 υἱί
971 1213 1040 1280 τοῦ
1068 1208 1161 1279 Θεοῦ
1186 1212 1255 1280 τοῦ
1281 1203 1434 1295 ζῶντος,
1467 1205 1594 1301 ποιοίην

334 1306 399 1386 καὶ
424 1305 532 1402 ἀμνί,
560 1306 580 1381 ὁ
607 1311 727 1430 αἴρων
751 1305 821 1402 τὴν
846 1305 1035 1404 ἁμαρτίαν
1059 1314 1128 1381 τοῦ
1154 1303 1311 1400 κόσμου,
1339 1305 1359 1382 6
1383 1307 1428 1381 τὸ
1454 1304 1594 1383 δάνειον

333 1406 584 1534 χαρισάμενος
608 1413 685 1490 τοῖς
710 1405 798 1482 δυσὶ
819 1407 1101 1506 χρεοφειλίταις,
1126 1408 1190 1482 καὶ
1214 1417 1261 1506 τῇ
1287 1407 1498 1506 ἀμαρτωλῷ
1514 1407 1594 1492 δούς

337 1507 519 1639 ἄφεσιν
497 1516 694 1638 αμαρτιῶν
720 1508 843 1605 αὐτῆς.
870 1508 1005 1597 Αὐτὸς,
1038 1508 1270 1598 δίσποτα,”
1245 1539 1341 1600 ανες,
1375 1513 1482 1607 ἄφες,
1514 1535 1594 1640 σογ-

333 1610 509 1742 χώρησον
541 1611 609 1740 τρίς
641 1609 837 1708 ἁμαρτίας,
869 1609 936 1694 τάς
962 1611 1132 1706 ἀνομίας,
1164 1610 1212 1685 τά
1212 1609 1531 1742 πλημμεληματα
1554 1612 1593 1686 τά

337 1711 488 1790 ἑκουσία
512 1711 648 1787 καὶτὰ
672 1709 843 1802 ἀκούσια,
868 1711 915 1786 τά
942 1715 982 1786 ἐν
1006 1708 1155 1841 γνοίσει,
1180 1712 1227 1787 τά
1253 1717 1295 1789 ἐν
1313 1713 1462 1842 ἀγνοίᾳ,
1488 1713 1574 1788 ιδ’
1561 1741 1595 1842 εγ

337 1811 549 1913 παραβάσει
573 1815 638 1888 καὶ
662 1822 832 1911 παρακοῇ
852 1809 1034 1941 γενόμενα
1051 1813 1154 1910 παρὰ
1170 1823 1248 1890 τῶν
1267 1812 1416 1890 δούλοιν
1433 1842 1503 1890 σου
1518 1813 1595 1891 τού-

337 1943 425 1993 των.
453 1915 578 1988 Ka6”
544 1943 611 1990 ειτι
628 1913 679 1998 ὥς
695 1917 895 2012 ἄνθρωποι
912 1911 1033 2014 σάρκα
1042 1923 1254 2044 φοροῦντες
1284 1916 1349 1991 καὶ
1377 1917 1446 1991 τὸν
1462 1914 1595 2014 κόσμον

338 2019 565 2101 ολκοῦντεςί
567 2045 590 2091 κ
614 2025 683 2091 τοῦ
709 2013 889 2146 διαβόλου
915 2014 1243 2148 ἐπλανήθησαν,ε
1227 2023 1296 2092 εἴτε
1323 2021 1365 2094 ἐν
1377 2015 1502 2147 λόγῳ,
1535 2023 1595 2093 εἴτε

338 2121 431 2196 ἔν”
410 2147 521 2247 εργῳ,
555 2123 625 2193 ε’ίτε
659 2121 700 2193 ἐν
725 2115 879 2247 γνιόσει,
906 2121 976 2194 ε’ίτε
1002 2121 1043 2193 ἐν
1041 2119 1216 2248 ἀγνοίηι,
1250 2123 1320 2194 εἴτε
1346 2117 1499 2222 λόγον“
1484 2121 1596 2214 ιερίυς

336 2219 609 2315 κατεπάτησαν,
636 2249 659 2345 η
641 2218 759 2295 ὑπὸ
783 2217 954 2350 κατάραν
977 2219 1101 2349 669569
1125 2221 1307 2322 ἐγίνοντο,
1343 2226 1414 2296 εἴτε
1440 2231 1496 2320 τῴ
1520 2221 1595 2318 ἰδίῳ

339 2321 598 2417 ἀναθίματι“
575 2322 775 2410 υπίπεσαν,
800 2319 825 2418 5
851 2321 949 2420 ὅρκῳ
974 2318 1213 2452 ἀπήχθησαν,
1247 2323 1358 2406 αὐτὸς
1384 2323 1436 2408 ὥς
1461 2295 1597 2425 ἀγαθός

338 2423 402 2500 καὶ
437 2421 689 2519 ἀμνησίκαιιος
721 2421 899 2520 δεσπότης
931 2419 1086 2507 τούτους
1117 2424 1204 2508 τοὺς
1230 2423 1387 2510 δούλους
1413 2449 1483 2500 σου
1492 2423 1595 2554 λόγῳ

339 2528 505 2621 λυδηναι
529 2521 745 2620 εὐδόκησον,
771 2533 979 2650 συγχωρῶν
1006 2524 1131 2609 αὐτοῖς
1156 2525 1219 2600 καί
1243 2527 1286 2602 τὸ
1311 2525 1412 2603 ίδιον
1428 2524 1595 2622 ἀνάθεμα

338 2655 402 2702 και
390 2623 540 2701 τδν“
519 2653 632 2722 ορκον
657 2625 753 2700 κατά
777 2625 820 2700 τό
845 2625 941 2728 μέγα
967 2649 1036 2701 σου
1061 2628 1167 2711 ἔλεος.
1220 2629 1308 2717 Ναὶ,
1334 2627 1509 2718 δέσποτα,
1543 2657 1597 2727 φι-

340 2724 556 2854 λάνθριοπε,
590 2723 716 2824 Κύριε,
751 2724 1003 2802 ἐπάκουσον“
983 2737 1093 2824 ημιῦν
1118 2728 1307 2858 δεομένην
1330 2739 1398 2826 τῆς
1423 2740 1489 2827 σῆς
1514 2731 1596 2832 ἀγα-

339 2824 553 2924 θότηιος“
531 2826 623 2925 υπίρ
656 2836 735 2902 τῶν
758 2827 906 2904 δούλων
933 2853 1002 2956 σσρ
1027 2827 1184 2919 τούτων,
1218 2861 1282 2906 και
1269 2829 1494 2930 πάριδει
1467 2861 1516 2916 αις
1538 2860 1595 2905 πο-

340 2929 482 3013 λυίλεος
506 2929 554 3002 τά
579 2928 794 3026 πταίσματα
822 2931 949 3006 αὐτων
967 2930 1125 3008 ἅπαντα.
1145 2929 1437 3018 Ἀπάλλαξον’
1393 2932 1528 3018 αυτούς
1543 2941 1596 3028 τῆς

341 3029 497 3106 αἰωνίου
521 3029 714 3116 κολάσεως.
767 3031 830 3109 Σύ
854 3030 928 3156 γὰρ
954 3031 1070 3122 εἶπας,
1096 3032 1324 3126 δίσποτα,”
1303 3060 1373 3110 οσα
1400 3034 1450 3111 ἀν
1476 3033 1594 3160 δήσητε

340 3131 399 3207 ἐπὶ
422 3141 487 3229 τῆς
499 3141 591 3260 γῆς,
616 3135 719 3208 ἔσται
746 3132 991 3230 δεδεμέναέν
967 3161 1069 3234 ντῳ
1096 3135 1264 3234 οὐρανῷ
1291 3137 1355 3212 καὶ
1381 3136 1453 3212 ὅσα
1478 3132 1594 3213 ἀνλίι

341 3257 426 3362 σητε
452 3233 512 3308 ἐπὶ
535 3243 600 3330 τῆς
609 3244 703 3364 γῆς,
730 3237 832 3310 ἔσται
846 3235 1076 3364 λελυμένα
1060 3265 1101 3312 εν
1127 3265 1181 3334 τῳ
1209 3238 1370 3366 0596655.
1395 3239 1480 3342 Ὅτι
1505 3239 1547 3313 σι)
1567 3233 1594 3310 ελ

340 3333 456 3432 μόνος
490 3333 762 3463 ἀναμάρτητος,
795 3335 858 3411 καί
892 3337 951 3410 σοί
982 3338 1052 3434 τὴν
1084 3310 1253 3423 δόξάν’
1234 3340 1518 3436 αναπίμπομεν,
1545 3367 1592 3466 τιρ

340 3435 465 3533 πατρὶ,
491 3437 555 3512 καὶ
579 3447 634 3536 τῷ
660 3439 744 3536 υίῴ,
770 3437 912 3535 καὶτῷ
939 3437 1034 3540 ἁγίῳ
1060 3436 1255 3537 πνεύματι,
1280 3449 1354 3518 νῦν
1369 3443 1434 3516 καὶ
1451 3442 1518 3533 ἀεὶ,
1541 3439 1595 3515 καλ

342 3542 392 3622 εἰς
416 3537 504 3622 τοὺς
530 3544 670 3624 αλωνας
694 3549 773 3615 τῶν
798 3509 959 3614 αἰώνων.
1003 3537 1133 3637 Ἀμήν.

428 3653 498 3722 Καὶ
519 3651 701 3746 ψάλλει
666 3679 719 3724 w
732 3637 936 3740 Τριςάγιον.
977 3653 1042 3724 Τό
1065 3641 1170 3717 δεῦτε
1195 3641 1515 3782 προςκυνησωμεν
1536 3653 1593 3724 Καὶ

341 3753 399 3822 τὸν
420 3753 642 3870 πεντηκοστόν
663 3755 811 3870 ψάλμον
820 3755 934 3825 καὶτὰ
948 3754 1100 3872 παρόντα
1113 3756 1291 3847 τροπάρια.
1320 3743 1448 3843 Κύριε,
1465 3747 1595 3868 ἔλίησγλ

340 3839 449 3938 ἡμᾶς.
489 3849 560 3939 Τῆς
585 3843 856 3945 εὐσπλαγχνίας
881 3845 950 3940 τὴν
975 3843 1094 3942 πύλην
1119 3873 1151 3946 p.
1168 3849 1253 3922 328.
1292 3861 1339 3930 Τὸ
1361 3845 1488 3946 Κύριε,
1513 3844 1595 3940 ἐλίη

343 3965 412 4018 0ον
436 3957 743 4074 τεσσαρακοντάκις.
777 3956 895 4040 Αὐτὸς
917 3959 955 4028 66
975 3958 1123 4046 κείμενος
1144 3961 1248 4050 λέγει·
1273 3948 1457 4080 ἥααρτον,
1483 3946 1594 4072 Κύθῐξι

343 4043 588 4171 συγχώρησόν
612 4074 677 4143 μοι
703 4087 739 4129 εκ
759 4058 883 4148 τρίτου.
905 4058 1018 4130 Καί’
997 4058 1213 4149 ἀνιστάμενος
1227 4061 1330 4152 λέγει·
1352 4049 1504 4136 Οθεδς
1526 4043 1595 4122 ίλά

344 4145 459 4244 σθητί
483 4175 548 4243 μοι
572 4157 627 4245 τῷ
653 4147 874 4248 ἀμαρτωλῷ.

738 4373 812 4444 Τοῦ
838 4367 981 4467 Κυρίου
1006 4365 1215 4465 δεηθιϋμεν.

421 4514 627 4607 Οθεδς,
609 4547 629 4592 ο
657 4519 779 4616 σαντὴρ
804 4518 926 4614 ἡμῶν,
953 4519 973 4594 6
1000 4519 1064 4596 διά
1083 4529 1152 4596 τοῦ
1168 4517 1362 4650 προφήτου
1381 4546 1450 4598 σου
1468 4517 1593 4596 Νάθαν

343 4616 612 4714 μετανοήσαντι
629 4651 683 4720 τῳ
667 4620 874 4721 Δαβὶδβ
859 4621 917 4696 επὶ
934 4627 1010 4708 τοῖς
1026 4622 1134 4708 ἰδίοις
1150 4619 1489 4720 πλημμελήμασιν’
1473 4625 1593 4722 άφισιν
1672 4689 1673 4700 ,
