3394 5308
739 409 786 514 2⁷

123 587 233 659 territt
255 611 293 658 se
312 608 403 674 pam
423 585 488 660 mi
510 593 555 660 dia
570 594 805 662 [manchaleus
827 595 904 659 acci
925 595 1124 677 supernates
1146 613 1212 658 oar
1231 621 1275 640 -··
1296 599 1330 660 ris
1351 597 1400 661 ais

122 693 179 768 lem
200 695 256 758 clas
279 695 453 784 memini
468 699 525 764 :ries
549 696 687 778 bonettpen
710 688 840 762 Geietea·
861 698 926 762 unul
945 683 1324 778 Bilduapa-Zaateaelssfl'

121 832 125 841 ·
204 795 358 871 lliramur,
386 797 467 878 quod
495 798 569 860 haec
595 794 784 880 παράδοσις
812 797 962 878 liturgica,
990 807 1051 862 tam
1079 806 1146 879 apte
1178 795 1215 860 a‘d
1243 815 1398 862 commen-

122 897 246 960 dandam
275 897 451 968 traditionis.
471 917 532 962 noa
560 898 690 982 scriptae
716 899 918 962 auctoritatam
937 907 967 962 et
987 899 1085 973 tidem,
1107 907 1262 966 nostrast
1283 899 1399 980 ungulis

120 997 293 1080 impugnata
314 1009 361 1062 est
382 999 418 1062 ah
441 1000 591 1066 nonnullis
607 999 768 1068 Catholicis
792 1000 1000 1081 scriptoribus.
1030 1001 1178 1081 Singulari
1199 1001 1293 1082 capite
1316 1016 1398 1082 ‚sulm

122 1111 258 1182 ternpore
273 1099 364 1164 scribi
373 1095 531 1184 ‘coeperint
546 1100 645 1164 (lirina
661 1102 777 1164 ollicia“
800 1101 832 1179 (l.
849 1121 874 1164 c
890 1121 921 1184 p.
939 1105 1117 1180 137-158)
1139 1104 1397 1186 Assemaubns

121 1201 151 1267 iu
170 1201 371 1281 Biogbamum
392 1221 427 1266 aa
447 1204 638 1284 potissimum
660 1203 691 1266 in
705 1203 786 1266 Petri
800 1201 891 1269 Brutti
905 1203 1055 1268 inuehitur
1070 1204 1298 1288 disputationes.
1321 1205 1398 1269 Suc·

120 1302 213 1366 sarrit
243 1299 391 1366 laboranti
425 1303 647 1388 Selvaggius
681 1305 905 1385 (Anhquitatum
933 1305 1041 1368 Christ.
1069 1305 1277 1371 institutiones
1305 1306 1396 1387 Naap.

123 1407 315 1482 rata-74),
348 1424 384 1468 ex
402 1403 604 1478 recentiorum
634 1420 758 1469 numero
787 1405 996 1486 redintegravit
1026 1405 1107 1474 litam
1134 1406 1397 1473 hinterimius.

122 1505 207 1580 Quod
241 1506 460 1580 demonstrant,
492 1507 612 1570 saeculo
645 1517 749 1588 quarto
783 1507 831 1572 rel
861 1509 964 1588 quinto
994 1508 1120 1588 scriptas
1147 1509 1282 1590 liturgias
1305 1509 1398 1572 exsti·

120 1609 204 1680 iisse,
239 1605 290 1670 rol
320 1607 400 1688 quod
427 1607 498 1679 citra
521 1609 742 1674 ‚eucharisticae
773 1627 879 1690 preces
908 1608 1069 1690 disputant,
1103 1627 1160 1676 nos
1181 1610 1256 1690 nihil
1272 1629 1398 1682 ‚morsu-

122 1719 182 1772 tsr:
205 1727 277 1772 nam
299 1709 391 1772 hodie
413 1719 495 1774 extra
516 1712 751 1782 controversiam
771 1720 818 1774 est
839 1711 957 1776 saeculo
979 1711 1099 1776 ineunte
1120 1721 1225 1792 quarto
1246 1721 1284 1776 ut
1294 1729 1398 1776 omnes

123 1811 207 1872 officii
232 1811 449 1899 divinipartas
472 1811 647 1886 scriberent,
669 1812 779 1876 multos
802 1812 969 1891 sumpsisse
992 1813 1227 1878 mlamum:'sed
1249 1833 1283 1879 aa
1297 1815 1399 1893 pauc-h

122 1909 321 1992 percurrenda
351 1921 421 1976 sunt
443 1903 633 1994 argumenta,
662 1912 770 1992 quihus
793 1912 880 1976 trium
901 1913 1034 1992 priorum
1057 1913 1243 1984 saeculorum
1263 1899 1398 1996 lius-glas

123 2013 152 2074 in
171 2031 227 2076 ore
249 2011 404 2086 ecclesiae,
425 2033 486 2076 uon
509 2013 644 2078 inlibris
665 2023 797 2078 versatas
819 2014 939 2077 eludere
960 2014 1112 2078 conamur.

203 2115 339 2176 Primum
350 2105 483 2207 dubitani
495 2117 532 2178 de
547 2116 690 2195 singulari
705 2110 914 2178 etiurredihili
928 2115 1038 2179 rirurte
1051 2115 1223 2180 memoriae.
1238 2115 1303 2178 Non
1318 2117 1397 2180 reri-

124 2215 225 2278 simile¹
239 2224 299 2292 est,
320 2215 498 2298 Episcopus,
521 2217 714 2300 Presbyteroa
736 2216 782 2278 rel
796 2216 943 2280 Diaconos
961 2234 1083 2298 semper
1104 2225 1134 2280 et
1156 2235 1262 2280 omues
1284 2217 1397 2302 assiu·

126 2317 206 2397 graios
229 2327 319 2398 atque
342 2317 451 2399 ubique
470 2318 604 2390 locorum
622 2327 708 2413 tanta
729 2319 872 2382 memoria
882 2318 928 2380 vel
944 2317 1066 2381 scientia
1081 2319 1233 2398 praeditos
1248 2316 1351 2393 luisse,
1366 2327 1399 2382 nt

127 2419 240 2485 ursos
275 2437 381 2482 omnes
409 2415 519 2496 libros,
550 2421 822 2482 llelunctorum
851 2428 886 2482 et
917 2420 1098 2482 Vivorum
1128 2417 1310 2502 lliptycha
1341 2437 1399 2484 nec

126 2539 182 2583 non
201 2521 391 2588 Psalmornm
413 2522 649 2602 hymnorumque
670 2521 759 2584 verba
782 2527 813 2582 et
836 2521 998 2584 sententias
1019 2521 1191 2587 memoriter
1205 2522 1326 2595 scirent,
1348 2531 1399 2584 aut

126 2622 228 2702 spiritu
260 2623 438 2704 prophetiae
471 2623 651 2703 scientiaque
673 2625 771 2686 inlusa
792 2622 915 2702 praediti
937 2622 985 2684 illa
1007 2622 1106 2688 omnia
1129 2642 1166 2684 ex
1193 2631 1326 2702 tempore
1346 2641 1397 2685 re-

126 2725 255 2786 citarent.
302 2723 425 2786 Constat
457 2724 573 2800 deinde,
607 2723 791 2804 Presbyteris
819 2741 968 2804 nunquam
989 2723 1110 2796 licuisse
1130 2725 1251 2803 propria
1266 2725 1397 2788 auctori·

125 2833 193 2902 tate,
213 2845 277 2888 non
298 2823 457 2888 accedente
471 2813 686 2906 Episcopo'rum
710 2830 860 2889 consensu
881 2824 1029 2898 rationum
1054 2840 1236 2914 precumque
1256 2825 1398 2890 formulas

125 2927 260 3000 mxima,
283 2945 359 3005 quae
374 2925 645 2990 Canonemllissaa
664 2937 856 3008 componunt,
878 2925 1034 3007 concipere
1050 2936 1078 2991 et
1092 2926 1123 2988 iu
1138 2927 1233 3017 blissa
1241 2930 1399 3007 usurpabo,

125 3039 209 3108 atque
230 3038 391 3110 propterea
413 3029 612 3110 praescriptas
635 3029 672 3090 ab
687 3025 843 3112 Episeopis
864 3029 1005 3093 formulas
1026 3028 1074 3090 vel
1095 3047 1132 3090 ex
1153 3029 1218 3106 splo
1238 3029 1339 3097 auditu
1353 3029 1398 3091 rel

127 3148 158 3192 er
177 3129 294 3211 scripto
316 3128 414 3209 aliquo
437 3149 487 3192 eas
509 3130 651 3192 memoria
673 3137 775 3192 tenere
796 3129 943 3193 dehebant
964 3139 994 3191 ot
1014 3131 1065 3201 ita,
1087 3138 1119 3190 ut
1139 3130 1297 3208 perspicue
1312 3140 1400 3209 etque

126 3232 198 3296 facili
220 3230 343 3311 negotio
366 3231 490 3293 recitare
517 3228 597 3294 nulio
623 3229 782 3294 verborum
805 3249 897 3294 sensu
919 3231 1082 3302 immutato,
1112 3230 1164 3290 sed
1187 3239 1217 3291 et
1237 3231 1294 3292 alta
1315 3242 1397 3303 voce,

11 3375 12 3378 =
124 3343 193 3398 uta
215 3331 295 3394 lidali
318 3331 430 3412 populo
453 3332 547 3394 audiri
569 3340 694 3413 possent
716 3341 744 3396 et
764 3337 831 3411 apta
854 3331 941 3392 huius
964 3331 1163 3410 responsione
1187 3329 1286 3392 statim
1301 3331 1395 3394 accla-

11 3433 12 3450 ’
261 3433 459 3514 Presbyteros
497 3450 566 3496 vero
601 3451 704 3496 omnes
743 3441 822 3497 taum
855 3433 998 3494 memoria
1035 3432 1163 3496 valuisse
1192 3433 1299 3513 priscis
1322 3451 1395 3503 eae-

123 3450 207 3610 ffl
228 3535 257 3598 is
278 3534 368 3596 nohis
392 3533 538 3609 suadebit,
560 3534 608 3614 qui
625 3546 757 3619 naturam
773 3535 928 3596 humanam
944 3535 1127 3596 immutatam
1144 3535 1237 3597 luisse
1253 3542 1283 3596 et
1297 3534 1412 3609 homi,

126 3657 193 3702 num
214 3655 318 3700 mores
340 3635 459 3716 penitus
481 3636 657 3715 penitusque
679 3647 805 3715 quatuor
827 3637 1012 3698 saeculorum
1034 3637 1162 3698 decursu
1177 3645 1253 3700 tanta
1268 3636 1397 3698 novitate
1408 3659 1414 3672 a

126 3741 307 3804 abalienatos
343 3737 538 3802 demonstrat.
589 3737 711 3799 Scimus
744 3738 821 3802 enim
859 3755 936 3800 anno
967 3743 1025 3802 541
1065 3737 1209 3818 quosdam
1245 3737 1396 3800 exstitisse

127 3859 184 3904 non
204 3839 412 3921 presby-enos,
449 3839 503 3900 sed
537 3845 566 3901 et
589 3839 770 3922 Episcopus,
803 3840 851 3920 qni
874 3847 953 3900 tanta
977 3840 1142 3919 ignorantia
1166 3840 1342 3912 laborarent,
1365 3847 1398 3900 ut

127 3945 210 4005 etism
242 3943 323 4004 inter
356 3940 409 4004 ahs
441 3940 654 4014 invenirentur,
687 3941 736 4019 qni
769 3959 823 4001 nec
849 3940 945 4019 ipsam
972 3942 1018 4006 rel
1046 3942 1164 4020 quitiam
1194 3949 1398 4003 sacrosanctae

129 4044 283 4106 oblationis
306 4041 350 4104 vel
372 4041 512 4122 baptismi
536 4041 701 4106 orationem
715 4042 1040 4114 tenerentantseirent‚
1064 4051 1096 4106 ut
1110 4042 1242 4125 loquutur
1255 4039 1395 4102 iustinia-

11 4121 12 4170 5
128 4165 180 4211 nus
194 4143 318 4207 mosella
342 4145 425 4222 37.¹)

128 4260 432 4298 ..fi-„4-
452 4282 457 4293 ,

209 4333 389 4407 ΗΙΒῠΙιιποι-
406 4331 422 4380 l.
434 4347 455 4382 c.
467 4330 497 4398 'p.
509 4329 606 4395 hotius.
623 4329 733 4380 relntasit
750 4329 916 4389 himerinum,
935 4330 975 4394 qui
992 4329 1132 4381 lseanraoni
1152 4327 1337 4392 disputationem
1351 4341 1396 4378 no·

11 4443 12 4446 ¹
128 4419 158 4470 ais
175 4420 238 4470 ausit
254 4416 393 4468 rationibus
411 4415 496 4476 „anr
514 4415 603 4466 monirt
621 4413 734 4464 Bintarim
746 4413 842 4464 llanlw.
853 4414 890 4479 lv,
901 4415 923 4475 t,
935 4411 1001 4464 hii:
1020 4415 1072 4474 „lm
1083 4413 1108 4465 2.
1118 4412 1165 4462 und
1182 4410 1403 4473 3.labrbundert“.

129 4503 183 4554 babo
200 4503 263 4565 „aler
282 4497 426 4562 litargischa
444 4499 511 4549 littus
523 4493 565 4549 'olt
582 4497 692 4548 mabrera
710 4497 835 4548 Stundeo“
856 4499 979 4562 gadsoert,
1005 4497 1107 4558 „mithio
1125 4492 1191 4546 selei
1210 4498 1270 4546 anob
1289 4497 1333 4545 dar
1350 4497 1398 4547 Ge·

130 4587 282 4640 hrtsiormelrr
308 4584 422 4636 mchrcrt
445 4595 563 4650 genesen.
598 4583 674 4630 Wenn
694 4595 747 4631 man
766 4583 858 4634 bierbei
876 4609 908 4620 -
928 4581 1044 4641 bedente.
1069 4581 1124 4630 dass
1143 4582 1202 4637 sicia
1220 4581 1330 4632 Blscbole
1349 4578 1397 4630 aad

127 4668 282 4737 Prtshtercn
307 4669 356 4720 der
369 4675 455 4718 ersten
474 4668 525 4717 Zeit
549 4667 619 4724 leina
635 4662 755 4744 Gelohrte,
777 4667 884 4720 suniero
903 4665 1033 4729 cinialtige,
1056 4665 1144 4728 beiliga
1164 4667 1261 4738 htoser
1278 4677 1399 4728 ramesen,
