3554 5304
815 1335 1044 1430 CAPUT
1080 1337 1136 1430 V.
1212 1340 1215 1346 ’

270 1585 275 1598 ·
334 1549 392 1614 DE
426 1545 734 1611 SACRAMENTO
770 1545 877 1610 OLEl
905 1547 958 1610 AC
992 1547 1047 1608 llll
1081 1543 1197 1609 cunt
1230 1541 1522 1608 insinuantur
1554 1541 1615 1606 ΕΤ

642 1647 932 1712 ΜΟΒΤΠΟΒΗΜ
958 1647 1006 1710 ΙΝ
1028 1645 1305 1762 Uttlvttttsttll.

422 1908 451 1968 1.
487 1881 633 1976 Ecclesia
656 1909 835 1984 Christiana,
865 1908 1050 1974 sanctissimi
1073 1900 1190 1991 ἰατροῦ
1222 1925 1258 1970 ac
1280 1905 1481 1987 redemptoris
1502 1921 1613 1987 proge-

334 2012 410 2087 nies,
438 2021 485 2074 est
513 2020 542 2072 et
571 2012 628 2074 erit
654 2031 722 2074 cum
750 2011 930 2074 miserorum
954 2011 1086 2072 omniurn
1110 2018 1171 2072 tum
1195 2008 1382 2070 intirmorum
1404 2016 1500 2070 mater
1521 2016 1614 2088 atqua

334 2123 471 2194 patrona.
515 2113 618 2194 Neque
640 2113 802 2190 excapitari
825 2123 926 2194 potest
946 2112 1128 2174 christianae
1150 2110 1306 2172 cuiusdam
1323 2109 1478 2171 societatis
1492 2109 1612 2183 rituale,

335 2216 415 2295 quod
432 2233 491 2276 non
507 2213 679 2277 consuisset
695 2214 837 2292 aegrotis,
855 2233 967 2295 angore
983 2213 1194 2275 attentatione
1210 2229 1245 2273 ae
1256 2229 1348 2290 saepe
1363 2209 1527 2272 solitudine
1538 2229 1613 2272 con-

335 2315 434 2378 lectis.
463 2315 550 2390 Quod
564 2316 600 2376 ad
615 2316 757 2386 Graecos,
779 2314 989 2394 distinguenda
1003 2324 1049 2376 est
1062 2314 1167 2394 populi
1181 2322 1209 2376 et
1224 2312 1442 2392 simpliciorum
1456 2311 1612 2374 homiuum

333 2427 419 2480 vetus
449 2416 635 2480 consuetudo
664 2425 694 2478 et
720 2416 868 2496 pristinus
896 2435 972 2488 mos,
1001 2415 1033 2478 in
1055 2433 1115 2496 quo
1138 2414 1266 2476 ecclesia
1290 2414 1429 2475 connivet
1450 2413 1613 2486 interdum,

336 2519 372 2580 ah
401 2517 510 2580 ritihus
538 2517 753 2580 ecclesiasticis
782 2517 906 2581 arctiori
929 2535 1030 2578 sensu.
1074 2516 1218 2578 sanitatis
1242 2516 1370 2578 tuendae
1393 2515 1472 2576 enim
1494 2515 1541 2577 vel
1564 2533 1614 2578 re·

334 2618 488 2699 parandae
517 2635 584 2679 cum
615 2617 832 2682 studiosissimi
854 2619 914 2680 sint
936 2619 1051 2692 Graeci,
1081 2617 1193 2679 nullum
1216 2635 1310 2696 genus
1333 2615 1485 2678 unctionis
1507 2633 1613 2678 sacrae

337 2719 383 2781 rel
405 2717 601 2798 reliquiarum
623 2736 759 2781 rerumve
782 2719 915 2794 aliarum,
938 2720 1030 2781 modo
1052 2729 1173 2780 sanetae
1196 2718 1266 2792 sint,
1290 2726 1459 2778 conmotam
1483 2735 1537 2779 seu
1559 2735 1613 2798 ap-

337 2819 540 2902 positionem,
569 2837 622 2881 seu
652 2820 757 2882 ellicax
785 2813 938 2902 ἐπίθεμα
965 2821 1117 2882 omittunt.
1161 2819 1238 2880 ilinc
1266 2837 1417 2880 ramorum
1445 2817 1613 2898 horumque

338 2920 375 2982 ah
399 2919 580 2999 imaginihus
609 2921 705 2984 saeris
728 2923 766 2985 ad
788 2921 925 2984 morbida
949 2921 1014 2983 loca
1037 2929 1174 2990 attactus.
1204 2939 1292 3000 quem
1315 2911 1410 3002 dipsas
1432 2911 1545 2982 ἔλαιον
1566 2919 1612 2980 rel

338 3014 433 3106 ἅγιον
455 3014 549 3096 ἕλεος
576 3023 690 3086 dicunt.
734 3023 811 3085 liinc
835 3024 897 3084 oris
920 3023 1025 3103 aperti,
1055 3021 1266 3083 communione
1290 3029 1412 3100 accepta
1436 3019 1468 3082 in
1489 3019 1612 3082 uerbum

338 3123 485 3187 exhalatio
509 3115 671 3202 (ἆθνίζοιν
693 3143 719 3187 s.
741 3116 917 3206 ἄτμίζοινμ
945 3125 1017 3186 hinc
1038 3141 1132 3204 aquae
1155 3124 1186 3184 in
1209 3122 1333 3184 calicem
1356 3139 1474 3184 sacrum
1497 3121 1612 3184 immis-

337 3245 389 3288 sae
411 3225 467 3288 suh
490 3226 610 3287 nomine
633 3216 729 3308 ἁγίου
751 3218 1011 3308 ἔπιμυρῶματος
1032 3226 1174 3304 epotatio.
1221 3225 1297 3286 ilinc
1320 3224 1507 3285 consuetudo
1530 3223 1612 3285 dele·

337 3328 424 3390 rendi
448 3335 586 3406 aegrotos
609 3325 639 3388 in
663 3327 832 3400 ecclesiam,
856 3326 906 3387 ubi
930 3345 1143 3407 nonnunquam
1167 3326 1283 3388 dierum
1305 3325 1402 3405 spatio
1421 3324 1450 3386 in
1468 3325 1612 3387 Catechu-

337 3431 472 3490 menaeis
502 3428 610 3502 iacent,
638 3429 729 3488 immo
757 3435 944 3508 pernoctant.
988 3427 1111 3490 Accedit
1133 3428 1169 3490 ad
1192 3429 1249 3488 hos
1271 3427 1432 3507 populares
1456 3436 1486 3486 et
1507 3425 1612 3486 civiles

337 3549 411 3593 usus
440 3529 585 3592 ecclesiae
613 3527 806 3591 caerimonia.
850 3527 1003 3612 Leguntur
1030 3529 1060 3590 in
1084 3527 1269 3606 euchologiis
1298 3528 1434 3588 diversae
1461 3529 1614 3589 orationes

339 3631 485 3692 dicendae
513 3648 605 3710 super
631 3629 797 3691 infirmum:
828 3637 924 3692 exstat
951 3621 1140 3693 ἀκολουθία
1162 3623 1211 3705 εἰς
1231 3621 1440 3713 παράκλησιν
1461 3619 1614 3690 ἀσθενῶν

336 3725 583 3813 χειμαζομένων
604 3721 673 3792 ὕπὸ
694 3721 891 3810 πνευμάτων
912 3721 1113 3814 ἀκαθάρτων
1133 3725 1190 3793 καὶ
1212 3723 1471 3816 ἐπηρεαζόντων.
1505 3729 1614 3790 Preces

340 3832 468 3894 effundit
482 3831 631 3894 Sacerdos
654 3849 769 3893 summo
785 3833 856 3905 lieo,
881 3841 913 3894 ut
935 3832 986 3912 qui
1001 3831 1147 3893 Ezechiae
1169 3833 1320 3913 quondam
1344 3841 1410 3894 sota
1431 3829 1613 3910 adimplevit,

339 3934 390 4015 qui
413 3933 497 3995 Pauli
520 3942 549 3996 at
572 3933 651 3996 Silae
673 3951 779 4014 preces
806 3931 932 4014 excepit,
962 3951 1022 3993 non
1045 3941 1156 3994 auertet
1180 3931 1286 3993 taciem
1311 3937 1335 3993 a‘
1352 3929 1463 3992 famulo
1487 3949 1542 3992 suo
1565 3929 1612 3992 in-

338 4037 424 4098 firmo
448 4045 477 4098 et
498 4035 607 4097 liberet
628 4053 696 4096 eum
720 4034 756 4096 ab
780 4035 862 4096 omni
885 4033 1068 4096 infirmitate.
1090 4033 1194 4096 Poscit
1216 4033 1357 4111 sutfragia
1374 4031 1532 4112 lieiparae,
1554 4035 1614 4092 hn-

338 4136 489 4213 gelorum,
524 4137 701 4199 Sanctorum
737 4137 886 4198 omnium:
923 4133 1006 4212 ungit
1034 4135 1165 4214 denique
1194 4144 1346 4214 aegrotum
1375 4133 1465 4201 oleo.¹
1498 4132 1616 4194 Norunt

339 4238 419 4300 eninr
443 4239 548 4300 Graeci
576 4248 694 4320 praeter
722 4237 894 4299 unctionem
923 4236 1169 4298 sacramentalem
1197 4235 1283 4310 alias,
1307 4252 1382 4314 quae
1405 4231 1504 4295 crucis
1526 4231 1613 4310 signo

337 4339 535 4421 perficiuntur
556 4339 667 4403 iunctis
690 4357 745 4420 pro
769 4338 896 4400 sanitate
919 4337 1081 4399 obtinenda
1105 4337 1256 4416 precihus.

424 4445 454 4506 2.
485 4443 521 4504 ht
551 4439 727 4524 principalis
758 4448 788 4500 et
814 4439 947 4518 perlecta
971 4439 1120 4500 medicina
1143 4438 1301 4500 adhibetur
1323 4435 1454 4514 aegrotis
1477 4433 1615 4496 Sacra·

338 4543 609 4606 mentum01ei
639 4533 891 4625 (dynastiones,
915 4532 1095 4618 εὐχελαῖον)
1123 4540 1241 4618 magnis
1270 4539 1408 4602 laudibus
1431 4534 1615 4598 celebratum

291 4647 292 4650 ’
340 4663 357 4706 a
379 4645 536 4708 Simeone:
561 4635 656 4726 ἅγιον
677 4636 790 4708 ἔλαιον
811 4634 1041 4727 παραδίδοται
1061 4637 1119 4706 καὶ
1138 4642 1237 4706 τοῦτο
1261 4632 1306 4716 ὡς
1329 4631 1402 4724 ἱερὰ
1421 4631 1534 4720 τελετὴ
1557 4631 1616 4699 καὶ
