3378 5302
697 419 769 492 135

179 602 250 666 Cum
278 603 315 668 ad
343 603 531 666 hodiernum
549 621 645 684 usque
673 602 751 666 diem
779 621 841 666 non
870 603 1008 668 iuuentus
1030 605 1166 669 sit'alius
1189 605 1291 681 codex,
1321 607 1372 687 qui

104 705 223 767 mulceri
245 705 347 785 possit
367 723 433 768 cum
449 705 620 768 membrana
635 704 830 782 Rossanensi‚
852 707 1010 786 ponendus
1026 715 1091 770 erat
1104 707 1179 770 inlra
1195 715 1291 771 textus
1306 707 1372 771 vul·

102 815 190 886 gatus.
233 806 323 880 Quod
346 826 418 869 saue
446 807 553 870 accidit
572 807 825 886 perincommode.
869 807 943 870 Nam
966 817 1127 872 occurrunt
1152 807 1235 872 initia
1258 817 1371 872 tantum

102 908 277 970 dirersarum
299 908 478 982 orationum,
502 927 577 990 quae
599 908 717 971 aliunde
737 907 883 987 petendae
904 910 1010 972 forent.
1019 911 1040 988 ¹)

175 1010 198 1070 A
220 1009 337 1072 decimo
361 1009 478 1072 circiter
494 1010 612 1072 saeculo
624 1010 660 1072 ab
677 1009 1021 1091 Constantinopolitanae
1039 1011 1160 1073 unitatis
1177 1010 1372 1074 enthusiastis

102 1110 229 1174 abolitam
253 1130 321 1174 esse
343 1110 420 1192 apud
441 1111 601 1192 Aegyptios
623 1111 771 1190 litmgiam
794 1110 826 1174 S.
850 1110 940 1174 blarci
967 1111 1121 1192 ..pessimo
1145 1119 1175 1174 et
1196 1132 1212 1175 a
1235 1095 1371 1175 moribus

100 1213 232 1274 ecclesiae
266 1211 377 1274 veteris
412 1212 597 1276 alienissimo
627 1212 783 1292 exemplo“
813 1213 871 1276 iam
902 1231 993 1292 supra
1020 1222 1287 1276 commemoratum
1315 1221 1372 1278 est.

101 1313 154 1374 Sed
174 1313 231 1374 iam
253 1321 340 1375 antea
361 1313 515 1394 emigravit
537 1313 669 1394 Liturgia
690 1315 726 1376 ad
748 1313 981 1396 blonopbysitas,
1007 1315 1058 1394 qui
1079 1316 1141 1377 lere
1162 1322 1256 1377 totam
1278 1333 1371 1377 occu·

100 1423 197 1494 perant
217 1414 380 1494 Aegyptum
404 1425 434 1478 ct
454 1415 580 1478 Nubiam
603 1414 839 1492 Christianam.¹)
882 1415 956 1478 Inde
984 1417 1090 1478 lactum
1124 1424 1181 1491 est,
1208 1423 1241 1478 ut
1264 1416 1371 1478 hodie-

100 1535 162 1577 num
185 1515 297 1596 Coptae
318 1524 405 1597 atque
426 1517 587 1597 Aethiopes
608 1524 730 1579 utuntur
750 1515 888 1595 liturgiis,
915 1536 990 1597 quae
1012 1517 1048 1580 ad
1071 1536 1161 1580 uuum
1185 1536 1290 1580 omues
1313 1517 1372 1579 llu-

100 1619 226 1680 rcrinta
249 1615 282 1679 S.
303 1617 413 1680 Marco.
454 1617 526 1682 Vide
559 1637 633 1698 quae
664 1618 803 1697 exposuit
823 1611 977 1681 Ne'alius
999 1637 1029 1700 p.
1045 1621 1097 1684 39.
1140 1619 1284 1684 Nostrum
1312 1617 1371 1699 igi-

102 1727 142 1779 tur
161 1727 225 1780 erat
247 1718 384 1781 conlerre
407 1738 473 1782 cum
495 1719 612 1799 liturgia
635 1718 711 1782 iulra
733 1719 843 1801 scripta
864 1719 959 1782 libros
982 1719 1141 1801 Coptarum
1164 1730 1242 1786 tres:
1265 1721 1296 1784 S.
1311 1720 1371 1783 ua-

100 1819 160 1893 silii,
188 1821 220 1882 S.
251 1818 388 1899 Gregorii
416 1820 592 1883 Nazianzeni
622 1820 672 1898 (cl.
707 1839 737 1900 p.
765 1823 818 1898 34)
848 1828 879 1882 et
904 1820 936 1883 S.
958 1821 1056 1901 Cyrilli
1085 1842 1103 1884 a
1130 1822 1305 1885 lienaldotio
1334 1840 1371 1883 ex

100 1921 211 2000 Coptico
236 1939 414 1984 conuersos:
447 1941 462 1984 e
484 1921 570 1983 libris
592 1920 736 2000 liturgicis
758 1921 934 2001 Aethiopum
958 1922 1059 1984 decern
1075 1922 1225 1984 Cononem
1246 1923 1370 1984 unirer-

100 2023 192 2095 salem,
214 2042 303 2103 quem
328 2021 628 2104 omuibusApostolis
651 2022 792 2100 tribuunt,
814 2021 981 2085 Renaldotii
1002 2042 1092 2104 opera
1114 2025 1145 2086 in
1166 2023 1370 2085 latiuumser-

98 2141 206 2188 monem
228 2122 445 2202 mandatumst)

173 2377 197 2437 l)
214 2375 432 2428 lleualdotius
450 2375 469 2427 l.
488 2393 511 2442 p.
524 2375 657 2428 Lxxxttl:
676 2377 756 2440 „Nihil
777 2377 832 2427 h'uic
850 2376 927 2427 codici
945 2377 1039 2437 deesse,
1058 2383 1174 2442 quantum
1187 2375 1315 2427 observare
1325 2391 1372 2444 po·

97 2463 186 2522 trimas,
210 2463 261 2512 imo
287 2461 468 2522 integerrimum
488 2476 542 2512 csse
560 2461 726 2524 indicavimus,
751 2463 858 2527 quamuis
877 2461 970 2512 lacunis
989 2461 1081 2525 aliquot
1098 2461 1176 2526 prima
1195 2461 1269 2534 editio
1287 2461 1371 2511 delor-

98 2553 153 2596 urta
174 2549 213 2608 sit,
239 2561 267 2596 ex
293 2559 378 2616 eorum
403 2547 443 2610 qui
468 2545 649 2611 descripserunt
673 2547 717 2596 leui
742 2546 944 2597 hallucinatione:
968 2545 1014 2596 nisi
1038 2546 1119 2609 potius
1137 2545 1275 2611 interpretis
1293 2545 1370 2610 ipsius

96 2644 157 2680 error
174 2632 255 2692 luerit,
281 2631 339 2680 dum
358 2623 493 2681 dimidiatas
512 2631 652 2692 sententias,
678 2631 772 2682 utheri
790 2631 895 2681 soletis
914 2631 965 2680 eius
983 2630 1079 2694 generis
1098 2629 1175 2692 libris,
1200 2631 1256 2694 quis
1276 2629 1369 2680 lormu·

96 2713 164 2764 larona
188 2715 372 2765 notissimarum
392 2714 456 2764 initia
475 2723 567 2765 tanturn
586 2713 762 2776 scribebantur,
788 2715 886 2766 laconas
904 2730 959 2766 esse
978 2713 1187 2764 existimarit.“-
1206 2713 1305 2764 llarime
1323 2713 1369 2763 do-

96 2797 172 2859 lemus,
190 2800 257 2865 qnod
276 2799 412 2849 doctissimi
429 2799 499 2862 Angli
518 2798 621 2860 Curuon,
639 2799 741 2860 Tattam,
760 2799 848 2862 Probo,
868 2799 907 2864 qui
926 2813 1003 2864 nuper
1021 2799 1044 2849 iu
1064 2797 1195 2863 Coptorum
1216 2797 1369 2848 monasteriis

95 2892 189 2934 catastas
215 2883 373 2935 membranas
397 2884 473 2933 renati
499 2891 555 2932 suut
579 2897 664 2946 magna
691 2897 745 2933 cnm
769 2883 868 2933 solertia
887 2899 915 2933 sc
933 2884 1104 2950 prosperitate,
1124 2891 1238 2934 curarunt
1257 2881 1369 2948 inprimis

95 2983 159 3032 opera
177 2969 288 3029 Petrum,
313 2968 469 3030 neglexerunt
492 2968 588 3018 obortas
615 2967 746 3032 liturgicus.
781 2969 897 3018 Fortasse
916 2983 1039 3032 emergere
1057 2974 1171 3033 poteraut
1188 2982 1216 3017 ex
1234 2967 1368 3016 monacho·

95 3065 139 3102 rom
156 3052 312 3103 bibliothecis
331 3051 367 3102 rcl
385 3060 411 3104 ot
428 3053 517 3103 rectius
536 3053 623 3113 dicam,
642 3051 711 3104 cellis
730 3051 828 3102 oleariis
845 3053 966 3117 Liturgiae
984 3053 1064 3104 lacobi
1083 3060 1107 3104 et
1123 3051 1206 3114 blarci,
1225 3051 1368 3102 celebratis-

94 3135 146 3185 sima
162 3137 197 3188 illi
217 3137 346 3188 Edesseuo
366 3137 441 3188 codici
460 3135 600 3201 antiquitate
617 3137 681 3186 haud
700 3137 836 3188 inleriores.

166 3221 192 3280 2)
218 3221 327 3284 insignis
353 3221 455 3272 ecclesia
474 3222 498 3270 S.
519 3219 591 3272 llarci
617 3222 640 3271 in
658 3221 810 3272 Venetiarom
835 3222 894 3272 urbe
918 3221 1018 3286 proprio
1037 3222 1111 3272 utitor
1129 3219 1210 3270 olllcio
1229 3233 1241 3268 a
1262 3219 1368 3270 Romans

93 3305 262 3368 aliquantolum
291 3306 395 3368 diverso,
417 3307 481 3371 quod
500 3321 512 3356 a
531 3305 557 3356 S.
576 3305 656 3356 llsrco
676 3306 789 3356 traditum
808 3321 862 3356 esse
888 3305 1005 3368 gloriator
1023 3305 1101 3370 plebis
1119 3303 1270 3367 simplicitas.
1306 3301 1367 3352 Fos-

93 3393 162 3439 csriuo
187 3391 272 3440 iudice
296 3389 376 3452 (llella
400 3389 538 3442 letteratura
556 3389 688 3440 Veuezianc
707 3391 786 3441 loll.
814 3390 906 3440 Pudore
928 3389 1000 3440 1752.
1018 3405 1042 3454 p.
1055 3388 1161 3453 ibisq.)
1180 3387 1215 3451 „il
1235 3388 1280 3436 rito
1299 3385 1322 3436 di
1341 3385 1366 3437 S.

93 3473 160 3525 burco
185 3475 253 3525 nella
273 3483 385 3525 sostenes
404 3477 417 3525 ὁ
435 3475 556 3524 uuilorme
575 3475 597 3524 al
616 3475 723 3526 flomsuo
743 3477 900 3538 Gregorisno,
926 3473 989 3526 eom'
1007 3489 1047 3524 era
1065 3474 1089 3523 iu
1109 3487 1152 3523 uso
1171 3471 1195 3522 iu
1215 3470 1288 3521 molta
1306 3470 1367 3520 altro

93 3559 162 3610 chiese
186 3561 270 3625 prima
294 3558 360 3610 della
385 3560 524 3610 corrosione
546 3559 585 3610 dol
605 3561 629 3610 S.
650 3561 763 3611 Pontihce
783 3561 824 3610 l'io
843 3560 887 3610 V.⁴‘
923 3559 1012 3610 Tamen
1032 3573 1079 3608 uon
1098 3555 1311 3623 praetermittenda
1330 3562 1368 3604 est

93 3643 194 3694 diuturna
214 3643 370 3694 venetiarum
389 3659 442 3694 cum
461 3645 564 3710 imperio
584 3645 696 3695 orientali
715 3645 852 3696 coniunctio
870 3659 947 3710 seque
965 3651 1035 3708 atque
1054 3641 1206 3693 Ambrosiuoi
1233 3641 1293 3690 ritus
1319 3628 1367 3688 AA-

90 3727 238 3788 levitonas
263 3729 380 3784 vicinitat-
415 3729 467 3780 Nisi
492 3729 565 3778 lallor
589 3729 691 3780 ecclesio
711 3729 797 3781 Veneta
822 3729 920 3780 saeculo
945 3735 1012 3779 sexto
1031 3736 1055 3778 et
1072 3729 1176 3794 septimo
1195 3725 1255 3777 ritus
1273 3723 1368 3789 accepit

91 3812 194 3876 Gnaeos,
220 3815 327 3864 lortcsss
346 3813 465 3876 liturgiam
485 3814 658 3877 chrysostomi.
693 3815 726 3864 Ex
744 3828 792 3878 quo
810 3821 921 3878 tempore
938 3813 1106 3878 potentissima
1125 3813 1184 3862 urbs
1203 3825 1256 3862 cnm
1276 3810 1305 3860 sd
1323 3824 1366 3858 oc·

90 3897 213 3950 rideatcles
232 3900 348 3962 regiones
367 3907 416 3948 tum
436 3899 464 3950 ad
484 3897 599 3949 ltalorum
617 3913 657 3948 res
676 3899 782 3948 animum
801 3898 924 3948 aduertere
943 3899 1032 3962 coepit,
1050 3895 1206 3948 occidentalis
1218 3895 1365 3957 liturgiaea-

89 3997 128 4044 que
143 3983 252 4034 Romana
280 3983 408 4048 paullatim
426 3983 450 4033 in
469 3982 597 4034 ecclesiam
615 3983 724 4046 ingressa
742 3989 786 4031 est
822 3983 920 4047 llcccpit
936 3997 991 4032 sese
1010 3982 1110 4045 pristina
1130 3979 1278 4030 consuetudo
1297 3979 1320 4026 iu
1339 3977 1365 4026 S.

79 4065 151 4128 ,loru
169 4069 268 4130 sedem,
287 4077 311 4118 et
329 4069 362 4117 ibi
380 4076 465 4132 postca
483 4068 592 4118 llomano
611 4066 693 4118 colore
712 4066 811 4116 imbuta.

163 4169 190 4231 3)
209 4168 432 4220 llcnsldotins
451 4169 469 4218 l.
488 4184 511 4235 p.
520 4169 691 4234 Lxlxtxsqc
710 4167 743 4217 Es
762 4169 834 4230 igitar
851 4167 929 4231 prima
948 4167 1025 4217 oratio
1044 4165 1133 4216 dudum
1152 4177 1197 4212 nos
1211 4163 1295 4211 ineam
1307 4174 1365 4210 sen·

14 4269 15 4300 ]
87 4256 176 4305 uetiam
195 4255 335 4314 induxerat,
354 4267 416 4317 qaae
433 4253 564 4316 Litorgiam
582 4253 654 4304 blorci
673 4252 771 4302 nominc
789 4251 946 4315 publicatam,
964 4259 1005 4300 aut
1023 4253 1093 4300 trium
1106 4247 1301 4311 Aegyptiacorum
1313 4245 1364 4309 pri·

87 4353 187 4390 necron
213 4338 341 4402 exemplar
366 4351 430 4398 esse,
454 4345 495 4388 out
518 4354 601 4389 earum
619 4338 707 4388 saltem
726 4335 837 4396 alicuius,
862 4336 1062 4388 existimaremus.
1096 4333 1156 4383 Nam
1174 4345 1239 4390 cum,
1264 4337 1290 4379 nt
1307 4329 1364 4380 alibi

14 4431 15 4470 1
87 4423 158 4474 lorica
176 4425 324 4489 explicatum
343 4430 389 4482 est,
408 4422 520 4472 (illiciam
540 4423 695 4485 liturgicum,
714 4420 779 4486 qood
796 4420 967 4485 Anaphora
985 4419 1054 4481 rulgo
1074 4417 1103 4467 sb
1116 4415 1289 4476 Orientalibus,
1306 4429 1364 4464 roco

14 4539 15 4548 ι
86 4509 167 4559 Graeca
186 4508 339 4575 appellatur,
359 4507 480 4556 contiueat
499 4515 580 4570 partes
597 4507 674 4568 duas;
693 4519 764 4555 unam
784 4519 845 4570 quae
864 4521 876 4554 a
895 4505 1079 4570 praeparatione
1097 4500 1179 4550 altaris
1189 4499 1273 4564 incipit
1296 4499 1362 4550 desi-

86 4595 158 4658 nitque
182 4597 205 4644 io
233 4595 304 4659 pacis
323 4591 425 4641 osculo:
450 4590 549 4642 alteram
569 4607 581 4640 a
600 4592 667 4655 pacis
686 4589 771 4640 osculo
790 4603 867 4654 nsque
885 4589 915 4638 orl
933 4584 1014 4646 huem,
1039 4587 1062 4636 iu
1082 4585 1173 4636 Graeca
1191 4583 1264 4636 ldarci
1280 4585 1360 4634 Litor-

84 4689 115 4737 gu
138 4679 204 4744 prior
222 4679 267 4730 illa
286 4691 347 4742 pars
366 4677 425 4728 actis
443 4677 535 4741 integro
554 4683 599 4726 cst.
635 4674 748 4736 Quamris
766 4675 830 4726 euim
849 4689 898 4726 non
916 4679 1026 4726 accurate
1045 4670 1153 4734 omuino,
1179 4683 1257 4736 nequa
1274 4667 1361 4720 iisdem
