3388 5304
815 337 853 425 J
900 377 974 460 ατε

387 561 525 640 Πάντα
550 563 598 640 τὰ
622 571 691 641 τοῦ
716 557 893 656 στόματος
916 559 1004 638 νυνὶ
1030 560 1175 662 ὄργανα
1202 560 1301 663 ἀργά
1326 565 1579 658 θεωροῦνται,

302 667 351 744 τὰ
383 666 455 763 πρὸ
488 674 624 760 μικροῦ
655 660 798 760 κινητά.
852 659 993 740 Πάντα
1030 663 1268 788 ἀνενόργητα,
1306 666 1433 758 νεκρὰ,
1472 667 1580 742 ἀναί-

304 771 441 866 σθητα.
485 765 706 866 Ὀφθαλμσλ
738 763 812 867 γάρ
845 764 1071 854 κατέδυσαν,
1103 763 1291 862 ἐδεθησαν
1315 764 1440 856 πόδες,
1464 773 1585 864 χεῖρες

300 867 529 970 ἡσυχάζουσι
561 869 625 944 καὶ
658 868 750 963 ἀκοὴ
784 865 857 942 σὺν
898 867 1041 950 αὐτοῖς·
1085 874 1238 970 γλῶσσα
1271 875 1318 964 τῇ
1351 876 1438 971 σιγῇ
1473 895 1583 946 συνε-

300 972 478 1068 κλείσθη,
511 967 622 1068 τάφῳ
655 967 918 1069 παραδίδοται.
962 967 1108 1054 Ὄντως
1139 966 1343 1066 ματαιότης
1376 968 1504 1046 πάντα
1536 970 1585 1045 τὰ

304 1070 543 1168 ἀνθρώπινα.
554 1073 577 1169 ¹)

388 1173 498 1265 Σιῦζε
530 1173 619 1258 τοὺς
651 1171 865 1264 ἐλπίζοντας
891 1175 941 1255 ελς
968 1169 1021 1261 σι’,
1057 1179 1173 1268 μῆτερ
1198 1179 1267 1248 τοῦ
1293 1169 1437 1247 ἀδύτου
1462 1171 1585 1268 ἡλίου,

304 1273 586 1378 θεογεννήτρια.
610 1278 771 1370 Α’ίτησαι
796 1272 1010 1370 πρεσβείαις
1036 1298 1105 1348 σου
1130 1273 1198 1348 τάν
1223 1271 1473 1375 ἀπεράγαθον
1492 1275 1586 1348 ἀνα-

306 1389 461 1468 παῦσαι,
495 1375 676 1473 δεόμεθα,
707 1375 776 1450 τὸν
809 1382 883 1450 νῦν
916 1371 1166 1463 μεταστάντα,
1198 1376 1297 1449 ἔνθα
1322 1373 1586 1452 ἀναπαύονται

307 1482 347 1555 αἱ
378 1488 458 1555 τῶν
492 1477 651 1554 δικαίων
683 1475 820 1574 ψυχαί·
857 1474 976 1552 θείων
1009 1477 1173 1578 ἀγαθῶν
1202 1474 1437 1572 κληρονόμον
1462 1477 1585 1562 δεῖξον

308 1587 349 1710 ἐγ
383 1582 513 1666 αὐλαῖς
544 1588 623 1655 τῶν
655 1577 827 1666 δικαίων,
861 1583 912 1662 ελς
943 1575 1210 1676 μνημόσυνον,
1245 1575 1495 1676 πανάμιυμος,
1528 1584 1585 1654 αλ-

308 1711 434 1758 ωνιον.

388 1780 571 1880 Ὁριῦντές
595 1809 642 1876 με
669 1781 827 1876 ἄφωνον
851 1779 915 1856 καὶ
941 1781 1088 1856 ἀπνουν
1116 1777 1372 1874 προκείμενον,
1398 1777 1587 1856 κλαύσατε

309 1888 444 1970 πάντες
476 1883 531 1960 ἐπ’
563 1882 658 1972 ἐμοὶ,
685 1881 843 1980 ἀδελφοί
867 1881 932 1958 καί
958 1881 1073 1980 φίλοι,
1107 1886 1296 1983 συγγενεῖς
1319 1883 1384 1956 καὶ
1408 1881 1585 1984 γνωστοί.

314 1988 390 2084 Τὴν
415 1984 489 2086 γὰρ
512 1983 608 2080 χθὲς
630 1983 774 2082 ἡμέραν
798 1984 889 2078 μεθ’
919 1976 1031 2078 ὑμῶν
1055 1980 1211 2058 ἐλάλουν
1235 1984 1299 2058 καὶ
1317 1986 1429 2082 ἀφνω
1447 1985 1590 2080 ἐπῆλθέ

309 2119 375 2187 μοι
406 2088 429 2184 ἦ
464 2087 611 2185 φοβερὰ
646 2084 727 2181 ύίρα
758 2094 827 2162 τοῦ
862 2081 1049 2161 θανάτου.
1095 2085 1205 2161 Ἀλλὰ
1238 2083 1344 2162 δεῦτε
1379 2082 1520 2170 πάντες
1552 2086 1587 2160 ολ

310 2185 544 2284 ποθούμενοί
568 2215 615 2282 με
639 2186 704 2262 καλ
729 2183 957 2264 ἀσπάσασθέ
975 2215 1041 2282 μοι
1057 2185 1125 2264 τὸν
1145 2195 1355 2262 τελευταῖον
1373 2185 1588 2283 ἀσπασμόν.

310 2295 390 2370 Οὐκ
422 2293 474 2364 ἔτι
507 2287 581 2390 γάρ
614 2290 704 2384 μεθ’
735 2287 846 2385 ύμιῦν
871 2285 1089 2384 πορεύομαι,
1125 2285 1390 2385 ἢσυλλαλήσω
1416 2297 1487 2364 τοῦ
1513 2298 1588 2363 λοι-

312 2403 396 2470 ποῦ.
449 2396 515 2474 Ελς
546 2389 677 2489 κριτὴν
708 2389 782 2489 γὰρ
814 2389 1034 2487 ἀπέρχομαι,
1068 2391 1167 2464 ἔνθα
1198 2393 1486 2488 προςωποληψία
1521 2391 1589 2466 οὐκ

202 2540 204 2544 -
313 2499 401 2572 ἔστι.
445 2501 587 2577 Δοῦλος
611 2490 685 2594 γάρ
711 2493 776 2568 καὶ
800 2489 979 2588 δεσπότης
1004 2491 1101 2588 ὁμοῦ
1126 2490 1386 2585 παρίστανται,
1412 2493 1590 2589 βασιλεὺς

313 2595 377 2673 καί
410 2591 650 2690 στρατιώτης,
680 2589 856 2677 πλούσιος
885 2593 950 2670 καὶ
975 2594 1085 2689 πένης
1109 2596 1150 2668 ἐν
1177 2589 1360 2689 ἀξιώματι
1385 2599 1470 2692 ἴσῳ,
1505 2597 1588 2669 ἑκα-

315 2723 400 2780 στος
424 2697 498 2799 γάρ
524 2699 564 2769 ἐκ
587 2703 666 2770 ττῦν
691 2693 801 2770 ἰδίων
826 2696 947 2796 ἔργων
971 2694 995 2791 ἢ
1020 2693 1293 2791 δοξασθήσεται
1317 2694 1341 2792 ἢ
1377 2693 1589 2792 αλσχυνθή-

316 2826 429 2877 σεται.
473 2797 568 2872 Ἀλλ’
610 2801 703 2870 αίττῦ
743 2791 886 2880 πάντας
920 2796 985 2872 καὶ
1019 2794 1179 2880 δυςωπιῦ
1215 2795 1461 2882 ἀδιαλείπτως
1496 2797 1588 2892 ὑπὲρ

315 2905 413 2996 ἐμοῦ,
433 2894 708 2996 προςεύξασθαι
731 2903 888 2998 Χριστῷ
911 2906 967 2996 τῷ
986 2901 1082 2996 Θεῷ·
1107 2899 1171 2974 ἵνα
1198 2898 1250 2994 μὴ
1274 2908 1476 3000 καταταγαῑ
1494 2899 1586 2974 κατὰ

316 3002 383 3086 τός
408 2999 593 3100 ἁμαρτίας
616 3027 692 3096 μου
719 3005 769 3083 εἰς
795 3000 863 3076 τὸν
888 2998 1004 3076 τόπον
1028 3008 1093 3095 τῆς
1117 2997 1308 3098 βασάνου·
1343 3002 1424 3074 ἀλλ’
1453 3003 1522 3075 ἵνα
1545 3029 1588 3096 με

316 3101 516 3198 κατατάξῃ,
544 3102 637 3178 ὅπου
663 3100 707 3176 τό
733 3110 814 3199 φῶς
838 3110 903 3199 τῆς
929 3100 1066 3199 ζωῆςά)

406 3293 430 3353 1)
449 3293 532 3341 Mirum
552 3292 574 3340 in
595 3291 692 3341 modum
711 3295 863 3341 commovent
880 3291 983 3341 animam
1002 3290 1122 3349 verniculi,
1141 3291 1180 3354 qui
1199 3289 1356 3340 δοτιτιιττιιοτ
1373 3290 1397 3340 in
1417 3290 1525 3354 ετεηοίἰε
1534 3303 1591 3354 ρει»

319 3377 437 3428 valorum.
468 3363 503 3422 Ὦ
527 3375 567 3431 τίς
588 3368 626 3440 μὴ
643 3366 777 3442 θρηνήυη,
800 3374 895 3424 τέκνον
912 3389 979 3438 μου,
1002 3369 1050 3437 τὴν
1067 3369 1098 3424 ἐκ
1116 3371 1164 3422 τοῦ
1179 3374 1242 3436 βίου
1259 3364 1356 3422 τούτου
1373 3365 1524 3436 πενθηράν
1538 3385 1587 3421 σου

318 3455 504 3532 μετάστασιν·
522 3450 564 3507 ὅτι
580 3458 684 3524 βρέφος
700 3447 794 3522 ἀωρον
811 3454 842 3508 ἐκ
858 3457 998 3524 μητρικιῦν
1015 3451 1146 3525 ἀγκαλῶν
1163 3455 1214 3508 νῦν
1231 3450 1320 3522 όςπέρ
1339 3456 1493 3522 στρουθίον
1511 3449 1590 3520 τάχος

317 3543 456 3599 ἐπέτασας
471 3541 519 3592 καλ
535 3537 607 3610 πρός
622 3537 671 3594 τὸν
687 3544 798 3604 κτίστην
813 3543 975 3608 κατέφαγες,
993 3527 1016 3591 ὦ
1033 3545 1139 3608 τεκνον,
1156 3541 1196 3597 τίς
1212 3535 1251 3604 μὴ
1267 3532 1401 3604 θρηνήσω
1417 3539 1532 3602 βλέπειν
1542 3553 1591 3590 σου

321 3627 352 3680 τὸ
370 3624 495 3694 ἐμφανὲς
512 3619 661 3692 πρόςωπον
676 3621 863 3693 εῦμάρανιον,
880 3621 910 3676 τὸ
927 3625 996 3692 πρὶν
1013 3620 1050 3682 τίς
1066 3622 1152 3694 ῥόδον
1169 3617 1302 3691 κερπκάνς

402 3696 436 3758 Ὠ
460 3712 500 3766 τίς
515 3703 553 3776 μὴ
572 3700 700 3772 στενάζει,
715 3711 812 3762 τέκνον
827 3723 893 3778 μου,
910 3711 958 3760 καλ
974 3708 1005 3762 ἐν
1021 3709 1158 3776 κλαυθμῷ
1172 3701 1266 3774 βοήσει
1283 3701 1333 3772 τὴν
1350 3702 1457 3772 πολλήν
1475 3721 1529 3760 σου
1545 3703 1591 3760 ιά-

321 3796 451 3863 τρίπειαν
468 3791 515 3844 καλ
531 3787 582 3854 τὴν
599 3786 750 3858 ἀραιότητα
768 3791 813 3855 τῆς
829 3793 967 3852 πολιτείας
983 3809 1049 3854 σονς
1066 3788 1156 3859 ὥςπερ
1173 3788 1228 3860 γάρ
1240 3791 1314 3858 ναῦς,
1332 3789 1472 3860 ἐχνοςσδτι
1483 3792 1593 3860 ἔχοισα,

322 3875 408 3936 οὕτως
431 3873 531 3934 ἐπέδυς
545 3873 575 3935 ἐξ
597 3869 756 3943 ὀφθαλμῶν
778 3872 857 3942 ταχύ.
890 3877 985 3941 Δεῦτε,
1009 3877 1037 3929 ol
1054 3877 1134 3943 φιλσί
1147 3893 1212 3946 μου,
1236 3877 1380 3946 συγγενεῖς
1395 3877 1445 3928 καλ
1463 3881 1593 3946 γείτονες,

322 3955 383 4031 ἃμα
401 3959 465 4028 ἐμοὶ
480 3959 577 4012 τοῦτον
594 3953 789 4025 ἀσπασάμεθα
807 3956 886 4025 τάφῳ
904 3957 1100 4028 ἐκπέμποντες.

411 4041 534 4101 Θάνατος
550 4045 660 4107 νηπίοις
674 4034 776 4101 ἀνεσις.
804 4043 868 4094 Tar
885 4038 939 4110 γάρ
956 4044 1002 4095 τοῦ
1017 4049 1081 4110 βίου
1098 4047 1192 4096 κακῶν
1207 4041 1373 4098 ἀνεπίδεκτα
1390 4037 1538 4114 ὤφθησαν
1549 4047 1593 4098 καλ

324 4127 395 4198 πρὸς
409 4129 486 4194 λῆξιν
503 4125 635 4195 ἔφθασαν
651 4126 700 4178 καλ
713 4123 807 4194 χαράν
823 4118 1003 4194 ἐπουράνιον.
1038 4127 1096 4180 Τοῦ
1108 4123 1233 4198 Ἀβραάμ
1251 4131 1306 4188 τοῖς
1321 4125 1437 4188 κόλποις
1453 4125 1592 4198 ἀγάλλον-

324 4230 369 4265 ται
385 4211 432 4264 καλ
449 4214 504 4264 τυλν
520 4215 628 4276 νηπίων
644 4205 733 4280 άγίων
749 4215 835 4262 θείων
847 4211 944 4280 χοριῦν
961 4212 1013 4266 νῦν
1027 4216 1279 4281 συνευφραίνονττιι
1302 4213 1349 4264 καλ
1371 4215 1478 4274 πιστοῖς
1491 4207 1595 4286 χορεύ-

325 4311 413 4360 ουσιν,
432 4289 473 4346 ’ότι
490 4293 602 4362 φθοράς
618 4292 664 4356 τῆς
680 4287 927 4365 φιλαμαρτὴμονος
943 4296 1063 4365 καθαροὶ
1079 4293 1272 4363 ἀπίδημησιιν.

411 4379 437 4440 2)
456 4379 603 4446 ΙσΕτεητίἰε
614 4381 801 4432 Ιοσττλιοταωι
819 4384 1004 4449 πνευματικοί
1017 4395 1072 4449 μου
1089 4375 1209 4450 ἀδελφοὶ
1226 4382 1273 4432 καλ
1290 4383 1471 4446 συνασκηταλ,
1488 4377 1529 4454 μή
1539 4397 1594 4450 μου

327 4457 507 4526 ἐπελάθεσθε,
523 4457 591 4514 ὅταν
606 4458 795 4530 προςευχὴσθε
814 4460 883 4530 πρὸς
899 4456 1009 4532 κύριον·
1031 4461 1088 4516 ἀλλ’
1109 4459 1227 4534 ὀριῦντες
1239 4463 1294 4532 μὲν
1310 4463 1358 4518 τὸν
1375 4457 1471 4535 τάφον
1486 4471 1596 4535 μεμνη-

328 4547 382 4599 σθί
402 4562 457 4615 μου
480 4545 526 4610 τῆς
548 4540 658 4615 ἀγάπης
674 4549 721 4600 καί
738 4541 892 4602 ίιιετιόσατε
911 4544 1042 4618 Χριστὸν,
1059 4550 1105 4602 ἐντι
1122 4544 1258 4621 κατατάξῃ
1275 4543 1305 4604 τό
1321 4549 1436 4618 πνεῦμα
1451 4567 1511 4620 μου
1526 4545 1596 4620 μετά

327 4625 382 4678 τῶν
399 4625 522 4682 δικαίων.
