3336 5302
315 621 349 682 et
375 609 536 707 Spiritum
563 608 647 682 aiins
675 631 749 682 esse
776 607 998 684 substantiae:
1031 629 1088 679 eos
1115 605 1380 679 excommunicat
1406 601 1574 678 orthodoxa

315 722 351 784 et
376 711 555 810 apostolica
584 707 766 804 ecclesia.¹)

391 813 560 888 Diaconos
605 812 754 886 osculari
789 811 873 909 facit
913 807 1130 882 Sacerdotem
1169 807 1291 880 libram
1330 803 1575 904 Enneapetiorcn

309 923 348 992 et
375 915 477 988 dicit:

312 1019 317 1028 '
392 1016 533 1088 Domine
560 1013 711 1087 benedic.
1320 1087 1327 1094 ,

393 1116 561 1190 Sacerdos
595 1126 670 1189 orat
697 1113 880 1188 orationem
908 1113 945 1186 S.
975 1109 1131 1207 Greqorii
1156 1109 1423 1184 illuminatoris:
1459 1107 1573 1183 Gioriti-

315 1242 429 1292 cemns
464 1244 553 1312 enm,
588 1219 643 1315 qui
680 1225 752 1289 erat
788 1227 862 1288 ante
890 1213 1033 1306 saconia,
1070 1223 1103 1284 et
1129 1213 1304 1286 adoremus
1332 1213 1488 1286 Sanctam
1513 1213 1574 1285 Tri·

312 1322 451 1393 nitatem
480 1332 514 1394 et
539 1343 639 1392 unam
666 1317 842 1410 naiman,
869 1317 1012 1408 Patrem,
1040 1313 1159 1388 Filium
1187 1324 1220 1386 et
1246 1315 1409 1411 Spiritum
1429 1317 1573 1388 Sanctum

312 1445 404 1495 nune
431 1432 465 1494 et
491 1443 624 1518 semper
651 1430 684 1491 et
712 1421 745 1491 in
775 1419 885 1492 omnia
912 1419 1054 1492 saecuta.
1105 1417 1222 1488 Amen.
1651 1503 1652 1508 ἵ

391 1522 571 1598 Biocanns.
625 1521 749 1594 iterum
789 1531 885 1620 atque
921 1522 1041 1593 iterum
1076 1520 1111 1591 in
1142 1543 1224 1615 pace
1257 1516 1437 1591 Dominum
1471 1519 1572 1616 depre·

316 1649 440 1700 camur.
1651 1625 1652 1644 ¹

391 1726 530 1798 Cinorus.
583 1723 724 1798 Domine
752 1725 911 1797 miserere
938 1723 1047 1795 nobis.
1651 1743 1652 1800 i

389 1823 580 1899 Diaconos'
622 1827 666 1900 Et
692 1827 812 1899 iterum
839 1828 872 1897 in
900 1825 977 1918 tide,
1005 1847 1080 1898 cnm
1107 1823 1193 1895 adsit
1218 1822 1300 1895 haec
1327 1822 1409 1894 hora
1431 1820 1570 1894 sacrificii
1651 1811 1652 1860 f

313 1939 346 2000 et
372 1929 545 2020 orationiS,
571 1952 748 2025 precemur
773 1939 807 2000 et
833 1927 1046 2024 imploremus
1066 1925 1245 1998 Dominum
1263 1924 1370 1997 Deum
1397 1934 1431 1996 et
1455 1925 1570 1997 redem-
1651 1915 1652 1982 i

311 2041 441 2127 ptorem
475 2040 627 2103 nostrum
653 2031 763 2104 lesum
790 2029 972 2122 Christum,
1007 2039 1044 2102 ut
1068 2027 1182 2100 audire
1209 2041 1243 2099 et
1268 2026 1444 2099 admittere
1470 2025 1570 2122 digne·
1651 2025 1652 2082 t

311 2145 366 2205 tur
393 2157 506 2204 vocenn
534 2131 784 2229 supplicationis
811 2133 955 2222 nostrae,
984 2141 1019 2204 nt
1046 2129 1196 2226 placeant
1213 2129 1277 2226 ipsi
1297 2129 1435 2201 cordum
1455 2139 1569 2200 nostro·

310 2257 388 2311 rum
413 2233 568 2331 suspiria,
597 2245 630 2306 et
657 2234 804 2308 dimissis
823 2233 969 2330 peccatis
996 2231 1120 2305 nostris
1146 2231 1344 2304 misereatur
1369 2229 1477 2302 nobis.
1516 2229 1568 2300 lta·
1651 2265 1652 2288 r

312 2359 376 2432 qne
412 2360 544 2431 semper
577 2339 734 2410 ascendat
767 2335 806 2407 ad
834 2335 978 2408 divinam
1006 2333 1210 2406 maiestatem
1237 2333 1309 2406 eins
1337 2333 1442 2404 oratio
1470 2339 1566 2402 nostra

312 2447 346 2508 et
379 2437 574 2534 snpplicatio
609 2449 647 2510 nt
680 2463 742 2510 nas
775 2447 885 2510 servet
918 2438 953 2508 in
987 2435 1077 2508 omni
1104 2434 1193 2507 bono
1220 2445 1317 2534 atque
1344 2435 1379 2506 in
1405 2433 1481 2506 fidei
1505 2433 1566 2503 nni·

311 2549 377 2610 tate
411 2541 527 2636 plenos
563 2539 662 2610 saciat
695 2539 859 2611 bonorum
894 2563 1043 2636 opernm.
1095 2535 1138 2610 Ut
1174 2538 1385 2634 omnipotens
1421 2533 1566 2608 Dominus
1651 2595 1652 2602 a

310 2649 426 2754 noster
452 2640 591 2735 gratiam
618 2641 866 2714 misericordiae
894 2666 973 2713 suae
1000 2642 1035 2712 in
1062 2663 1123 2712 nos
1151 2634 1309 2735 eiinndat,
1335 2639 1439 2711 salvet
1462 2661 1517 2710 nos
1535 2657 1566 2706 aa

310 2753 509 2813 miserentur
535 2742 652 2814 nostri.

390 2841 528 2916 Chorsos.
581 2844 676 2917 Salva
703 2867 778 2936 noS,
805 2842 958 2915 Domine.

388 2943 568 3018 Diaconos.
621 2945 800 3019 Precemnr
831 2944 1022 3036 dominum,
1056 2952 1093 3015 ut
1125 2939 1211 3015 hanc
1243 2943 1359 3017 haram
1393 2941 1492 3016 sancti
1522 2965 1565 3012 sa·
1651 3009 1652 3022 ,

312 3044 426 3117 crifieii
455 3057 488 3117 et
514 3046 604 3119 hune
630 3047 718 3120 diem
746 3047 930 3144 transigere
957 3045 1057 3117 iaciat
1082 3045 1116 3116 in
1143 3043 1265 3141 pace.²)

390 3147 528 3220 Chares.
582 3149 751 3246 Clonecdas
778 3149 854 3242 hoc,
880 3148 1032 3220 Domine.
1085 3145 1129 3218 Et
1156 3149 1205 3220 sic
1227 3155 1356 3244 postea.

385 3249 566 3322 Diaconos.
618 3251 783 3346 Angelum
816 3251 920 3348 pacis,
955 3247 1127 3323 custodem
1161 3250 1347 3322 animarum
1381 3256 1565 3334 nostrarum,

309 3374 487 3447 precemur
511 3351 736 3447 Dominum.³)

914 419 989 494 458

310 3533 617 3550 -n-——--

397 3635 421 3696 1)
445 3635 496 3686 AC:
522 3637 602 3697 „ther
625 3637 715 3689 watche
738 3651 829 3702 sagea:
854 3653 880 3689 es
897 3654 946 3690 war
964 3640 1017 3690 eine
1036 3639 1096 3700 Zeit,
1120 3638 1149 3688 da
1168 3639 1233 3690 nieht
1250 3652 1300 3689 aar
1317 3637 1361 3688 der
1379 3637 1456 3698 Satn,
1478 3635 1565 3686 oderes
1651 3639 1652 3648 ¹

310 3733 359 3768 rear
378 3719 431 3769 eine
442 3719 501 3778 zen.
520 3721 549 3770 da
569 3722 634 3773 nicht
646 3738 695 3773 nar
706 3723 749 3773 der
759 3723 846 3785 heiliga
857 3725 931 3781 Geiet,
949 3726 1008 3774 oder
1018 3725 1074 3774 dass
1083 3725 1118 3773 sie
1128 3738 1171 3773 ans
1180 3722 1263 3773 Nichts
1276 3722 1414 3784 gescnatten
1428 3720 1500 3780 anien
1516 3719 1565 3769 oder

309 3817 392 3866 sagea,
411 3803 454 3855 der
471 3805 537 3854 Satin
557 3807 649 3867 Gottea,
673 3808 734 3857 oder
751 3809 811 3858 anch
829 3808 874 3858 der
890 3807 977 3872 heiliga
996 3809 1062 3859 Geiat
1078 3809 1146 3857 aeien
1163 3821 1207 3858 ana
1225 3807 1302 3856 einem
1322 3807 1429 3856 anderen
1446 3807 1499 3857 sein
1516 3804 1565 3853 oder
1651 3809 1652 3826 ¹

308 3887 396 3938 wesen
415 3889 617 3958 herrorgebrastn
634 3891 749 3955 norden3
773 3894 822 3944 and
839 3894 896 3944 taaa
913 3895 950 3944 ate
967 3893 1022 3943 dena
1040 3892 1151 3943 Wecbset
1170 3890 1331 3942 antemnrten
1349 3891 1399 3942 nod
1417 3887 1565 3942 reranderticn

307 3975 384 4033 arian,
410 3973 494 4024 aatche
517 3976 716 4026 excommnnicirt
738 3977 777 4027 die
800 3977 949 4028 kathotiactne
966 3978 1016 4028 ond
1034 3965 1198 4042 apostolisatis
1214 3974 1326 4026 necnee
1362 3975 1461 4026 Nesla
1478 3971 1563 4037 nari:

307 4057 377 4117 „Tne
394 4051 521 4109 Armenian
540 4059 636 4123 Litargy
664 4060 721 4124 nnty
749 4063 837 4114 ineerta
863 4063 904 4112 ttae
921 4063 1011 4114 Nicane
1028 4062 1105 4114 creet
1132 4061 1217 4112 batere
1242 4057 1283 4110 the
1301 4067 1394 4122 aalma,
1422 4061 1468 4111 and
1484 4059 1504 4110 is
1521 4057 1566 4107 ttae·
1651 4111 1652 4128 χ

306 4142 390 4192 rotare
407 4143 497 4208 nniqne
515 4143 539 4192 in
558 4142 670 4206 attoning
688 4146 706 4195 it
722 4153 746 4196 tn
766 4148 796 4196 he
813 4147 888 4198 heard
906 4147 936 4211 by
953 4145 1227 4198 thecateehnnnena.—
1245 4143 1266 4195 n
1282 4145 1304 4196 ia
1322 4145 1420 4196 auriana
1438 4153 1461 4196 to
1479 4144 1567 4194 absent
1651 4129 1652 4136 ἵ

308 4225 348 4276 tha
366 4236 434 4288 areat
450 4227 584 4291 similarity,
603 4228 628 4278 in
646 4228 693 4278 thia
710 4237 774 4292 part,
792 4231 820 4280 ot
836 4231 876 4282 na
892 4232 1020 4282 Armenian
1038 4231 1133 4295 Litora!
1149 4230 1197 4281 and
1214 4244 1260 4280 nnr
1277 4243 1346 4293 onn3
1364 4229 1465 4295 Epistte,
1478 4223 1566 4290 csend
1651 4235 1652 4290 ζ

307 4308 394 4370 dread,
417 4311 464 4360 and
489 4312 586 4374 Eritne,
610 4312 772 4378 immediately
795 4313 918 4377 tailernion
941 4316 1000 4366 easta
1025 4316 1095 4366 other
1118 4315 1143 4366 in
1166 4316 1206 4365 the
1229 4329 1285 4375 one,
1299 4327 1336 4366 aa
1353 4313 1455 4379 Epiatte,
1477 4308 1564 4375 Gemi·
1651 4333 1652 4384 ᾗ

307 4391 392 4454 Creed,
416 4395 463 4446 aad
482 4395 568 4460 Proper
591 4396 630 4446 tor
654 4397 695 4446 the
713 4397 809 4448 choreti
827 4397 926 4450 anian
950 4399 980 4450 do
1007 4402 1032 4451 in
1054 4401 1095 4450 tine
1118 4401 1204 4462 athen
1227 4399 1268 4450 the
1285 4399 1342 4464 only
1359 4399 1486 4450 ‹litterenne
1503 4393 1563 4452 beist
1651 4423 1652 4452 r

303 4477 364 4540 that,
381 4479 412 4542 br
430 4480 470 4529 ttae
486 4481 629 4533 armeniano
646 4480 687 4532 the
705 4480 816 4532 Oblatinn
834 4482 856 4532 ia
874 4484 943 4536 made
961 4485 1009 4536 inst
1026 4484 1087 4536 atter
1105 4486 1145 4537 the
1163 4483 1354 4548 tetenebrae
1373 4483 1400 4534 in
1418 4481 1461 4536 it.“

393 4577 418 4639 2)
439 4573 498 4642 Τὴν
514 4573 622 4651 ἡμέραν
638 4580 735 4632 πᾶσαν
752 4578 858 4632 τελείαν
875 4601 899 4649 p.
911 4583 969 4638 ³55.

392 4677 416 4740 3)
434 4668 555 4746 ἄγγελον
572 4674 681 4749 εἰρήνης
697 4683 790 4750 p.355.
801 4683 859 4735 364.
