3336 5302
664 429 736 504 397

70 651 106 662 -
125 608 144 680 ό
163 607 243 692 Υἱός
261 608 321 698 τῇν
343 604 463 678 ἑαυτοῦ
484 606 600 695 σόριια,
621 605 662 699 ἣν
677 607 830 700 λφόρεσε,
846 604 1041 694 ἀνεβίβασεν
1054 605 1210 699 ὑπεράνω
1225 608 1340 701 πόσης

71 710 162 801 ἀρχῆς
181 712 240 782 καὶ
259 709 413 792 ἐξουσίας
433 717 499 778 τῶν
521 706 590 780 diem
612 709 794 798 δυνάμεων.
801 716 822 791 ¹)

145 817 207 880 lam
234 833 317 892 vero,
349 825 507 898 postquam
531 818 680 882 llleoonne
707 816 888 880 modestiam
914 825 947 879 et
973 817 1166 881 attentionem
1195 818 1337 882 fidelibne

71 919 288 992 commendavit,
310 918 420 981 recitat
433 920 541 982 Lector
562 937 599 980 ex
611 919 747 981 Ambone
767 911 807 982 τὸ
828 910 1047 1000 προκείμενον
1061 917 1242 998 (ὓτεῦυεΙσ),
1264 939 1338 984 eon·

72 1031 125 1084 tum
150 1019 329 1101 plerumque
351 1038 368 1080 e
389 1019 579 1082 Psalmorum
600 1021 758 1084 versieulis
781 1021 953 1094 condatum,
983 1022 1211 1085 convenientem
1234 1022 1337 1084 olfieio

71 1123 200 1204 proprio,
229 1121 417 1185 desinentem
448 1122 477 1184 in
504 1139 608 1184 vooem
637 1121 773 1186 Alleluia.
816 1121 855 1184 Et
882 1122 940 1185 hoc
967 1123 1114 1186 sollemne
1139 1124 1337 1204 praeconium

71 1223 287 1303 intelligendum
317 1233 364 1286 est
389 1219 517 1307 Ψαλμῷ
538 1215 669 1302 Auditi:
700 1240 770 1286 care
797 1224 903 1286 eredas
926 1224 1074 1303 integrum
1097 1225 1246 1304 psalmum
1266 1233 1338 1288 ante

71 1324 227 1408 Epistulam
249 1323 442 1401 decantari.²)

144 1426 220 1490 ltem
239 1425 313 1505 legit
325 1426 436 1488 Lector
450 1424 626 1504 Epistulam,
648 1426 796 1488 stantibus
811 1426 971 1489 lliaeonia:
994 1426 1145 1490 indicatur
1159 1428 1240 1490 enim
1255 1428 1337 1490 iuxta

72 1529 213 1590 Simeonis
235 1528 426 1600 sententiam,
449 1525 604 1606 apostolos
627 1526 663 1588 ad
686 1527 921 1606 praedicationis
941 1547 1050 1590 munus
1065 1528 1235 1592 obenndem
1249 1548 1337 1610 pera·

72 1639 121 1690 tos.
163 1629 239 1692 Poet
257 1628 367 1690 lectum
389 1627 546 1708 epistolam
569 1645 674 1707 ponem
702 1627 815 1708 populo
842 1640 983 1708 precatur
1011 1630 1160 1693 Sanerdoe
1188 1630 1235 1692 vel
1264 1630 1337 1711 Epi·

72 1749 182 1810 scopus,
206 1728 287 1810 qued
311 1729 418 1792 Graeci
438 1739 547 1792 vocant
567 1721 745 1813 εἰρηνεύειν
765 1725 824 1794 τὸν
845 1721 1045 1794 ἀπόστολον.
1091 1731 1127 1792 Ut
1148 1731 1229 1794 enirn
1252 1731 1338 1794 Chri-

72 1839 127 1892 stus
145 1849 250 1914 paoem
273 1829 433 1910 discipulis
455 1830 538 1894 dedit
559 1815 589 1894 et
610 1831 740 1910 reliquit,
763 1831 804 1894 ita
826 1829 1002 1911 pontiliontn
1025 1849 1094 1911 erge
1117 1833 1261 1912 populum
1282 1833 1337 1896 be·

72 1933 201 1994 aeficium
223 1931 309 2013 pacis
330 1941 378 1994 est
400 1931 530 1996 collatio.
574 1933 713 1996 Sneeinit
733 1932 849 1995 Chorus
871 1932 1020 2013 epistolae
1041 1933 1150 1996 iterum
1164 1935 1338 1998 lleridieam

73 2051 167 2096 rocem
187 2033 324 2096 Alleluia.

149 2238 172 2300 1)
193 2236 310 2288 dddimne
334 2237 415 2302 'l'ppiei
434 2238 695 2304 Constantinopolitnni
714 2237 777 2290 ¹851
803 2238 861 2288 editi
883 2245 1022 2303 praecepte,
1047 2235 1093 2288 huo
1115 2239 1274 2302 pertinentia:
1298 2234 1338 2286 At

71 2312 167 2388 ‘Eoprnl
188 2314 251 2370 καθ’
272 2311 305 2376 ἃς
327 2319 435 2370 ίσταται
459 2312 709 2390 ὁΠαναγιιότατυς
734 2319 766 2372 έν
783 2321 821 2385 τῷ
840 2319 1033 2386 Οίιιουμενιτῷ
1055 2315 1163 2388 Θρόνηι.
1199 2319 1242 2372 Tol
1259 2311 1338 2386 Σιλβ-

72 2405 130 2466 βατα
155 2399 274 2471 ἑσπέρας
296 2403 343 2454 καὶ
360 2397 408 2460 τὰς
423 2399 573 2468 liupcundo,
597 2403 676 2473 npm‘i'
688 2405 736 2456 τοῦ
753 2397 820 2457 ὅλου
838 2401 975 2456 ένιαυτσῦ.
1010 2405 1061 2462 Εἰς
1078 2399 1127 2468 τῇν
1144 2397 1271 2472 Μνῇμην
1288 2403 1338 2458 τοῦ

73 2479 200 2554 όνόματστ
216 2489 263 2552 τῆς
279 2479 488 2555 Παναγιότητόο
504 2503 562 2539 του.
597 2489 791 2557 Σεπτεμβρίου
809 2485 843 2554 η’.
861 2489 911 2547 Ele
927 2485 957 2540 τό
976 2489 1107 2540 Γενέσιον
1126 2488 1170 2552 τῇς
1190 2482 1337 2541 Θεοτόιιου.

73 2567 111 2620 ιβ’.
126 2571 175 2628 Ele
188 2566 238 2636 τὴν
248 2565 380 2637 Ὕψυσιν
395 2573 444 2622 τοῦ
461 2575 553 2636 τιμίου
569 2573 707 2641 Σταυροῦ.
737 2568 903 2640 Ὀιιτιοβρίσυ
920 2563 972 2633 ις’.
992 2573 1051 2624 Τοῦ
1063 2566 1157 2640 Ἁγίου
1166 2573 1337 2642 Δημητρίου.

73 2656 222 2722 Νοεμβρίου
239 2653 273 2719 η’.
291 2655 341 2714 Ere
356 2653 406 2721 τὴν
422 2649 546 2715 Σῦναξιν
563 2658 618 2709 ταῖν
639 2657 809 2728 Ταξιαρχῦν.
844 2653 899 2707 ια’.
921 2655 972 2715 Ele
988 2652 1021 2708 τὰ
1038 2652 1152 2716 mattae
1169 2659 1215 2721 τῇς
1234 2653 1339 2709 osort-

73 2755 123 2795 του.
156 2741 328 2809 Δεκεμβρίου
353 2734 387 2801 ς’.
408 2741 466 2792 Τοῦ
480 2735 573 2808 Ἁγίου
591 2735 740 2794 Νικολάου.
774 2736 827 2794 νῦ.
852 2742 902 2800 Ele
925 2737 973 2800 τός
988 2737 1077 2810 Ὥρας
1099 2741 1145 2806 τῆς
1166 2741 1339 2811 Παραμσνῇς

74 2822 119 2874 τόν
135 2825 258 2893 Χριστοῦ
275 2823 394 2878 Γεννιῦν.
427 2817 476 2876 κε’.
502 2825 557 2889 Τῇς
581 2827 703 2894 Χριστοῦ
725 2819 893 2890 Γεννῇσεοις.
927 2819 978 2887 ις’.
1002 2827 1052 2884 Ele
1076 2823 1125 2890 τῇν
1146 2819 1270 2896 Σόναξιν
1291 2828 1339 2892 τῇς

78 2907 210 2962 Θεοτόνσυ.
242 2905 416 2974 Ἰανσυαρίσυ
433 2900 470 2962 α’.
490 2911 548 2961 Τοῦ
561 2905 655 2976 Ἁγίου
672 2911 829 2961 Βασιλείου.
864 2901 895 2962 ε’.
912 2911 962 2968 Ele
979 2903 1125 2975 τόςὯραο
1142 2909 1187 2976 τῇς
1198 2913 1339 2980 Παραμυ-

73 2991 112 3056 τῆς
126 2993 181 3044 τῦν
201 2993 390 3062 Θιοφανείυν.
425 2987 458 3055 ς’.
476 2995 526 3052 nte
543 2987 575 3044 τό
587 2987 666 3060 Ἁγια
688 2987 854 3061 Θεοφάνεια.
889 2987 919 3054 ξ’.
936 2995 987 3052 Εἰς
1003 2991 1051 3059 τὴν
1062 2985 1185 3053 Σόνιιξιν
1202 2996 1250 3046 τοῦ
1258 2997 1338 3064 Προ-

75 3069 180 3144 δρόμου.
214 3069 248 3130 λ’.
281 3077 346 3128 Τιῦν
370 3078 453 3144 τριιῦν
471 3073 626 3148 Ἱεραρχιῦν.
663 3079 858 3144 ψευρουαρίου
881 3073 916 3142 β’.
940 3079 991 3136 ma
1013 3073 1062 3142 τὴν
1082 3073 1266 3143 Ὑπαπαντῇν
1289 3079 1338 3132 τοῦ

76 3160 178 3230 ίίυρίου.
213 3163 344 3232 Μαρτίου
366 3159 413 3214 ιε’.
436 3163 487 3220 nte
502 3158 550 3214 τὸν
566 3157 782 3230 Εῦαγγελισμόν
798 3161 844 3225 τῆς
863 3157 1008 3214 Θεστόιεου.
1040 3161 1180 3228 Ἁπριλίου
1201 3156 1254 3228 κγ’.
1280 3163 1339 3214 Τοῦ

74 3236 154 3311 'Aytou
170 3247 322 3314 Γευργίου.
356 3242 454 3297 Μαΐου
473 3281 665 3300 .............
697 3242 814 3298 Ἰουνίου
837 3241 890 3299 νῦ.
912 3245 963 3304 ete
979 3241 1010 3298 τὸ
1027 3244 1176 3296 Γενέθλιον
1193 3245 1242 3297 τοῦ
1258 3247 1338 3312 Προ-

77 3323 180 3398 όρόμου.
214 3325 269 3382 νβ’.
292 3329 400 3396 Πέτρου
424 3331 472 3382 nol
488 3322 613 3383 Παῦλσυ.
644 3327 759 3382 Ἰουλίου
783 3321 828 3384 ια’.
849 3323 1011 3398 ΤῇςἉγίας
1026 3327 1186 3400 Εῦιμημίαε.
1221 3323 1338 3397 Αὐγού-

76 3425 131 3464 στου
146 3411 181 3476 ς’.
199 3415 250 3473 Ele
266 3407 315 3478 τὴν
332 3413 566 3485 Μετσμόρφαισιν
583 3417 631 3466 τοῦ
647 3415 782 3484 Σωτῆρος.
818 3410 858 3468 ιε’.
876 3413 927 3473 nn
942 3405 992 3477 τῇν
1008 3413 1150 3480 λὀίμησιν
1167 3416 1212 3478 τῇς
1233 3407 1338 3466 Θεοτό-

76 3511 124 3550 ιον.
154 3493 208 3553 νβ’.
232 3497 283 3557 Ele
298 3493 347 3563 τὴν
359 3495 520 3569 Ἁτιοτομῇν
543 3497 591 3551 τοῦ
607 3493 787 3569 Πρσῦρόμου.
825 3498 865 3570 Τῇ
884 3495 963 3566 Ἁγίρ
985 3497 1033 3548 καὶ
1050 3490 1170 3568 Μεγάλη
1189 3499 1338 3567 Τεσσαρα-

76 3583 154 3654 τοσεῇ.
188 3583 239 3642 Ele
260 3577 309 3636 τόν
327 3577 494 3636 Ἀριόβιστον
509 3578 620 3652 Ὕμνον
645 3583 772 3654 ἑσπέρας,
808 3579 848 3636 Τό
870 3581 901 3635 dl
924 3581 1004 3650 πρωί·
1021 3583 1060 3640 είς
1076 3580 1125 3647 τήν
1141 3585 1339 3652 Λειτουργίαν,

76 3665 108 3722 alr
121 3664 148 3720 τό
164 3669 376 3736 Παραῦρονίον.
413 3667 453 3738 Τῇ
466 3664 544 3736 Ἁγίρ
561 3669 610 3720 oeni
625 3671 670 3720 Μ.
686 3671 820 3740 Πέμπτη·
843 3667 884 3726 τίς
899 3661 949 3730 τὴν
965 3667 1163 3734 Λειτουργίαι,
1185 3668 1233 3720 ναί
1248 3669 1290 3726 είς
1305 3664 1339 3720 τό

76 3749 113 3814 ιβ.
131 3749 298 3822 Εῦιιγγέλια.
336 3753 376 3824 Ἰῇ
389 3747 468 3822 Ἁγίᾳ
489 3753 537 3804 καί
553 3755 596 3804 Μ.
615 3753 795 3824 Παρασκευῇ·
819 3753 859 3812 είς
874 3747 922 3810 τὰς
931 3749 1028 3822 Ὧραι,
1051 3752 1099 3805 καί
1121 3753 1161 3812 είς
1177 3751 1225 3806 τόν
1238 3749 1340 3806 Ἑσπε-

77 3829 150 3902 ρινόν.
187 3837 235 3904 Τῇ
248 3831 331 3907 Ἁγίρι
348 3836 397 3888 καί
412 3839 455 3890 Μ.
473 3837 543 3904 Σαβ.
561 3840 600 3897 είς
616 3835 664 3890 τὸν
678 3828 851 3906 Ἐπιτόφιον,
869 3838 917 3888 καὶ
933 3837 973 3896 είς
989 3834 1037 3900 τῇν
1053 3839 1250 3904 Λειτουργίαν.
1282 3835 1340 3896 Τὰς

78 3923 136 3984 τρεῖς
150 3915 256 3992 ἡμέρας
273 3921 321 3973 τοῦ
335 3915 429 3989 Ἁγίου
447 3921 494 3972 aul
511 3925 552 3975 Μ.
570 3915 680 3988 Πάσχα.
718 3924 760 3990 Τῇ
776 3921 945 3993 Παραοτιευῇ
966 3921 1012 3987 τῇς
1029 3923 1261 3990 Δισναινησίμου.
1299 3921 1340 3992 Τῇ

77 4003 180 4076 Πίμπτη
198 3997 435 4072 τῇτἉναλῇψεοις.
453 4001 546 4065 Ἐντὸς
562 4003 593 4058 dt
611 3997 721 4070 τοῦτον,
739 3999 943 4074 κατερχόμενος
960 3997 1339 4074 όΟίνουμενικόςίΙατριόρ-

76 4102 120 4150 xpc
132 4091 169 4149 είς
184 4086 233 4155 τὴν
244 4086 418 4156 Ἐκκλησίαν,
435 4092 542 4142 ἵσταται
560 4087 591 4142 έν
607 4091 646 4155 τεῇ
656 4091 845 4160 Παραῦρονίιρ
863 4090 902 4154 τῷ
914 4091 1056 4160 λεγομένῳ
1072 4089 1175 4154 renem,
1192 4085 1263 4154 μετὰ
1273 4091 1340 4138 Χιτ-

79 4169 185 4239 lenton,
207 4175 257 4226 eol
280 4166 349 4227 ἄνευ
365 4169 517 4228 Mendrion.
552 4176 712 4242 Σημείιοσαι
736 4171 782 4239 tl,
806 4169 848 4226 δτι
870 4171 903 4226 έν
924 4172 980 4244 μὲν
1002 4175 1039 4238 τῷ
1066 4167 1164 4240 Θρόνφ
1187 4165 1268 4231 όντοτ
1288 4173 1338 4225 τοῦ

80 4252 253 4327 Πττριάρχου,
271 4254 506 4328 ῦἉρχιόιόιιονσς
522 4255 671 4330 ἱστάμενος
686 4260 813 4324 πλησίον,
829 4261 926 4329 κρατεῖ
941 4255 989 4324 τὴν
1004 4257 1185 4324 ίίατερίιζαν·
1204 4255 1236 4309 έν
1251 4255 1283 4310 dt
1300 4255 1340 4324 epi

80 4339 254 4412 Περοθρονίῳ
271 4343 432 4413 ἱσταμένου,
450 4339 465 4396 ό
483 4339 660 4412 Δευτερεόων
677 4347 773 4410 κρατεῖ
787 4341 906 4408 πλησίον
923 4341 953 4395 τό
971 4337 1104 4410 Χαζροὶνι.

152 4427 177 4490 2)
200 4428 252 4480 ntia
275 4431 347 4481 sentit
370 4431 466 4481 Neele
485 4431 549 4480 l'etr.
567 4429 612 4479 lit.
630 4429 731 4494 pano:
756 4429 807 4492 „ld
831 4438 911 4481 tamen
934 4429 1021 4480 dnrnm
1047 4427 1151 4477 videtur:
1175 4427 1339 4493 libentiusque

82 4511 188 4564 timerem
208 4515 330 4566 Psnlmnm
349 4515 372 4564 in
396 4517 442 4566 lane
460 4516 513 4565 loeo
532 4515 662 4579 antiquitus
681 4523 800 4565 centetum
818 4514 909 4577 inisee3
938 4514 961 4563 id
979 4527 1034 4562 τετυ
1054 4513 1099 4562 inm
1119 4511 1255 4562 obsoletum
1274 4527 1338 4576 ease,

82 4593 163 4648 τελείει
185 4607 266 4651 ιιιτεσ
290 4608 401 4651 manente
424 4600 499 4666 (qood
518 4607 566 4651 tem
584 4613 657 4666 saepe
675 4601 699 4650 in
719 4600 756 4650 his
774 4599 862 4650 oldriis
880 4597 930 4660 fill:
955 4611 1045 4662 „qoem
1064 4595 1186 4647 Perimam
1204 4605 1290 4661 postea
1308 4597 1340 4648 de

81 4688 120 4728 ἐν
133 4681 184 4734 loeo
200 4687 361 4752 prolimenon
379 4685 476 4738 eieoit.“
