3378 5302
686 413 758 488 153

90 594 164 672 καῖ
188 597 386 696 πρέιτον,
412 593 490 670 καῖ
513 597 617 679 ταῖς
639 593 889 692 ἡμετέραις
913 599 1087 725 ψυχαῖς
1106 595 1357 696 ε’πωφελές,

91 725 216 788 οων,
242 696 465 788 δέσποτα,
490 692 620 796 κύριε
645 696 745 786 θεέ,
771 693 913 794 πάτερ
938 692 1335 794 παντίκρατορ,σ
1312 698 1357 776 σί

90 804 262 890 αἰνεῖν,
298 797 345 874 σε
370 797 556 928 ὑμνεῖν,
594 797 668 875 σοὶ
692 799 1009 924 εὐχαριστεῖν,
1045 797 1118 882 σοὶ
1144 799 1357 930 ἀνθομρ-

90 903 336 1002 λογεῖσθαι
361 894 572 1029 νύκτωρ
569 928 615 975 τε
639 899 715 975 καῖ
741 895 899 977 καθΗ
877 900 1055 1028 ημέραν
1081 899 1356 976 ἀκαταπαύ-

90 1027 178 1099 στῳ
202 998 423 1097 στόματι,
448 1000 526 1078 καῖ
551 997 798 1131 ὐσιγήτοις
817 1003 1014 1099 χείλεσι,
1049 999 1125 1076 καὶ
1151 999 1358 1100 ἄσιωπή-

89 1132 146 1232 τρι
182 1102 377 1204 καρδίᾳ·
413 1106 488 1179 σοὶ
523 1111 585 1203 τῷ
619 1100 870 1232 ποιήσαντι
911 1101 994 1179 τὸν
1021 1101 1242 1234 α,οὐρανὸν
1282 1104 1358 1181 καὶ

89 1203 136 1278 τὰ
172 1207 224 1280 ἐν
259 1213 322 1304 τῷ
342 1205 555 1334 οὐρανῷ,
591 1234 676 1334 γην
711 1204 788 1280 καὶ
820 1202 873 1280 τὰ
908 1207 956 1281 ἐν
987 1211 1040 1304 τῇ
1066 1233 1141 1331 γη,
1177 1202 1358 1281 θάλασ-

91 1331 192 1396 σαν,
206 1301 398 1434 „⁷1va
433 1303 694 1403 ποταμούς,
730 1307 917 1404 λίμνας,
952 1305 1028 1382 καὶ
1054 1334 1206 1382 παντα
1230 1307 1285 1382 τὰ
1311 1311 1359 1384 ἐν

92 1407 273 1496 αὐτοῖς,
300 1407 374 1484 σοῖ
397 1415 458 1509 τῷ
485 1406 735 1506 ποιήσαντι
759 1407 840 1486 τὸν
865 1409 1123 1538 ἄνθρωπον
1147 1437 1231 1484 κατ
1231 1408 1360 1484 '166-

91 1537 141 1584 ον
166 1505 351 1602 εἰκόνα,
376 1540 455 1586 και
442 1509 586 1585 καθ’
616 1508 864 1606 ὁμοίωσιν,
891 1503 923 1639 ηῖ
948 1525 1025 1586 και
1012 1509 1325 1640 ἐχαρίσω
1277 1513 1360 1608 τὴν

91 1613 133 1686 ἐν
166 1609 442 1710 παραδείσῳ
477 1608 678 1712 τρυφήν,
715 1613 996 1710 παραβαντα
1031 1611 1081 1687 δε
1107 1611 1251 1688 αὐτὸν
1277 1613 1360 1710 οὐχ

90 1709 323 1810 ὐιιέριδες,
368 1711 530 1789 οὐδεέ
514 1713 807 1889 ἐγκατέλιπες
848 1713 1018 1843 ἀγαθέ,
1062 1713 1177 1789 ἀλλά
1218 1711 1359 1791 πάλιν

91 1813 352 1888 ἄνεκαλέσω
387 1813 467 1890 δεδι
499 1812 667 1911 νόμου,
704 1810 1096 1945 ἐπαιδαγύγησας
1132 1812 1211 1892 διὰ
1246 1845 1361 1914 προ-

90 1923 265 2012 ρητοῖν,
300 1916 565 2002 ἀνέπλασας
597 1915 674 1992 καὶ
707 1913 1010 2000 ὐνεκαινισας
1042 1915 1120 1991 διὰ
1145 1925 1227 1992 τοῦ
1253 1946 1361 2044 φρι-

89 2024 196 2092 κτοῦ
222 2015 302 2092 καῖ
336 2015 568 2110 ζωοποιοῦ
599 2016 676 2092 καὶ
710 2015 940 2117 οὐρανίου
964 2017 1227 2116 μυστηρίου
1253 2015 1361 2093 τού-

88 2145 182 2193 του·
222 2114 376 2194 πάντα
411 2118 460 2196 δε
495 2120 716 2217 ἐποίησας
741 2119 820 2196 διὰ
846 2127 925 2219 τῆς
950 2126 1030 2215 σῆς
1056 2119 1243 2219 σοφίας,
1278 2127 1360 2195 τοῦ

90 2219 242 2344 66369
278 2228 360 2296 τοῦ
397 2219 648 2320 ἀληθινοῦ,
685 2229 767 2297 τοῦ
802 2228 1095 2348 μονογενοῦς
1120 2247 1203 2297 σου
1235 2222 1360 2312 Υἱοῦ,

88 2327 168 2396 τοῦ
203 2321 376 2420 κυρίου
416 2323 493 2398 καῖ
529 2327 644 2398 θεοῦ
685 2321 762 2398 καὶ
804 2331 1010 2422 σωτῆρος
1047 2321 1179 2420 ἡμῶν
1208 2323 1362 2420 Ἰησοῦ

89 2427 319 2520 Χριστοῦ·
355 2422 414 2499 δι’
444 2419 496 2501 οὗ
522 2425 596 2500 σοῖ
622 2424 707 2500 σῦν
733 2425 857 2524 αὐτῷ
883 2423 962 2501 καὶ
961 2423 1102 2553 ἁγίῳ
1128 2421 1362 2556 πνεύματι

89 2522 512 2650 εὐχαριστοῦντες,
555 2527 882 2655 προςφέρομεν
924 2525 1009 2624 τὴν
1050 2525 1243 2655 λογικὴν
1285 2522 1362 2602 καῖ

88 2623 387 2722 ἀναίμακτον
423 2628 644 2727 λατρείαν
678 2625 881 2726 ταύτην,
916 2629 971 2727 ἦν
1006 2627 1361 2758 προςηιέρει
1291 2653 1362 2704 σοι

87 2724 217 2826 κύριε
254 2723 411 2804 ποίντα
446 2730 500 2804 τῦ
523 2729 735 2860 ἐ’θνη,’
715 2729 801 2805 απὸ
838 2731 1082 2860 ἆνριτολιιῖν
1116 2729 1252 2826 ηλίου
1286 2729 1363 2805 καὶ

88 2829 223 2929 μέχρι
260 2827 535 2927 δυσμῶν,’
515 2831 602 2906 απὸ
638 2831 812 2928 ἄρκτου
838 2861 916 2908 και
904 2829 1305 2932 μεσημβρίας·’
1293 2829 1363 2906 ότι

89 2931 226 3058 μέγα
241 2929 293 3004 τὸ
331 2931 481 3031 ὄνομοί
517 2959 601 3009 σου
636 2937 684 3007 ἐν
719 2941 831 3008 πᾶσι
867 2939 966 3019 τοῖς
991 2935 1176 3023 ἔθνεσι,
1213 2963 1291 3009 και
1277 2933 1364 3011 ἐν

14 3111 15 3114 ¹
89 3031 228 3106 παντὶ
276 3029 400 3131 τύπῳ
443 3035 666 3132 θυμίαμα
708 3036 1018 3164 προςφέρεται
1060 3043 1120 3134 τῷ
1164 3032 1363 3132 ὐνόαατι

90 3132 206 3234 ἁγίῳ
235 3158 341 3222 σου,
367 3136 445 3210 καῖ
469 3135 620 3212 θυσία
643 3135 723 3211 καῖ
749 3133 996 3238 προςφοροί.

162 3253 218 3327 XI
221 3253 258 3326 V
310 3251 385 3326 Καὶ
420 3249 587 3352 δεόμεθα
621 3254 686 3330 καὶ
719 3254 1006 3355 παρακαλοῦμέν
1042 3277 1081 3330 σε
1116 3249 1362 3352 φιλύνθρωπε

90 3352 225 3456 ἀγαθέ.

162 3465 379 3568 Μνήσθητι
403 3470 506 3597 κύριε
531 3504 596 3600 της
621 3472 729 3604 ἁγίας
753 3472 816 3548 καὶ
840 3468 957 3570 μόνης
973 3475 1200 3597 καθρλικῆς
1190 3499 1253 3546 και
1241 3470 1377 3548 ἀπο·

90 3579 278 3700 otolw'ss.
292 3570 495 3701 ἐκκλησίας,
527 3583 591 3671 τῆς
622 3575 697 3652 ἀπὸ
728 3583 796 3703 γῆς
819 3571 990 3671 περάτων
1015 3571 1123 3673 μέχρι
1147 3580 1226 3702 τῶν
1251 3572 1364 3671 περύ-

16 3693 17 3716 *
91 3703 165 3752 τιον
183 3674 313 3770 αὐτῆς,
329 3668 484 3750 πάντων
500 3703 579 3752 των
595 3685 709 3767 λαῶν,
735 3677 797 3752 καῖ
814 3673 968 3752 πάντων
984 3683 1062 3752 ταῖν
1078 3674 1265 3768 ποιμνίων
1283 3701 1363 3754 σου.

16 3889 17 3894 ¹
169 3790 249 3890 Τὴν
274 3794 315 3876 ἐξ
338 3791 504 3922 οὐρανρῦ
529 3792 677 3893 εἰρήνην
700 3790 918 3926 βρύβευρον
943 3799 1025 3877 ταῖς
1051 3789 1231 3872 ἁπάντων
1254 3795 1364 3892 ἡμῶν

91 3893 280 4023 καρδίριις·
299 3892 394 3968 ἀλλὰ
409 3923 473 3968 και
487 3924 557 4024 τρυ
539 3897 659 3994 βίου
676 3896 810 3973 τούτου
826 3895 896 3993 τὴν
910 3891 1098 4024 εῖρηνην“
1077 3901 1168 3991 ημῖν
1185 3892 1363 3992 δαίρησαι.

16 4039 17 4050 ¹
171 3995 248 4072 Τὸν
280 3995 450 4088 βασιλέα,
483 3996 530 4072 τὰ
563 3994 821 4128 στρατιωτικοί,
857 3996 944 4082 τοὺς
968 3998 1177 4124 ἄρχοντας,
1210 3993 1364 4124 βουλιιίς,

91 4096 248 4224 δημους,
281 4095 476 4226 γειηονίας,
510 4097 673 4185 είςόδους
696 4101 760 4176 καὶ
785 4096 979 4183 ἐξέδωκ’
957 4105 1087 4196 ημιῦν,
1123 4101 1164 4172 ἐν
1188 4095 1288 4193 πείσῃ
1315 4098 1365 4171 ἐλ-

17 4219 18 4266 ῑ
92 4199 185 4298 ρήτῃ
212 4195 510 4296 κατακόσμησιν.

168 4321 336 4392 Βασιλεῦ
369 4325 433 4413 τῆς
458 4314 614 4446 είρηνης,
631 4318 709 4445 τὴν
735 4316 805 4414 σὴν
828 4315 979 4415 εἰρήνην
1002 4315 1114 4400 669‘
1092 4318 1182 4410 ημῖν
1208 4317 1249 4388 ἐν
1274 4314 1366 4410 ὃμο-
1422 4365 1429 4379 ·

89 4420 179 4516 νοίᾳ
204 4417 268 4492 καὶ
295 4417 486 4546 ὰγοίιιῃ
466 4429 596 4516 κτῆσαι
622 4420 719 4516 ἡμᾶς
744 4419 764 4493 6
792 4418 892 4508 θεός,
918 4415 1021 4500 ἐκτός
1037 4441 1108 4492 σου
1126 4417 1238 4491 αλλον
1247 4418 1269 4514 ¹)
1298 4417 1366 4492 οὐκ

89 4495 268 4616 οἴδαμεν·
295 4549 339 4594 το
366 4520 486 4614 ὄνομ
450 4549 486 4595 ια
514 4549 582 4596 σου
610 4518 859 4616 ῦνοαοίζομεν·
899 4517 1128 4614 ζωοποίησον
1152 4517 1220 4601 τὰς
1245 4518 1367 4596 ἀποίν-

180 4677 204 4738 ι)
222 4677 289 4724 τοι.
308 4673 384 4726 ma.
