3368 5308
696 391 768 464 523

92 569 285 672 συνάψας,
320 571 384 648 καῖ
410 574 448 658 ἐξ
474 571 591 648 αῦτεῦ
615 547 704 658 τοὺς
729 567 877 648 διόδεκα
903 567 1134 670 πατριάρχας
1159 571 1369 664 ἀναδείξας,

92 675 114 752 ῦ
139 675 212 752 τὸν
230 673 367 774 Ἰωσὴφ
392 674 457 750 καῖ
480 673 550 771 τὴν
569 671 734 750 Ἀσυνίθ
759 671 949 769 συζεύξας,
981 673 1127 772 καρπὸν
1150 673 1371 774 παιδοποιή-

92 803 163 862 σας
200 776 328 860 αὐτοῖς
351 775 420 852 τὸν
438 776 602 876 Ἐφραίμ
625 775 690 851 καὶ
715 773 781 851 τὸν
807 774 1026 874 Μανασσῆν
1048 773 1311 873 χαρισάμενος,
1349 776 1370 851 ὁ

89 879 162 954 τὸν
186 877 387 976 Ζαχαρίαν
411 877 476 954 καῖ
499 875 569 974 τὴν
582 873 774 974 Ἐλισάβετ
795 874 1097 975 προςδεξάμενος,
1122 876 1186 952 καῖ
1207 876 1370 977 πρόδρο-

90 1008 170 1078 μον
193 980 265 1055 τὸν
288 975 402 1055 τόκον
426 977 555 1062 αὐτοῖς
580 977 787 1064 ἀναδείξας.
826 978 870 1056 Ὀ
895 982 935 1054 ἐκ
960 987 1024 1076 τῆς
1048 977 1148 1076 ῥίζης
1165 979 1300 1054 Ἰεσσαὶ
1323 981 1368 1054 τὸ
1421 1055 1433 1076 ‚

91 1079 191 1157 κατὰ
220 1077 342 1179 σάρκα
365 1077 582 1178 βλαστήσας
605 1077 675 1177 τὴν
702 1077 968 1179 ἀειπάρθενον,
994 1080 1058 1156 καῖ
1079 1083 1118 1166 ἐξ
1139 1081 1255 1178 αὐτῆς
1276 1107 1382 1177 σαρ-.

90 1181 234 1266 κωθεῖς
255 1180 319 1256 καῖ
340 1181 499 1280 τεχθεὶς,
515 1187 568 1266 εὶς
588 1181 776 1280 σωτηρίαν
796 1191 865 1258 τοῦ
886 1181 1017 1284 γένους
1035 1190 1114 1257 ταῖν
1136 1180 1369 1279 ἀνθρώπων.

86 1284 132 1362 Ὁ
167 1284 234 1360 διὰ
265 1283 335 1380 τὴν
367 1280 565 1381 ἀφραστόν
599 1309 667 1358 σου
700 1282 848 1380 δωρεάν
879 1283 943 1360 καὶ
975 1283 1114 1380 πολλὴν
1146 1282 1369 1387 ἀγαθότηια

89 1381 398 1488 παραγενόμενος
422 1387 464 1461 ἐν
479 1391 588 1514 Κανηῖ
613 1393 679 1482 τῆς
694 1384 906 1474 Γαλιλαίας,
932 1384 996 1460 καῖ
1019 1383 1087 1461 τὸν
1110 1389 1221 1462 ἐκεῖσε
1242 1385 1370 1489 γάμον

91 1483 310 1590 εὐλογήσας,
335 1487 399 1562 ἵνα
426 1509 659 1585 φανερωσης,
686 1487 743 1560 ὅτι
769 1487 838 1562 σὸν
862 1483 1011 1584 θέλημά
1037 1489 1138 1564 ἐστιν
1164 1487 1186 1584 ἡ
1212 1490 1370 1583 ἔννομος

92 1587 257 1691 συζυγία
282 1587 346 1662 καῖ
369 1586 392 1684 ἡ
419 1589 457 1674 ἐξ
482 1588 597 1684 αὐτῆς
621 1585 851 1663 παιδοποιία.
883 1587 1020 1677 Αῦτὸς,
1045 1587 1220 1678 δέσποτα,
1247 1586 1371 1664 πανοί-

89 1719 163 1793 γιε,
196 1685 390 1786 πρόςδεξαι
423 1688 492 1786 τὴν
517 1684 644 1786 δέησιν
667 1688 777 1786 ἡμαῖν
801 1697 880 1764 ταῖν
904 1689 1146 1779 ίκετιῦνισου,
1180 1685 1230 1774 ὥς
1256 1693 1370 1766 ἐκεῖσε

90 1791 156 1866 καῖ
177 1793 350 1867 ἐνταῦθα
371 1789 670 1894 παραγενόμενος
690 1797 738 1887 τῇ
760 1787 910 1890 ἀοράτῳ
932 1815 1002 1866 σου
1024 1790 1235 1890 ἐπιστασίᾳ·
1263 1791 1369 1867 εάλό-

90 1917 213 1995 γησον
238 1892 307 1969 τὸν
330 1889 457 1994 γάμον
473 1891 692 1968 τοῦτονκαὶ
707 1889 904 1990 παράσχου
923 1899 1002 1976 τοῖς
1022 1889 1170 1976 δούλοις
1190 1919 1260 1968 σου
1280 1891 1369 1968 τού-

89 2023 182 2083 τοις,
216 2001 272 2090 τηῖ
298 1990 406 2082 δεῖνι,
438 1992 503 2067 καῖ
527 2001 574 2090 τῇ
599 1991 707 2083 δεῖνι,
734 1992 834 2091 ζωὴν
858 1993 1058 2091 ιλρηνικην,
1072 1987 1076 1996 ’
1090 1995 1370 2094 μακροημίρευ-

91 2122 167 2185 σιν,
196 2090 459 2224 σωφροσύνην,
480 2094 551 2191 τὴν
572 2099 623 2179 ελς
643 2093 821 2193 ἀλλήλους
842 2092 1005 2197 ἀγάπην,
1031 2097 1072 2171 ίν
1094 2104 1149 2194 τῷ
1168 2095 1368 2194 συνδέσμῳ

89 2207 157 2294 τῆς
182 2201 341 2294 εἲρηνης,
374 2195 519 2295 σπέρμα
544 2192 767 2296 μακρόβιον,
799 2196 869 2294 τὴν
894 2195 953 2272 ἐπὶ
977 2195 1117 2282 τέκνοις
1139 2195 1268 2294 χάριν,
1300 2195 1369 2273 τὸν

92 2297 355 2397 ἀμαράντινον
388 2306 454 2394 τῆς
489 2293 598 2394 δόξης
634 2299 831 2395 στέφανον.
876 2297 1054 2384 Ἀξίωσον
1094 2299 1233 2383 αὐτοὺς
1273 2298 1371 2375 ἰδεῖν

91 2405 205 2476 τέκνα
226 2401 384 2476 τέκνων·
410 2400 480 2496 τὴν
503 2398 632 2496 κοίτην
653 2399 783 2475 αὐτῶν
800 2397 1113 2498 ἀνεπιβούλευτον
1129 2398 1367 2498 διατήρησον.

90 2502 169 2577 Καὶ
202 2499 268 2586 δὸς
302 2500 429 2584 αῦτοῖς
461 2499 535 2576 ἀπὸ
560 2509 627 2597 τῆς
650 2497 791 2597 δρόσου
816 2510 885 2578 τοῦ
910 2503 1076 2599 οὐρανοῦ
1103 2503 1271 2593 ἀνωθεν,
1304 2501 1370 2576 καῖ

92 2603 169 2678 ἀπὸ
194 2612 260 2696 τῆς
284 2599 454 2699 πιότητος
478 2610 543 2699 τῆς
567 2611 644 2705 γῆς.
662 2604 875 2700 Ἔμπλησον
899 2603 986 2688 τοὺς
1010 2609 1135 2690 οίκους
1156 2604 1288 2681 αὐτοῖν
1311 2601 1368 2680 σί-
1455 2651 1457 2656 .

90 2735 174 2795 του,
212 2709 318 2781 οἴνου
349 2704 413 2780 καῖ
449 2703 575 2779 ἐλαίου
610 2704 674 2780 καῖ
699 2702 818 2802 πάσης
844 2702 1100 2809 ἀγαθοσύνης,
1124 2709 1190 2782 λ’να
1214 2704 1371 2803 μεταδι-

91 2807 189 2882 δαῖσι
214 2806 279 2882 καῖ
303 2812 380 2891 τοῖς
401 2805 534 2902 χρείαν
558 2807 697 2901 ἔχουσι,
723 2803 962 2905 δωρούμενος
985 2807 1066 2904 ἅμα
1085 2809 1249 2893 καὶτοῖς
1271 2834 1371 2904 συμ-

91 2915 256 3004 παροῦσι
280 2905 403 2984 πάντα
428 2907 476 2982 τὰ
502 2907 594 3006 πρὸς
619 2907 810 3008 σωτηρίαν
834 2905 1031 3005 αἰτήματα.

164 3041 251 3119 Ὅτι
283 3040 370 3126 θεὸς
398 3041 532 3131 ἐλέους,
558 3045 762 3137 οἰκτιρμῶν
784 3041 848 3116 καῖ
870 3041 1160 3138 φιλανθρωπίας
1179 3037 1368 3139 ὑπάρχεις,

91 3144 156 3220 καῖ
191 3145 250 3218 σοῖ
282 3141 352 3238 τὴν
384 3140 501 3228 δόξαν
527 3142 807 3238 ἀναπέμπομεν,
842 3142 914 3219 σύν
939 3151 994 3240 τῷ
1020 3140 1174 3242 ἀνάρχῳ
1201 3168 1270 3219 σου
1296 3172 1369 3216 πα-

90 3245 165 3343 τρί,
191 3245 255 3321 καὶ
279 3251 335 3342 τηῖ
356 3244 529 3346 παναγίῳ
550 3244 614 3319 καῖ
636 3245 775 3346 ἀγαθῷ
797 3243 861 3320 καῖ
884 3241 1054 3344 ζωοποιηῖ
1077 3268 1146 3320 σου
1168 3241 1365 3340 πνεύματι,

91 3357 167 3424 νῦν
191 3345 256 3441 καῖΙ
282 3346 352 3436 ἀεῖ,
378 3345 442 3420 καῖ
467 3349 518 3428 εἰς
541 3345 629 3430 τοῦς
654 3351 796 3430 αλιῦνας
820 3353 899 3420 ταῖν
925 3343 1086 3422 αἶοίνων.

175 3459 214 3531 ‘0
239 3459 350 3551 χορός.
390 3445 519 3544 Ἀμήν.
1019 3506 1023 3514 ,

174 3561 214 3632 ‘0
237 3561 399 3644 διάκονος.
455 3555 531 3627 Τοῦ
556 3546 700 3644 Κυρίου
725 3545 935 3646 δεηθῶμεν.

507 3697 578 3766 Καὶ
599 3693 618 3766 ὁ
641 3693 747 3784 ίερεῦς
766 3698 826 3787 τὴν
848 3693 953 3788 εὐχήν.

178 3802 387 3905 Εὐλογητὸς
413 3799 457 3892 εί,
482 3799 610 3900 Κύριε,
636 3800 656 3876 ὁ
686 3800 774 3885 Θεὸς
798 3799 920 3896 ἡμῶν,
956 3800 976 3876 ὃ
1002 3808 1070 3876 τοῦ
1095 3808 1279 3898 μυστικοῦ
1304 3797 1369 3876 καῖ

92 3902 285 4004 ἀχράντου
309 3901 436 4006 γάμου
461 3902 664 4005 ἱερουργῦς,
688 3901 753 3977 καῖ
773 3910 842 3978 τοῦ
865 3911 1082 3996 σωματικοῦ
1104 3903 1324 3998 νομοθέτης,
1346 3899 1368 3976 ὁ

92 4017 156 4104 τῆς
173 4005 397 4104 ἀφθαρσίας
415 4001 551 4102 φύλαξ,
576 4010 656 4079 τοῖν
675 4005 866 4101 βιωτικῶν
888 4003 1036 4105 ἀγαθὸς
1053 4001 1258 4098 οἰκονόμος.
1286 4001 1368 4076 Αύ-

91 4109 154 4194 τὸς
177 4109 243 4184 καῖ
268 4116 353 4198 νῦν,
379 4105 555 4196 δέσποτα,
581 4104 602 4180 ὃ
629 4108 669 4181 ἐν
692 4107 789 4201 ἀρχῇ
808 4101 951 4190 πλάσας
967 4105 1035 4182 τὸν
1053 4107 1273 4203 ἄνθρωπον,
1299 4102 1364 4178 καῖ

93 4213 252 4308 θέμενος
278 4207 395 4284 αῦτὸν
420 4205 472 4291 αῖς
490 4207 647 4306 βασιλέα
669 4215 734 4304 τῆς
754 4206 918 4298 κτίσεως,
943 4206 1007 4282 καί
1029 4205 1157 4296 εῖπαῖν,
1184 4205 1229 4281 οῦ
1249 4205 1368 4280 καλὸν

93 4311 186 4388 εἶναι
220 4310 289 4386 τὸν
321 4311 532 4409 ἄνθρωπον
562 4305 684 4403 μόνον
716 4308 782 4383 ἐπὶ.
807 4316 872 4407 τῆς
903 4317 984 4412 γῆς,
1016 4315 1229 4403 ποιησιῦμεν
1261 4305 1366 4402 αῦιρῖ

93 4413 244 4512 βοηθὸν
276 4412 359 4487 κατ’
390 4408 525 4486 αὐτόν·
562 4410 626 4485 καῖ
659 4408 790 4504 λαβεῖν
815 4410 909 4504 μίαν
933 4419 1012 4486 ταῖν
1036 4415 1207 4506 πλευραῖν
1234 4407 1366 4496 αὐτοῦ,

94 4517 253 4598 ἔπλασας
277 4518 453 4615 γυναῖκα,
477 4513 525 4609 ἣν
550 4511 646 4587 λδιῖιν
664 4511 786 4606 Ἀδδιμ
811 4511 897 4586 εἶπε.
928 4519 1046 4586 Τοῦτο
1072 4517 1144 4586 νῦν
1167 4510 1304 4585 ὀστοῦν
1326 4511 1367 4583 ἐκ

92 4627 167 4696 τιιῖν
195 4617 321 4693 ῦστοῖν
346 4643 435 4714 μου,
460 4613 524 4690 καῖ
550 4613 645 4714 σὰρξ
668 4615 709 4688 ἐκ
734 4621 797 4711 τῆς
823 4611 959 4716 σαρκός
983 4640 1071 4711 μου,
1105 4611 1198 4708 αῦτη
1223 4606 1366 4709 κληθή-
