3336 5302
686 385 760 458 413

170 571 244 650 Cap.
272 569 362 632 xxx.
417 567 620 634 invocatio
656 571 829 650 Spiritus
861 571 994 632 Sancti
1028 579 1063 631 et
1096 570 1362 633 consecratio.

84 672 234 734 observat
255 671 381 742 Gnarus.
411 671 542 732 Graecos
565 672 745 734 Sacerdotes
766 683 998 736 consecraturos
1020 672 1176 753 proposita
1197 672 1278 736 dona
1301 689 1363 734 non

84 775 242 852 attingere,
267 775 320 836 sed
343 791 433 834 manu
455 782 569 834 tantum
592 772 705 835 elevata
717 783 785 852 post
800 773 1042 837 benedictionem
1054 773 1224 836 ostendere.
1252 773 1288 836 in
1302 783 1362 838 ter·

83 876 125 936 tia
155 875 276 938 dentum
305 872 467 944 oblatione,
497 874 646 938 Diaconos
675 873 794 938 flabello
824 876 970 956 seposito,
999 875 1179 938 transversis
1207 875 1239 938 in
1262 875 1361 941 crucis

83 978 209 1055 liguram
237 975 378 1040 manibus
406 975 498 1038 altera
522 976 618 1037 elevat
646 975 772 1047 discum,
803 977 894 1038 altera
924 977 1047 1039 calicem
1076 977 1290 1057 pronuntians:
1320 971 1363 1054 acl

81 1072 128 1140 σὰ
150 1073 187 1142 ἐν
207 1079 275 1140 τῶν
295 1078 363 1140 σῶν
385 1071 628 1162 προςφέρομεν.
783 1063 785 1074 ⁴

169 1227 488 1310 Capillilillililill.
511 1229 695 1292 Memento
719 1228 904 1310 provisis
928 1229 1193 1294 etlielnnctis.
1211 1231 1359 1308 'Oratio

83 1331 295 1394 [lominica.
338 1331 404 1392 Non
434 1340 479 1392 est
508 1331 587 1409 quod
617 1331 714 1392 insius
742 1329 945 1410 explanemus,
979 1331 1137 1394 ecclesiam
1161 1332 1303 1396 Graecam
1327 1333 1358 1396 in

83 1434 131 1495 iris
154 1432 308 1513 precibus,
332 1449 432 1492 coram
456 1431 544 1492 donis
567 1432 753 1493 consecratis
767 1421 881 1506 cllusis,
904 1433 994 1496 nrulta
1011 1445 1159 1512 repetere,
1177 1453 1251 1514 quae
1267 1435 1360 1515 prisci

83 1545 113 1597 et
135 1534 248 1612 integri
271 1533 364 1595 moris
387 1544 466 1594 sunt.
510 1531 583 1594 Ilico
606 1532 738 1596 virorum
762 1544 1007 1614 mortuorumque
1030 1537 1152 1597 nomina
1176 1535 1361 1617 ediptychis

82 1635 275 1718 praelecta‚¹)
292 1623 409 1714 ¹preces
437 1652 492 1714 pro
521 1633 698 1696 Sanctorum
726 1636 829 1714 requie
858 1653 893 1697 ac
921 1634 1105 1697 beatitudine
1141 1637 1360 1716 pronuntiatas,

84 1739 255 1800 orationem
277 1735 470 1808 dominicam,
500 1753 560 1796 non
583 1754 600 1796 a
623 1736 789 1810 sacerdote,
812 1736 865 1797 sed
889 1755 905 1797 a
929 1735 1022 1798 choro
1046 1739 1090 1798 rel
1114 1739 1226 1817 populo
1249 1740 1360 1801 decan-

83 1851 186 1902 tatam.
232 1837 400 1901 Cabasilas:
428 1871 471 1883 -
492 1839 597 1900 ταῦτα
623 1832 666 1900 τὰ
687 1827 819 1920 ῥήματά
841 1830 931 1899 ἔστιν
953 1832 987 1901 ἐν
1009 1825 1062 1912 οἷς
1083 1830 1223 1919 οὐδεμία
1245 1835 1361 1924 περιέ-

82 1963 177 2020 χεται
205 1935 274 2024 πρὸ
296 1938 361 2001 τῶν
383 1929 485 2020 ἆγίων
505 1933 593 2020 πρὸς
612 1933 671 2001 τὸν
694 1933 781 2003 Θεὸν
802 1930 919 2015 ἱκεσία,
949 1930 1028 2002 οὐδὲ
1041 1929 1182 2018 εὔχεται
1205 1931 1320 2016 αὐτοῖς
1341 1933 1360 2005 ὁ
1405 1936 1415 1963 l

86 2036 194 2125 ἱερεὺς
213 2042 280 2104 τῶν
301 2033 475 2104 εἰωθότων
497 2031 609 2104 οὐδέν·
632 2033 717 2104 ἀλλὰ
738 2039 804 2102 τῶν
824 2034 886 2120 μὲν
907 2028 1016 2109 ἄλλων
1036 2036 1279 2128 κεκοιμημένων
1300 2061 1361 2124 με.

84 2139 250 2230 μνημὲνος
270 2134 374 2220 αὖθίς
395 2137 599 2228 προςτίθησι
620 2136 679 2225 τὴν
700 2133 786 2226 ὑπὲρ
808 2134 934 2206 τούτων
955 2133 1066 2227 εὐχήν·
1087 2140 1144 2208 καί
1166 2137 1361 2208 ἀνάπαυσον

86 2237 203 2322 αὐτοῖς
223 2263 325 2330 φησιν
347 2230 387 2306 οὗ
409 2239 591 2307 ἐπισκοπεῖ
610 2239 649 2306 τὸ
672 2245 746 2328 φῶς
765 2243 827 2306 τοῦ
847 2236 1030 2327 προςώπσν
1052 2264 1122 2309 σου.
1144 2237 1221 2309 Ἐπί
1243 2243 1281 2311 δὲ
1295 2247 1361 2309 τῶν

85 2339 188 2430 ἁγίων
208 2336 402 2410 τοῧναντιον
423 2339 525 2422 ἅπαν,
548 2335 587 2408 οὗ
609 2339 670 2428 γὰρ
692 2337 870 2425 πρεςβείαν
890 2337 976 2430 dorric
1000 2338 1108 2410 αὐτῶν
1121 2347 1273 2412 ποιεῖται
1288 2339 1359 2412 ἀλλ’
1455 2365 1469 2380 r

86 2439 208 2524 αὐτοὺς
226 2443 354 2529 μᾶλλον
383 2440 616 2530 προβάλλεται
645 2440 819 2530 πρὲςβεις·
852 2439 958 2511 εἰπὼν
990 2443 1052 2532 γὰρ
1079 2445 1137 2514 καί
1167 2440 1362 2533 ἀριθμήσας

85 2544 162 2625 τοὺς
190 2541 306 2632 ἁγίους
334 2541 462 2632 ἐπάγει,
492 2535 537 2612 ὧν
563 2547 638 2623 ταῖς
665 2540 858 2632 πρεςβείαις
884 2544 1071 2640 ἐπισκέψαι
1098 2543 1186 2635 ἡμᾶς
1214 2542 1234 2615 ὅ
1264 2545 1359 2646 Θαίς.

86 2651 130 2713 Ci.
153 2670 184 2731 p.
204 2654 255 2715 71.

171 2751 312 2836 Omnium
336 2753 366 2814 in
389 2752 530 2832 precibus
553 2752 616 2814 suis
641 2751 815 2814 recordatur
836 2755 1000 2818 Sacerdos:
1024 2765 1125 2818 monet
1147 2755 1261 2818 idcirco
1291 2755 1359 2818 Dia·
1443 2765 1448 2775 ’

87 2871 179 2916 εοεαε
200 2853 355 2934 populum,
380 2863 411 2916 ut
432 2853 459 2914 ei
484 2872 537 2916 sna
560 2853 720 2915 devotione
742 2853 938 2931 obsecundet,
967 2856 1119 2936 Deumque
1142 2876 1197 2937 pro
1220 2855 1361 2922 omnibus

89 2971 195 3032 rogans
217 2945 353 3016 πάντων
373 2948 430 3017 καί
451 2955 571 3018 πασῶν
592 2955 774 3021 meminerit.
804 2955 841 3018 lit
857 2959 1021 3038 respondet
1034 2954 1181 3040 populius:
1203 2951 1259 3022 καί
1273 2949 1361 3021 ποίν-

87 3075 150 3118 των
169 3049 228 3119 καί
249 3057 369 3118 πασῶν
390 3074 433 3117 sc.
454 3049 623 3141 μνήσθητι
645 3049 759 3138 Κύριε.

169 3207 244 3288 Cap.
277 3205 408 3272 xxxttt.
458 3209 599 3270 Sancta
632 3208 802 3270 Sanctis.
853 3207 962 3270 Pacem
996 3209 1178 3288 imprecatur
1210 3207 1360 3270 Sacerdos

89 3309 235 3384 fidelibus,
257 3320 325 3370 orat
345 3327 400 3389 pro
423 3309 512 3386 digna
536 3311 706 3390 sumptione
729 3309 909 3372 sacramenti
932 3328 967 3370 ac
988 3309 1063 3372 velis
1086 3309 1193 3372 iterum
1210 3308 1359 3382 obductis,

91 3410 181 3474 cierat
213 3428 322 3491 pacem
351 3421 499 3474 sanctum.
543 3411 609 3472 Non
638 3431 746 3474 omncs
770 3429 840 3474 vcro
863 3411 1027 3489 particulas
1049 3411 1080 3472 in
1103 3411 1281 3472 Sanctorum
1303 3411 1360 3474 ho·

91 3530 160 3574 nore
188 3512 316 3584 oblatas,
345 3513 398 3574 sed
428 3512 572 3574 maiorem
595 3523 709 3576 tantuna
733 3513 861 3575 hostiam
883 3513 963 3574 tollit
984 3545 1024 3558 -
1046 3504 1125 3576 ἐπεί
1145 3507 1235 3576 ἐστιν
1256 3504 1275 3576 ὁ
1297 3514 1362 3595 βα-

90 3607 197 3690 σιλεὺς
216 3608 366 3695 Χριστὸς
385 3607 443 3677 καί
464 3605 565 3688 αὐτός
586 3607 805 3700 inclusereit}
828 3610 913 3678 κατὰ
933 3609 992 3678 τὸν
1013 3606 1214 3678 ἀπόστολον.
1251 3610 1305 3678 Τὰ
1324 3610 1363 3680 tt

90 3707 181 3794 τίμια
207 3703 295 3778 litto
324 3712 416 3798 δῶρα
442 3711 526 3801 μέλη
547 3717 699 3797 Χριστοῦ
725 3711 906 3798 καὶσῶμα
927 3717 1088 3798 Χριστοῦ.
1131 3701 1169 3777 Et
1193 3716 1273 3779 inter
1300 3717 1361 3780 cle·

90 3817 214 3879 randum
242 3817 419 3898 pronuntiat
444 3834 547 3878 vocem
577 3817 657 3878 illam
685 3818 872 3880 venerandae
894 3816 1098 3898 antiquitotis:
1126 3811 1169 3880 τὰ
1190 3810 1270 3900 ίίγια
1290 3817 1363 3892 τοῖς

93 3907 196 3997 ἁγίοις
217 3936 247 3998 p.
264 3923 315 3983 75.
358 3918 439 3981 Nic.
459 3918 612 3997 Bulgari
634 3937 666 4000 p.
683 3921 759 3984 170:
786 3911 955 4002 Tri“Ayrc,
978 3912 1077 4000 λέγει,
1095 3911 1246 3981 δίδονται
1257 3910 1361 3999 μόνον

172 4139 197 4201 1)
220 4139 328 4190 Tabulae
352 4139 488 4204 bipartitae,
514 4139 643 4204 aliqnando
667 4153 695 4189 er
720 4153 778 4189 acro
802 4138 838 4190 rel
857 4147 965 4202 argento,
983 4141 1082 4203 aaepioa
1098 4137 1129 4188 do
1148 4137 1222 4188 ebora
1239 4137 1276 4187 rel
1294 4137 1360 4200 ligna

88 4223 195 4284 pretioso
213 4225 300 4286 iactae,
319 4239 346 4274 ea
365 4225 452 4289 quibua
469 4225 633 4275 recitabantur
650 4225 746 4274 nomina
766 4232 813 4274 tam
831 4223 1000 4274 detunctorum
1019 4238 1090 4289 qnam
1109 4223 1224 4282 utrorum,
1243 4236 1361 4287 qocapu-

92 4304 152 4356 tttee
168 4307 302 4359 honorabat
319 4307 435 4360 ecclesia:
453 4308 613 4374 patriarchae,
632 4308 820 4374 metropolitani,
839 4309 948 4375 episcopi
955 4323 963 4372 ;
982 4307 1172 4374 patricrclraronr
1190 4306 1361 4356 oecumenico-

94 4393 213 4451 romulei
231 4408 285 4446 cum
305 4394 437 4443 haereseos
456 4395 546 4443 crimen
565 4394 588 4442 in
608 4393 711 4458 aliquem
730 4393 898 4454 obiiciebotnr‚
923 4393 953 4444 de
972 4407 1019 4458 qno
1038 4400 1085 4440 taor
1105 4405 1178 4454 saepe
1196 4399 1359 4442 concertatum

95 4481 144 4534 est;
165 4477 333 4542 episcoporum
352 4479 466 4543 propriae
484 4480 514 4528 ab
532 4479 599 4528 initio
619 4477 975 4542 ecclesiae;'preslrpterorom‚
998 4477 1018 4527 ai
1038 4475 1077 4540 qui
1096 4474 1243 4524 illustriores
1262 4477 1360 4526 exstite-

93 4566 159 4622 raot;
175 4559 371 4624 banelmtcrunu
389 4563 492 4629 donique
511 4561 673 4614 conciliorum
691 4561 798 4623 llicaeoi.
817 4561 1086 4627 Constantinopottnm,
1110 4559 1234 4625 Epiacum,
1256 4560 1361 4612 'Chalce-

93 4638 210 4696 donensis
246 4647 283 4698 cl.
301 4661 326 4714 p.
344 4646 386 4698 30.
