3378 5302
925 413 996 500 tse

326 595 547 704 στήκουσι
569 597 631 674 τό
657 596 741 675 δύο
765 593 1027 694 τιμιιότατοί
1052 621 1135 672 σου
1163 593 1310 698 ζῶα,
1305 597 1361 672 τὰ
1387 593 1608 693 πολυόμ-

325 729 448 797 ματα
479 701 734 832 χερουβίμ,
771 701 848 775 καὶ
882 699 935 776 τὰ
972 691 1265 828 ἑξαπτέρυγα
1301 700 1602 798 σεροφίμ,α

326 801 435 877 δυσὶ
469 801 554 899 μεν
588 801 774 928 πτέρυξι
809 802 864 930 τρὶ
900 798 1117 901 πρόςωπα
1150 798 1473 891 καλύπτοντα,
1518 801 1604 875 καὶ

325 903 434 980 δυσὶ
458 904 566 990 τοὺς
590 901 755 994 πόδας,
782 932 859 979 και
847 901 1066 979 δυσὶν
1050 900 1302 992 ιπτοίμενα,
1329 903 1405 978 καὶ
1429 903 1603 1000 κέντρα-

324 1034 403 1108 γεν
429 1007 588 1106 ἕτερον
612 1005 724 1136 πρὸς
748 1004 797 1080 τὸ
824 1006 983 1100 ἕτερον
1009 1003 1394 1089 ἅκαταπαόστοις
1419 1001 1601 1099 στόμα-

329 1133 391 1196 σι,
423 1109 501 1182 καὶ
532 1104 776 1234 ἀσιγήτοις
808 1106 1101 1208 θεολογίαις,
1134 1106 1264 1183 τὸν
1249 1107 1484 1182 επινίκιον
1515 1103 1602 1181 καὶ

324 1205 568 1337 τριςοίγιον
592 1207 759 1337 ὕμνον
770 1207 966 1306 ᾄδοντα,
992 1209 1197 1324 βοῶντα,
1224 1207 1600 1334 δοξολογοῦντα,

324 1308 611 1436 κεκραγότα
608 1310 686 1384 καὶ
711 1310 906 1436 λέγοντα
931 1317 984 1406 τῇ
1010 1307 1355 1440 μεγαλοπρεπεῖ
1371 1335 1454 1384 σου
1470 1307 1599 1404 δόξῃ.

391 1411 603 1540 Ἄγιος,
585 1411 740 1540 α’γιος,
771 1411 902 1539 ἅγιος
927 1410 1088 1540 κόριος
1113 1408 1358 1540 σαββαοίθ.
1411 1408 1603 1510 Πλήρης

325 1511 345 1586 ὁ
380 1505 581 1638 ρόρανὸς
612 1513 688 1588 καὶ
719 1512 820 1615 ἡγῆ
845 1521 924 1608 τῆς
950 1511 1086 1641 ἁγίας
1111 1538 1194 1588 σου
1221 1510 1364 1608 δόξης.
1410 1523 1601 1616 Ἐκφώνως.

325 1611 497 1690 Πάντοτε
522 1612 594 1710 μίν
618 1611 760 1699 πάντας
786 1612 955 1743 ἁγιάζῃ,
961 1613 1052 1688 ἀλλὰ
1078 1613 1141 1688 καὶ
1165 1615 1258 1710 μετὰ
1284 1613 1437 1689 πάντων
1458 1621 1537 1689 τῶν
1557 1637 1601 1687 oe

325 1713 596 1846 ἆγιαζόντιον,
596 1715 698 1800 δέξαι
723 1714 884 1790 δέσποτα
908 1711 1011 1814 κύριε
1036 1743 1099 1790 και
1087 1714 1220 1791 ἱιτὸν
1200 1717 1377 1823 ημὲτερον
1393 1710 1602 1818 ἁγιασμόν,

325 1817 397 1892 σὺν
422 1819 549 1902 αὐτοῖς
572 1815 798 1915 ὑμνούντων
823 1817 886 1893 καὶ
912 1815 1107 1919 λεγόντων.

879 1946 918 2016 Ὁ
947 1945 1037 2029 λαός.

389 2053 524 2155 Ἆγιος,
552 2052 668 2154 όίγιος,
696 2053 799 2154 ἅγιος
824 2049 960 2148 κύριος.

622 2199 694 2270 “0
683 2201 788 2289 ιερεὺς
792 2198 1041 2380 ἐσφραγίζει
1004 2225 1046 2267 τα
1068 2197 1156 2287 ἅγια,
1179 2197 1293 2288 λέγων.

401 2307 490 2380 XVI.
518 2302 767 2482 Πλήρηςὸγόρ
792 2307 893 2380 ἐστιν
920 2303 969 2387 ιός
996 2302 1192 2400 ἀληθῶς
1174 2333 1194 2378 ο
1220 2299 1391 2401 οὐρανός,
1418 2301 1480 2429 καὶ
1505 2301 1599 2430 676

323 2412 388 2502 τῆς
427 2405 536 2508 ἁγίας
576 2432 645 2482 σου
714 2405 786 2502 ’ξης
818 2404 882 2480 διὰ
915 2414 979 2502 τῆς
1010 2405 1226 2504 ἐπιφανείας
1259 2413 1328 2480 τοῦ
1363 2403 1496 2502 κυρίου
1532 2403 1601 2478 καὶ

409 2645 467 2710 Cap.
484 2645 541 2696 xtt.
576 2644 623 2696 lac.
635 2643 676 2696 29.
690 2643 730 2696 30.
760 2645 814 2694 lias.
833 2645 959 2694 Sacerdos.
979 2645 1084 2694 instituit
1101 2645 1172 2696 nobis
1191 2644 1329 2708 mysterium
1348 2643 1395 2694 hoe
1413 2657 1525 2705 magnum
1545 2645 1603 2708 pie-

324 2729 379 2779 tatis
404 2737 427 2779 et
449 2728 582 2791 religionis,
609 2744 663 2780 curn
686 2730 809 2780 statuisset
825 2730 920 2779 tradere
938 2745 965 2778 se
984 2731 1054 2778 morti
1073 2743 1117 2793 pso
1136 2728 1218 2778 mundi
1235 2731 1289 2779 rita.
1325 2728 1439 2792 Populos.
1469 2727 1600 2778 Credimus

325 2813 348 2863 in
372 2813 406 2862 rei
431 2813 528 2863 raritate
552 2815 584 2864 ita
602 2829 664 2864 esse.
699 2814 826 2864 Ssccrdoe.
854 2815 951 2877 Accepit
970 2827 1054 2878 ponens
1073 2813 1097 2863 in
1116 2827 1201 2862 manns
1218 2827 1275 2864 suas
1292 2819 1397 2873 sanctas,
1415 2826 1489 2876 puras
1507 2821 1531 2863 et
1550 2813 1599 2862 im-

261 2962 263 2970 *
325 2895 465 2958 maculatas,
490 2897 573 2948 beatae
594 2907 619 2950 et
636 2897 789 2958 vivificantes,
815 2906 838 2947 et
856 2899 947 2962 aspexit
966 2899 989 2948 in
1007 2897 1111 2958 coelum,
1135 2897 1166 2948 ad
1184 2903 1216 2958 te,
1241 2912 1255 2948 ο
1274 2895 1346 2958 lieno,
1370 2897 1464 2947 Patrem
1482 2909 1555 2946 snnrn
1574 2905 1600 2946 et

324 2981 431 3032 omnium
449 2981 586 3034 Dominum.
620 2983 687 3034 Tunc
711 2983 812 3048 accipiet
836 2983 982 3032 oblationem
1006 2997 1080 3046 snper
1105 2996 1188 3032 manns
1206 2997 1272 3044 susa,
1296 2982 1436 3046 anieretqno
1455 2980 1531 3030 selom
1552 2981 1598 3030 de-

323 3081 397 3130 super
415 3065 490 3116 disco.
526 3067 641 3132 Populos.
660 3067 742 3118 lmen.
777 3067 896 3117 Sacerdos
915 3065 1102 3117 lerabitoenios
1120 3067 1211 3116 dicens.
1235 3066 1369 3129 Etpratias
1387 3065 1442 3127 epit.
1477 3063 1598 3128 Populus.

275 3215 278 3220 Ι
323 3151 404 3200 Amen.
440 3151 567 3203 Sacerdos.
594 3151 624 3202 Et
646 3151 766 3202 benedixit
789 3167 851 3202 euro.
888 3152 1003 3216 Populos.
1028 3155 1111 3202 Amen.
1146 3151 1264 3201 Sacerdos
1290 3149 1363 3212 digito
1387 3156 1424 3198 ter
1447 3147 1597 3198 oblationem

323 3248 391 3284 snam
408 3235 513 3298 signabit
529 3235 553 3286 in
571 3236 669 3286 modom
688 3238 774 3287 crocis.
809 3238 837 3287 Et
855 3237 1009 3288 sanctitleavit
1027 3249 1090 3286 enm.
1120 3234 1235 3299 Papulas.
1253 3233 1335 3284 lmen.
1363 3231 1481 3282 Sacerdos
1500 3233 1599 3294 lranget

323 3318 469 3370 oblationem
494 3321 518 3369 in
535 3306 586 3372 tres
602 3329 692 3386 partes,
717 3323 826 3388 quesita
844 3323 919 3372 adse
938 3322 1036 3371 iniicere
1055 3320 1175 3382 adiunget,
1199 3328 1225 3370 ut
1241 3316 1420 3384 quodammodo
1438 3315 1528 3366 diuisae
1546 3325 1599 3368 non

323 3403 379 3454 sint.
414 3405 480 3464 Quae
502 3405 560 3456 duro
582 3407 663 3466 iaciat,
688 3406 776 3470 digitos
798 3409 859 3458 iutra
883 3408 976 3456 dissum
995 3404 1104 3468 detergit,
1130 3404 1281 3468 nequities
1300 3399 1546 3462 oblatisadlraereat,
1574 3409 1600 3452 et

324 3486 394 3537 dicet.
429 3487 459 3538 Et
475 3489 546 3551 tregit
564 3504 628 3550 eant,
646 3491 758 3556 deditque
776 3493 866 3540 sanctis
884 3488 1008 3554 discipulis
1027 3497 1050 3538 et
1060 3487 1181 3552 Apostolia
1200 3489 1258 3548 sais,
1276 3486 1375 3538 dicens:
1393 3487 1507 3550 Accipite,
1526 3499 1599 3536 man-

324 3571 409 3621 ducate
434 3586 462 3622 er
486 3572 533 3622 hoe
555 3587 649 3623 omnes.
684 3573 735 3624 lloc
759 3583 796 3624 est
819 3575 882 3624 enim
907 3588 995 3636 corpus
1019 3587 1098 3622 meum
1123 3573 1187 3637 qnod
1211 3586 1256 3636 pro
1274 3571 1340 3623 robis
1358 3571 1483 3633 frangitur,
1508 3579 1532 3620 et
1550 3585 1598 3635 pro

325 3653 406 3704 multis
424 3655 495 3705 datur
513 3656 724 3706 inremissionem
742 3667 906 3722 peccatorum,
924 3657 972 3708 hoc
989 3657 1060 3706 tacite
1077 3657 1101 3706 in
1119 3659 1166 3707 mei
1185 3656 1334 3706 memoriam.
1369 3654 1483 3719 Populus.
1511 3657 1597 3705 Arnen.

324 3738 444 3788 Sacerdos
462 3746 547 3790 tensae
566 3740 665 3791 calicem
685 3755 827 3802 munusue,
846 3743 916 3792 dicet.
944 3743 1060 3792 Similiter
1077 3743 1147 3792 etlam
1166 3741 1265 3792 calicem
1283 3748 1341 3805 post
1357 3753 1466 3802 coenam,
1490 3753 1553 3805 aqua
1573 3749 1598 3790 et

324 3822 377 3873 rino
405 3823 509 3873 miscuit.
544 3825 664 3876 Sacerdos
691 3827 790 3876 calicem
816 3835 854 3876 ter
882 3841 952 3876 eruce
979 3827 1090 3890 signabit,
1118 3834 1141 3876 et
1168 3824 1239 3875 dicet.
1275 3825 1367 3876 Gratias
1386 3825 1440 3887 epia
1476 3825 1596 3890 Populus.

323 3904 406 3956 Amen.
441 3907 569 3961 Sacerdos.
601 3910 723 3962 Benediait
749 3925 812 3962 enm.
847 3911 962 3976 Populus.
989 3911 1070 3960 Amen.
1106 3909 1233 3960 Sacerdos.
1266 3909 1424 3960 Sanctiilcarit
1446 3910 1527 3959 eum!
1547 3910 1596 3960 Po-

322 3991 404 4056 pulos.
422 3995 505 4043 Amen.
540 3995 668 4046 Sacerdos.
688 3996 802 4056 Gestavit,
821 4003 845 4046 at
862 3994 928 4047 dedit
945 3995 1070 4060 discipulis
1087 3995 1139 4046 sais
1158 3993 1311 4059 etdpostolis
1329 3993 1418 4044 sanctis
1430 3993 1530 4044 dicens:
1548 3999 1595 4044 Ac·

324 4076 404 4139 cipite,
429 4077 503 4128 bibite
518 4093 546 4128 es
570 4095 598 4130 eo
623 4095 713 4132 omnes.
752 4080 794 4130 llic
820 4087 856 4130 est
879 4081 942 4130 enim
965 4081 1063 4142 sanquis
1082 4095 1150 4132 mens
1168 4079 1221 4129 nori
1240 4079 1385 4130 Testamenti
1403 4077 1443 4142 qni
1462 4078 1596 4130 effunditur

324 4174 368 4224 pro
387 4161 463 4224 vobis,
481 4171 505 4212 et
521 4178 565 4227 pro
585 4165 666 4215 multis
685 4166 708 4215 in
727 4165 894 4214 remissionem
913 4173 1082 4228 peccatorum
1102 4165 1147 4215 hoe
1164 4165 1234 4214 tacite
1252 4163 1276 4214 ia
1295 4163 1342 4212 mei
1360 4162 1510 4212 memoriam.
1548 4163 1595 4212 Sa-

324 4245 410 4294 cerdos
429 4243 526 4298 calicem
546 4246 569 4298 in
587 4248 665 4298 crocis
682 4249 785 4298 lor-mum
803 4249 913 4310 movebit,
932 4249 963 4298 ita
981 4255 1060 4298 temen
1078 4257 1103 4298 ut
1121 4263 1172 4308 nnn
1188 4251 1267 4311 agitet.
1295 4245 1401 4312 Populus
1418 4246 1489 4296 dicet.
1509 4249 1595 4308 Amen,

324 4326 371 4378 lroc
389 4329 420 4379 tta
438 4337 482 4380 est.
518 4331 645 4383 Sseerdos.
673 4333 875 4398 Quotiescumque
899 4333 1073 4384 manducabitis
1091 4348 1118 4383 ex
1136 4335 1183 4384 hoc
1200 4347 1270 4398 pane,
1295 4339 1318 4382 et
1336 4333 1422 4381 bibetis
1440 4345 1468 4380 ea
1487 4331 1535 4381 hoe
1553 4347 1595 4382 cs·

324 4411 379 4473 lice,
398 4423 500 4468 mortem
519 4431 596 4467 meam
614 4418 788 4470 annunciabitis
806 4426 830 4468 et
844 4419 1045 4468 resurrectionem
1064 4431 1142 4468 meam
1160 4415 1340 4477 confitebimini,
1359 4415 1454 4482 meique
1471 4429 1596 4466 memores

325 4499 391 4548 eritis
417 4501 495 4551 donec
520 4503 621 4552 reniam.
655 4501 772 4568 l'opulns.
799 4503 897 4554 llortem
921 4511 985 4553 tuam
1010 4503 1183 4552 annunciamus
1206 4501 1317 4562 Domine,
1343 4509 1366 4552 et
1387 4503 1594 4552 resurrectionem

323 4588 389 4631 tuam
407 4585 556 4636 conlitemnr.
591 4586 717 4637 Sacerdos.
736 4586 874 4637 liemoriom
893 4587 985 4648 agimus
1004 4587 1125 4651 passionis
1143 4588 1195 4638 eins
1212 4594 1317 4645 sanctos,
1335 4585 1521 4636 resurrectionis
1541 4585 1595 4637 eins

322 4669 465 4732 amortuis,
483 4671 632 4744 ascensionis
650 4671 674 4721 in
692 4671 796 4736 coelum,
814 4679 838 4724 ot
855 4673 971 4723 sessionis
989 4672 1066 4738 ipsias
1084 4671 1114 4722 sd
1132 4670 1255 4724 dexteram
1270 4677 1345 4732 tuam,
1363 4669 1472 4720 oi’ster:
1488 4671 1596 4722 ncuodi
