3394 5308
948 423 996 497 58

334 605 399 682 διὰ
423 604 467 682 τὸ
493 607 615 704 ὄνομα
639 614 708 681 τοῦ
732 604 865 702 κυρίου
888 603 1103 704 δεηθῶμεν,
1130 604 1228 689 ὅπως
1248 605 1270 681 6
1291 601 1418 703 κύριος
1440 598 1611 702 πραῦνας

333 708 401 786 τὸν
426 708 558 803 θυμὸν
584 709 711 784 αὐτῶν
737 704 981 783 διασκεδάσαι
1007 708 1076 806 τήν
1099 707 1192 782 καθ’
1221 706 1331 805 ἡμῶν
1357 707 1516 810 όργήν.“)

406 808 511 908 Ὑπὲρ
536 819 615 887 τῶν
640 811 709 895 ἐξω
735 809 859 886 ὄντων
882 809 945 884 καὶ
962 809 1253 907 πεπλανημένων
1270 808 1484 907 δεηθῶμεν,
1510 807 1611 894 ὅπως

334 911 355 987 6
379 909 507 1009 κύριος
532 911 669 996 αῦεοῦς
693 911 905 1009 ἐπιστρέψῃ.

415 1020 501 1090 Τῶν
532 1014 676 1112 νηπίων
701 1020 767 1109 τῆς
791 1012 982 1110 ἐκκλησίας
1006 1009 1339 1110 μνημονεύσωμεν,
1372 1011 1472 1097 ὅπως
1498 1011 1518 1088 6
1543 1008 1612 1088 κό-

335 1144 412 1211 ριος
444 1113 637 1200 τελειώσας
674 1115 771 1190 αῦτά
803 1118 845 1191 ἐν
869 1123 924 1214 τῷ
951 1111 1063 1214 φόβῳ
1091 1114 1208 1190 αὐτοῦ
1234 1119 1284 1199 είς
1308 1114 1446 1213 με’τρον
1470 1113 1612 1212 ἡλικίας

334 1214 468 1344 ἀγάγῃ.

419 1318 511 1416 Υπὲρ
537 1315 706 1415 ἀλλήλων
730 1315 933 1415 δεηθῶμεν
958 1315 1058 1400 ὅπως
1082 1313 1103 1392 6
1124 1312 1252 1414 κύριος
1271 1313 1411 1416 τηρήσῃ
1432 1317 1531 1414 ἡμᾶς
1547 1317 1613 1392 καὶ

334 1417 479 1519 φυλάξῃ
505 1429 550 1518 τῇ
578 1420 695 1496 αι’ποῦ
717 1416 844 1520 χάριτι
869 1423 920 1502 είς
944 1418 1045 1502 τέλος
1068 1417 1132 1492 καὶ
1157 1415 1311 1516 ῥύσομαι
1336 1418 1434 1515 ἡμᾶς
1453 1427 1521 1494 τοῦ
1542 1447 1604 1494 πο

333 1529 451 1620 νηροῦ
481 1522 547 1598 καὶ
578 1519 734 1600 πάντων
764 1529 844 1598 τῶν
875 1516 1101 1596 σκανδάλων
1132 1527 1212 1595 τῶν
1246 1519 1507 1622 ἐργαζομένου
1541 1521 1613 1617 τὴν

334 1623 500 1717 ἀνομίαν
524 1622 587 1700 καὶ
612 1620 715 1720 σοίση
742 1627 793 1706 είς
817 1621 887 1720 τὴν
911 1619 1108 1722 βασιλείαν
1133 1621 1251 1698 αὐτοῦ
1276 1622 1345 1720 τὴν
1375 1623 1612 1721 ἐπουράνιον.

382 1723 511 1825 ’Ὑπὲρ
551 1721 671 1823 πάσης
709 1730 833 1822 ψυχῆς
866 1723 1082 1821 χριστιανῆς
1112 1721 1324 1821 δεηθῶμεν.
1376 1732 1516 1800 Σῶσον
1548 1723 1613 1800 καὶ

335 1823 549 1926 ἀνάστησον
573 1826 671 1924 ἡμᾶς
696 1825 717 1901 6
743 1825 833 1910 θεὸς
857 1835 911 1924 τῷ
938 1828 1024 1900 ἐλέει
1052 1849 1131 1901 σου.
1140 1825 1163 1922 ²)

530 1925 797 2030 Ἓγειρυόμεθα.

409 2031 614 2126 Δεηθέντες
645 2033 800 2112 ἐκτενῶς
832 2027 988 2110 ἑαυτοὺς
1016 2026 1080 2102 καὶ
1106 2025 1284 2123 ἀλλήλους
1309 2035 1363 2126 τῷ
1391 2027 1503 2118 ζῶντι
1528 2031 1611 2128 θεῷ

333 2131 398 2209 διά
423 2141 492 2207 τοῦ
517 2138 687 2229 Χριστοῦ
713 2131 832 2206 αὐτοῦ
858 2124 1140 2226 παραθιόμεθα.

409 2252 469 2325 IX·
500 2261 715 2348 Ἐπευχέσθω
737 2261 776 2332 δὲ
797 2259 817 2330 6
840 2258 1010 2351 ἀρχιερεὺς
1029 2259 1087 2330 καὶ
1107 2261 1249 2354 λεγὲτιρ·
1272 2245 1376 2344 κύριε
1400 2246 1615 2347 παντοκρά-

333 2379 413 2448 τορ,
439 2351 585 2450 ὕψιστε,
613 2350 633 2427 6
660 2353 701 2426 ἐν
725 2348 883 2448 ὑψηλοῖς
907 2357 1105 2437 κατοικῶν,
1133 2349 1213 2449 άγιε
1239 2352 1281 2426 ἐν
1301 2349 1422 2453 ἁγίοις
1438 2351 1614 2426 ἀναπαυ-

334 2451 455 2548 όμενε,
489 2455 641 2551 ἀναρχε,
674 2447 857 2550 μόναρχε·
895 2449 915 2527 6
948 2450 1013 2526 διά
1038 2455 1207 2546 Χριστοῦ
1238 2450 1414 2553 κήρυγμα
1433 2449 1615 2580 γνώσεως

334 2553 425 2639 δοὺς
452 2554 545 2652 ἡμῖν
578 2560 628 2638 εἰς
660 2552 863 2656 ἐπίγνωσιν
894 2560 960 2650 τῆς
992 2559 1057 2649 σῆς
1090 2550 1199 2650 δόξης
1230 2553 1295 2627 καὶ
1326 2561 1395 2630 τοῦ
1428 2551 1616 2650 ονόματός

277 2703 281 2712 ·
334 2680 417 2746 σου,
444 2651 489 2731 οὗ
514 2657 750 2754 ἐφανέρωσεν
772 2654 865 2752 ἡμῖν
886 2659 937 2739 είς
957 2651 1185 2752 κατάληψιν·
1214 2653 1326 2739 αῦτὸς
1341 2655 1405 2730 καὶ
1420 2663 1493 2732 νῦν
1509 2656 1614 2731 ἔπιδε

334 2756 385 2833 δι’
424 2758 542 2834 αὐτοῦ
575 2757 634 2832 ἐπὶ
666 2756 710 2832 τὸ
742 2753 919 2853 ποίμνιόν
951 2780 1021 2831 σου
1046 2764 1178 2831 τοῦτο·
1214 2757 1279 2831 καὶ
1304 2755 1490 2854 λόερωσαι
1517 2758 1615 2834 αῦτὸ

333 2853 454 2956 πάσης
486 2859 641 2962 ἀγνοίας
672 2858 736 2934 καὶ
767 2866 933 2955 πονηρᾶς
965 2853 1131 2956 πράξεως
1162 2857 1226 2932 καί
1251 2857 1318 2943 δὸς
1342 2857 1454 2958 φόβῳ
1480 2862 1615 2958 φοβεῖ-

334 2961 431 3036 σθαί
462 2985 503 3036 σε
535 2961 599 3036 καὶ
632 2958 758 3064 ἀγάπη
793 2961 947 3063 ἀγαπᾷν
973 2986 1013 3034 σε
1038 2959 1102 3034 καὶ
1128 2960 1342 3036 στίλλεσθαι
1369 2961 1443 3036 ἀπὸ
1468 2959 1616 3059 προςιό-

334 3091 407 3138 που
433 3061 543 3161 δόξης
568 3087 654 3139 σου·
682 3062 837 3160 εὐμενὴς
863 3062 990 3146 αῦτοῖς
1014 3069 1126 3163 γενοῦ
1151 3061 1215 3136 καί
1239 3065 1345 3148 ίλεως
1368 3064 1432 3138 καὶ
1451 3062 1617 3160 ῦπήκοος

421 3338 446 3398 1)
473 3338 536 3390 Luce
562 3337 695 3388 meridinna
719 3336 808 3388 τΙιτίοε
834 3346 880 3400 εει,
905 3337 950 3388 has
977 3350 1064 3402 preces
1087 3337 1235 3402 εοεαροεὶιιε
1253 3351 1308 3388 esse
1326 3339 1441 3400 flagrante
1458 3339 1615 3402 perseeutio-

333 3436 391 3472 οσιο
410 3423 475 3472 odio.

420 3503 445 3564 2)
464 3505 626 3568 chrysost.
646 3504 734 3555 nomn.
754 3503 770 3554 2
788 3505 818 3554 δε
836 3505 935 3555 obscur.
953 3505 1080 3570 propheta
1103 3501 1181 3574 κοινή
1196 3495 1299 3560 πάντες
1315 3499 1464 3561 ἀκούοντες
1479 3502 1528 3555 τοῦ
1545 3501 1614 3555 δια-

333 3581 427 3651 κόνου,
444 3585 523 3638 τοῦτο
540 3580 700 3644 κελεῦοντος
716 3583 764 3636 καλ
779 3585 917 3652 λέγοντος,
940 3583 1088 3656 δεηθῶμεν
1104 3583 1174 3656 ῦπέρ
1192 3587 1241 3639 τοῦ
1258 3579 1414 3638 ἐπισκόπου
1429 3589 1477 3638 καλ
1493 3587 1542 3640 τοῦ
1558 3585 1616 3657 γή-

334 3687 390 3740 ρως
404 3669 453 3722 καλ
469 3673 515 3734 τῆς
530 3663 704 3735 ἀντιλήψεως
719 3669 769 3720 καλ
784 3669 830 3720 ἵνα
848 3665 999 3740 δρθοτομῇ,
1025 3664 1074 3721 τὸν
1089 3666 1176 3738 λόγον
1193 3669 1239 3735 τῆς
1254 3666 1387 3736 ἀληθείας
1402 3670 1451 3724 καλ
1466 3666 1537 3738 ὑπὲρ
1556 3675 1616 3724 τῶν

335 3751 458 3805 ἐνταῦθα
475 3753 524 3804 καλ
540 3747 611 3823 ῦπέρ
628 3754 683 3803 τῶν
700 3747 872 3821 ἁπανταχοῦ,
890 3749 923 3804 οῦ
941 3757 1121 3820 πειρασεῖσθε
1140 3750 1278 3808 ποιεῖντὸ
1296 3754 1450 3825 ἐπίταγμα·
1468 3751 1536 3808 ἀλλά
1549 3753 1610 3822 μετ’

334 3836 471 3895 ἐκτενείας
487 3831 640 3906 ἀναηέρετε
657 3834 707 3900 τήν
723 3835 816 3905 εὐχὴν,
830 3831 935 3896 εἰδότες
950 3838 995 3903 τῆς
1011 3833 1145 3910 ῦμετέρας
1160 3835 1281 3892 συνόδου
1298 3837 1347 3906 τήν
1363 3836 1498 3911 δύναμιν·
1514 3841 1616 3892 ίσασιν

334 3922 363 3976 οί
379 3924 556 3991 μεμυημένοι
571 3916 604 3972 τά
620 3916 774 3992 λεγόμενα·
791 3923 823 3993 τῇ
838 3915 893 3990 γάρ
910 3919 977 3993 εάχῇ
992 3923 1048 3974 τοῖν
1063 3925 1280 3994 κατηχουμέτων
1295 3923 1406 3977 οῦδίπω
1421 3925 1501 3978 τοῦτο
1513 3922 1613 3978 ἐπιτέ-

334 4023 463 4074 τραπται,
479 4001 574 4070 ἐπειδή
598 4001 709 4058 αιἰδίπω
726 4001 799 4078 πρός
813 4006 863 4072 τήν
879 4005 1037 4077 παρρησίαν
1052 4005 1186 4076 ἔφθασαν
1202 4002 1317 4074 ταύτην·
1341 4003 1410 4078 ὑμῖν
1426 4007 1458 4062 δέ
1474 4008 1522 4060 καλ
1538 4004 1615 4078 ὑπὲρ

333 4091 381 4156 τῆς
405 4091 568 4160 οίκαυμίνης
588 4089 637 4141 καλ
658 4087 729 4160 ῦπέρ
752 4089 799 4157 τῆς
814 4089 968 4157 ἐκκλησίας,
992 4091 1042 4142 καλ
1056 4093 1140 4162 μέχρι
1156 4091 1286 4162 περάτων
1301 4095 1347 4158 τῆς
1363 4094 1414 4162 γῆς
1430 4092 1615 4162 ἐκτεταμένης
1668 4131 1669 4150 ,

332 4175 382 4228 ιεαλ
405 4170 477 4242 ῦπέρ
500 4175 556 4226 τῶν
577 4167 758 4228 διοικούντων
779 4169 866 4236 αῦτήν
889 4169 1051 4228 ἐπισκόπων
1073 4171 1209 4229 ἀπάντων
1230 4171 1446 4248 παριαελεῦεταε
1467 4181 1616 4230 ποιεῖσθαι

333 4255 383 4318 τάς
398 4255 506 4325 δεήσεις
522 4253 538 4312 6
555 4253 666 4318 ταῦταις
681 4257 821 4312 διακονῶν
837 4259 885 4311 καλ
901 4254 1054 4312 ῦπακοόετε
1071 4257 1144 4330 μετὰ
1166 4265 1327 4333 προθυμίας
1343 4261 1418 4332 ἐργρῖ
1432 4263 1616 4332 μαρτυροῦν-

334 4359 386 4409 τες,
410 4339 452 4396 ὅτι
473 4337 583 4416 μεγάλη
606 4343 651 4408 τῆς
672 4339 754 4410 εὐχῆς
775 4337 791 4408 ή
815 4340 935 4412 δύναμις
951 4345 997 4410 τῆς
1013 4342 1045 4397 ἐν
1060 4343 1189 4414 ἐκκλησίᾳ
1206 4341 1264 4399 ano·
1283 4348 1332 4400 τοῦ
1348 4341 1440 4418 δήμου
1456 4345 1618 4417 συμηόνως

335 4423 549 4498 ἀναφερομένης
566 4425 651 4480 ἐστίν.
685 4430 833 4482 Basilius
850 4431 895 4496 Ep.
913 4431 980 4482 2⁴1:
998 4457 1073 4470 --·
1085 4427 1156 4502 ῦπέρ
1174 4435 1229 4485 τῶν
1245 4429 1278 4484 ἐν
1293 4428 1463 4500 ἀποδημίαις
1478 4429 1617 4500 ἀδελφῶν

335 4507 461 4580 δεόμεθα
478 4513 525 4562 καί
542 4509 613 4581 ῦπέρ
630 4512 686 4564 τῶν
702 4510 735 4564 ἐν
750 4515 811 4572 ταῖς
826 4517 967 4580 στρατιαῖς
983 4512 1184 4586 ἐξεταζομένων
1199 4517 1249 4568 καλ
1264 4511 1335 4584 ῦτέρ
1352 4520 1407 4568 τῶν
1424 4515 1617 4585 παρρησιαζο-

334 4597 430 4665 μένων
447 4590 495 4648 διά
511 4591 540 4647 τό
559 4587 650 4666 ὄνομα
667 4599 765 4667 κυρίου
781 4597 830 4649 καὶ
846 4594 917 4665 ῦπέρ
939 4599 995 4650 ταῖν
1011 4594 1076 4659 τοῦς
1093 4599 1297 4674 πνευματικός
1311 4595 1436 4672 κόρπους
1452 4599 1617 4654 ἐπιδεικνυ-

332 4683 430 4750 μένων
446 4677 478 4732 ἐν
495 4679 527 4752 τῇ
543 4675 609 4750 ἀγίρ
625 4679 756 4750 ἐκκλησία
773 4677 821 4741 τάς
836 4677 919 4750 εῦχάς
935 4679 1104 4756 ποιοίμεθα.
