3394 5308
923 443 946 516 6

288 637 335 697 die
355 629 561 712 tenemento
582 629 756 694 christliche
769 627 844 692 Welt
857 639 1000 711 uersorgt
1012 633 1079 694 oud
1091 633 1125 694 irs
1140 629 1247 703 lettre,
1271 627 1573 711 lupeedunterrs‘obt,

288 740 329 798 sia
352 733 453 806 dedet,
486 737 520 795 irs
540 731 787 814 lobpres'surspeo
814 731 896 793 berz
925 735 958 796 sit
987 733 1051 795 dem
1077 751 1198 813 ponzen
1223 733 1353 814 dirigere
1373 734 1482 799 Kreise
1514 737 1574 800 der

286 835 426 916 llele'pe'otr
447 835 635 898 unberotlsere
655 833 793 914 gelescere
815 833 953 897 butteo.“
1005 833 1116 896 Similia
1145 833 1222 915 apud
1244 835 1424 897 vetustiores
1446 835 1571 898 theolo-

287 957 342 1019 gos
365 935 532 999 sexcenties
555 943 724 998 occurrunt.
766 935 859 1016 lgitur
880 944 1114 1029 cousentapeum
1136 945 1215 1012 erat,
1237 935 1301 998 illas
1322 936 1472 1017 liturgias,
1495 957 1570 1019 per-

286 1057 389 1121 peram
412 1037 555 1118 apostolis
577 1037 719 1112 tributas,
752 1035 794 1098 ita
820 1036 856 1099 ad
886 1055 957 1102 suae
986 1038 1082 1118 gentis
1110 1037 1239 1118 palatum
1260 1040 1502 1114 accommodare,
1537 1049 1574 1102 ut

287 1140 399 1222 quarti,
429 1139 525 1220 quinti
552 1139 598 1201 vel
620 1139 696 1202 sexti
723 1137 833 1201 suendi
865 1157 942 1220 opus
976 1159 1045 1202 csse
1075 1139 1322 1202 demonstrarent.
1374 1141 1461 1202 Aliud
1497 1143 1573 1221 quid

288 1261 347 1323 quo
369 1240 481 1303 nodum
504 1241 671 1320 expediret,
694 1241 870 1320 excogitavit
890 1241 1025 1303 Andreae
1040 1241 1135 1304 Rireti
1157 1243 1256 1316 mcor,
1279 1242 1412 1304 docendo
1434 1242 1572 1323 dutrgias

287 1344 324 1406 ab
347 1345 413 1424 ipso
436 1341 617 1404 Antichristo
641 1343 783 1404 conflatas
806 1361 884 1405 esse.
922 1342 1039 1405 Etenim
1061 1344 1112 1424 qui
1134 1344 1223 1406 buius
1246 1342 1367 1405 turturis
1391 1353 1461 1405 suut
1482 1345 1570 1407 lana-

289 1445 354 1518 tici,
378 1445 457 1524 quod
480 1444 538 1506 sibi
560 1444 732 1506 adversatur
753 1452 840 1524 atque
862 1443 1023 1518 obnititur,
1051 1445 1110 1508 boc
1129 1445 1242 1507 diaboli
1264 1454 1464 1508 commentum
1485 1463 1572 1509 nun-

288 1565 396 1628 cupare
419 1545 518 1608 solent
539 1553 626 1624 atque
648 1544 756 1607 interni
777 1547 963 1626 progeniem.
972 1546 992 1623 ¹)

373 1647 472 1721 Nunc,
502 1655 531 1708 et
558 1645 669 1726 Scyllae
700 1655 729 1708 et
756 1645 917 1728 Charybdis
938 1647 1103 1727 gurgitibus
1133 1647 1282 1722 ostensis,
1323 1648 1510 1728 postulamur
1537 1659 1573 1713 ut

288 1768 352 1813 eam
362 1749 451 1830 xviam
466 1748 568 1829 paucis
587 1747 754 1828 aperiamus
770 1767 859 1829 quam
871 1767 929 1812 nos
947 1749 1081 1810 ducimus
1098 1768 1166 1811 esso
1179 1757 1291 1812 rectam
1307 1758 1461 1813 ettreram.
1493 1750 1573 1814 Ante

287 1851 385 1913 omnia
407 1850 534 1912 tenenda
550 1849 606 1912 erit
620 1849 842 1929 praetermissis
857 1847 1205 1932 ψευδοπνευματικῶν,
1228 1860 1347 1932 praeter
1360 1861 1494 1914 naturam
1509 1853 1571 1915 bo·

286 1951 376 2014 minis
398 1951 612 2031 disputantium
631 1951 911 2028 declamationibus,
934 1951 1009 2013 ritus
1032 1951 1123 2014 divini
1145 1971 1180 2014 ac
1201 1953 1446 2015 caerimoniarum
1469 1954 1571 2034 digni-

286 2061 334 2115 tas
361 2061 391 2116 et
419 2053 624 2130 necessitas.²)
668 2053 848 2132 Apostolos,
879 2052 1005 2115 Iudaicis
1032 2053 1227 2133 religionibus
1260 2062 1416 2129 assuetos,
1456 2063 1571 2118 tantum

288 2155 373 2217 abest
406 2163 440 2216 ut
468 2173 485 2215 a
513 2155 593 2215 curis
625 2152 771 2233 liturgicis
804 2153 987 2216 abstinuisse
1021 2154 1193 2230 credamus,
1228 2163 1260 2218 ut
1292 2157 1353 2218 reri
1385 2155 1570 2220 simillimum

288 2256 342 2329 sit,
378 2273 430 2316 eos
460 2254 566 2315 retibus
597 2271 715 2334 quoque
744 2255 874 2317 externis
902 2262 1045 2319 attentum
1075 2256 1205 2319 animum
1234 2257 1437 2335 advertisse.⁸)
1487 2259 1573 2322 Facit

286 2355 443 2418 uobiscum
466 2355 659 2418 Thiarschius
681 2355 759 2417 Hist.
781 2355 860 2418 Ecol.
883 2357 905 2418 l.
927 2375 957 2438 p.
970 2359 1033 2422 tea
1063 2391 1134 2431 ‚,-
1154 2360 1235 2422 Ater
1255 2361 1333 2422 οιισΙι
1355 2361 1451 2440 dofris
1473 2359 1573 2424 leuben

287 2462 348 2520 tos'r
369 2457 478 2534 Gruud
497 2477 607 2539 pmup,
639 2459 697 2520 ders
720 2457 826 2520 Cultus
849 2475 911 2522 zur
932 2459 994 2522 Zeit
1016 2459 1066 2521 des
1088 2460 1243 2524 loboooes
1272 2464 1342 2522 coeit
1361 2460 1480 2524 ret'clser
1502 2472 1572 2526 etst-

287 2558 405 2622 wtctetr
425 2579 467 2621 zu
490 2559 619 2632 doulon,
650 2559 697 2621 ola
728 2561 774 2622 die
802 2559 1004 2640 peudbolt'cbe
1023 2561 1227 2624 teristrolsle'clse
1251 2561 1444 2642 Vorstellursp
1465 2567 1570 2628 merist.

287 2661 329 2724 Es
352 2662 465 2742 erpiebt
486 2662 550 2723 siclt
571 2679 632 2723 vore
653 2660 756 2736 selbot,
779 2680 867 2724 uersu
882 2663 928 2724 die
941 2665 1019 2725 zuei
1031 2663 1125 2726 sebon
1140 2665 1215 2726 rbere
1229 2665 1444 2745 cupedeuteteu
1460 2664 1572 2728 Wobr-

289 2763 386 2826 bee'teu
419 2763 512 2824 actore
545 2763 661 2826 domolo
695 2763 749 2825 der
776 2762 887 2825 Κίσσον
916 2783 989 2826 sum
1016 2763 1222 2828 Remusstscs'u
1246 2766 1417 2847 getremmon
1444 2785 1571 2831 morea:

289 2865 359 2927 dass
387 2865 434 2927 die
459 2865 623 2944 pottlicbeu
645 2863 872 2945 Anordounpeo
899 2869 932 2927 iu
960 2865 1013 2927 der
1039 2865 1150 2929 Kircbc
1177 2871 1334 2930 eiuerseits
1366 2871 1413 2930 tite
1442 2867 1572 2933 doleres

287 2965 452 3046 petatlicltes
476 2967 632 3046 Auologou
654 2985 695 3029 zu
718 2967 811 3028 denec
841 2967 890 3028 dee
912 2966 1002 3029 Altera
1027 2967 1224 3031 Tertomeutes
1247 2969 1324 3044 siud,
1346 2971 1411 3032 uod
1432 2971 1503 3033 dces
1526 2977 1572 3036 sie

287 3068 476 3129 oodrerseits
499 3066 591 3130 selbot
612 3067 676 3129 siole
697 3067 744 3130 ola
765 3067 932 3131 aiclrtbores
953 3067 1060 3132 ateste
1080 3089 1122 3131 zu
1144 3074 1228 3132 ct'rser
1250 3070 1453 3134 Almmlt'scbers
1467 3071 1570 3154 Solig-

288 3167 348 3231 lseit
375 3167 544 3230 uerlolteu.
598 3168 670 3230 Wor
698 3170 767 3240 dos,
800 3174 854 3232 soie
882 3169 965 3232 uiolet
993 3187 1035 3232 σοι
1063 3171 1220 3250 zmeiselo,
1258 3191 1300 3234 τοι
1323 3177 1424 3234 aanor
1445 3173 1508 3236 Zcit
1528 3179 1571 3238 ιἰιι

358 3439 382 3498 1)
400 3439 452 3489 lluc
469 3441 573 3502 pertinet
590 3440 697 3490 Nealii
717 3443 794 3491 ironia
812 3441 1017 3492 adlienaldotium
1035 3441 1160 3491 alludens:
1180 3442 1270 3492 Tetral.
1288 3442 1333 3492 Lit.
1352 3458 1376 3506 p.
1386 3443 1455 3494 xxtv
1473 3469 1569 3506 „--—

288 3521 419 3572 Honestius
437 3537 495 3571 sane
514 3531 537 3574 et
554 3524 707 3588 philosophis
725 3523 820 3586 dignius
845 3526 909 3574 toret
927 3525 1077 3574 Calrinianos
1102 3525 1132 3575 ad
1155 3525 1215 3576 baec
1242 3527 1294 3591 ipsa
1320 3527 1400 3578 olltcia
1425 3542 1569 3592 provocare,

289 3606 357 3670 quasi
376 3605 423 3654 iam
442 3605 465 3655 io
490 3608 587 3656 saeculo
612 3608 682 3657 tertio
707 3616 835 3673 corruptae
858 3609 995 3659 testimonia
1020 3609 1142 3659 doctrinae
1172 3619 1200 3660 et
1224 3611 1385 3674 vagientis
1409 3613 1513 3664 adbuc
1536 3614 1568 3665 in

289 3689 463 3740 cunabulis
482 3691 529 3754 pri
541 3691 661 3741 mordis
680 3693 903 3743 Antichristi.⁸‘
938 3693 1055 3744 'thiersch
1073 3695 1199 3758 llircbeng.
1219 3696 1296 3746 Praei.
1315 3696 1345 3746 tx
1363 3696 1424 3758 „bie
1442 3697 1569 3750 leierlicbe

288 3773 413 3837 Aubetung
431 3775 523 3836 Gottes,
548 3775 587 3826 die
605 3775 755 3840 ebrwdrdigo
773 3777 875 3841 Strengo
892 3778 935 3829 der
953 3779 1029 3830 Zuobt
1052 3779 1100 3830 und
1124 3781 1163 3830 die
1181 3779 1299 3830 Artorius
1322 3781 1424 3844 beiliger
1442 3781 1568 3834 Ueberlio·

288 3861 374 3922 lerong
391 3875 471 3910 waren
491 3861 534 3910 der
551 3861 638 3911 llircbe
656 3861 804 3924 tresentlicb,
827 3877 873 3914 ron
890 3864 983 3926 Anteng
999 3878 1038 3914 an.
1073 3865 1120 3914 lias
1139 3864 1234 3928 Prinoip
1253 3865 1296 3914 der
1315 3865 1431 3928 Ordouug
1452 3867 1484 3916 ist
1501 3868 1568 3920 nieht

288 3952 339 3994 erat
357 3943 432 3994 dorclt
449 3945 587 3995 romischcn
606 3946 794 3997 Hcrrsobersinn
819 3949 879 3998 oder
902 3948 978 3998 durch
1003 3947 1187 3999 aulkeimenden
1206 3949 1358 3999 Plallenstolt
1382 3951 1406 4000 in
1430 3951 1465 4000 sie
1483 3951 1567 4005 hineiu

288 4027 458 4092 geltommeu.“
495 4029 637 4094 Hippolytus
656 4033 717 4082 inter
735 4033 802 4095 signa
819 4031 956 4083 Antichristi
974 4035 1063 4083 refert:
1082 4027 1097 4093 ἦ
1115 4027 1280 4098 Λειτουργία
1297 4027 1486 4098 σβεσθῆσεται.

356 4111 381 4172 2)
400 4113 517 4163 Conleras
536 4129 596 4179 quae
614 4115 786 4180 disputavimus
805 4117 864 4167 Cod.
881 4118 927 4168 Lit.
945 4117 996 4168 Vol.
1011 4117 1052 4167 lll.
1071 4117 1167 4182 pbsq.

356 4193 382 4256 3)
399 4197 463 4247 Sane
480 4199 559 4248 omnis
577 4201 683 4250 omnium
702 4201 851 4264 liturgiarum
877 4202 932 4253 lons
949 4204 1049 4254 scaturit
1067 4217 1095 4252 ox
1112 4203 1153 4252 illa
1172 4217 1228 4253 roca
1246 4203 1345 4253 Paulina
1362 4204 1437 4254 lGor.
1450 4203 1567 4264 illud:

287 4271 380 4328 πάντα
403 4271 579 4349 εὐσχημόνως
601 4279 647 4332 καὶ
670 4279 740 4334 κατὰ
756 4279 835 4343 τάξιν
856 4283 986 4352 γινέσθω.
1036 4287 1102 4337 Adde
1133 4287 1291 4353 apostolicum
1316 4291 1392 4338 virum
1416 4287 1567 4342 Clementem

288 4365 307 4414 l.
326 4365 396 4429 epist.
417 4367 446 4416 ad
464 4367 573 4422 Corinth.
591 4369 610 4431 l,
625 4369 659 4420 to
682 4361 774 4419 πάντα
790 4361 866 4427 τάξει
881 4371 970 4421 ποιεῖν
988 4363 1149 4439 ὀφείλομεν,
1177 4363 1229 4420 ὅσα
1247 4364 1261 4419 ὅ
1280 4367 1413 4432 δεσπότης
1435 4365 1568 4423 ἐπιτελεῖν

287 4441 423 4500 ἐτέλεσσεν
439 4447 509 4500 κατὰ
526 4447 636 4520 καιροὺς
653 4451 834 4522 τεταγμένους
852 4449 901 4510 τάς
917 4472 948 4507 τε
958 4450 1179 4524 προσφορὰςιιαὶ
1190 4451 1360 4524 λειτουργίας
1371 4450 1562 4516 ἐπιτελεῖσθαι,

287 4527 334 4581 καὶ
352 4527 401 4584 οὖν
418 4528 475 4597 εἰκῆ
493 4531 508 4598 ἢ
528 4529 650 4594 ἀτάκτως
666 4534 808 4604 γίνεσθαι,
836 4533 897 4590 ttt’
917 4535 1079 4610 ὡρισμένοις
1103 4541 1209 4609 καιροῖς
1224 4537 1270 4591 καὶ
1288 4534 1380 4611 ὥραις.
1406 4567 1441 4578 -
1465 4534 1493 4591 οἱ
1516 4530 1567 4592 οὖν

287 4619 347 4672 τοῖς
363 4619 612 4690 προστεταγμένοις
628 4623 734 4695 καιροῖς
751 4625 893 4682 ποιοῦντες
910 4623 959 4683 τὰς
975 4621 1141 4696 προσφορὰς
1153 4619 1251 4684 adesir,
1272 4619 1467 4696 edupdodexros'
1477 4641 1507 4680 τε
1518 4621 1567 4678 stoi

287 4719 430 4775 μοκαριοι.
