3368 5308
713 449 787 524 495

106 627 376 760 ε’κζήιησον,ί
379 627 597 758 ξερεόνησον
629 629 693 706 καὶ
726 632 910 708 ὐπὲλασον
948 632 1013 708 ὐπ’
1045 633 1162 708 αὐτοῦ
1188 628 1312 708 πάντα
1337 632 1386 708 τά

105 731 349 861 ἐνεργήματα
375 743 441 808 τοῦ
468 729 660 830 διαβόλου.
681 733 918 831 Ἐπιτίμησον
935 740 1011 818 τοῖς
1028 731 1258 829 ἀκαθάρτοις
1274 733 1386 810 πνεό-

105 859 207 930 μασι
246 863 310 961 και
297 831 471 921 δίωξον
499 833 608 923 αὐτὰ,
634 833 697 909 καὶ
721 833 934 964 καθάρισον
959 835 1005 910 τά
1031 837 1134 964 ἔργα
1147 843 1225 910 τῶν
1246 845 1386 931 χειριῦν

107 935 302 1012 σου·καί
334 945 380 1034 τή
395 935 504 1066 ὀξείᾳ
530 959 599 1012 σου
622 933 854 1065 χρησάμενος
879 935 1054 1065 ἐνεργείᾳ,
1087 934 1294 1035 σόντριιγον
1318 937 1386 1012 τύν

108 1046 304 1112 Σατανᾶν
335 1037 408 1112 ὑπὸ
439 1037 527 1121 τούς
560 1033 677 1121 πόδας
710 1039 827 1114 αὐτοῦ
861 1042 902 1113 ἐν
879 1037 1039 1133 ντάχει.
1091 1039 1165 1113 Καὶ
1191 1038 1256 1122 δὸς
1282 1040 1385 1166 αὐτῷ

107 1137 221 1224 νίκας
253 1141 338 1213 κατ’
369 1139 500 1227 αὐτοῦ,
533 1139 596 1213 καὶ
628 1146 707 1214 τιῦν
739 1136 971 1265 ἀκαθάρτων
1004 1139 1122 1216 αὐτοῦ
1148 1138 1383 1234 πνευμάτων.

115 1245 234 1364 (6169
257 1249 326 1315 τοῦ
320 1239 451 1370 6666
478 1247 548 1316 σοῦ
572 1240 693 1324 ἐλέους
716 1237 928 1368 τυγχάνων,
954 1244 1171 1369 καταξιωθῇ
1188 1249 1267 1316 τῶν
1284 1241 1385 1316 ἀθα-

108 1339 243 1417 νάτων
268 1341 333 1416 καί
357 1340 591 1469 ἐπουρανίων
617 1367 685 1415 σου
706 1341 938 1470 μυστηρίων.
976 1343 1051 1470 Καὶ
1076 1341 1191 1428 δόξαν
1214 1368 1272 1419 σοι
1291 1345 1386 1419 ἀνα-

108 1443 261 1572 πέμψῃ
270 1453 324 1540 τῷ
350 1441 476 1569 66666,
510 1441 650 1539 καὶτῷ
677 1444 762 1540 υἱῷ,
796 1443 859 1518 καὶ
884 1451 938 1542 66
965 1442 1060 1546 ἁγίῳ
1085 1443 1280 1540 πνεύματι,
1314 1452 1386 1520 νῦν

107 1545 176 1619 καὶ
203 1542 276 1633 ἀεὶ,
302 1542 365 1619 καὶ
391 1548 441 1628 εἰς
465 1544 552 1627 τούς
578 1515 718 1628 αἰῶνας
743 1552 820 1620 τῶν
844 1543 1005 1638 αἰαίνων.

516 1683 591 1754 Τοῦ
616 1677 760 1776 Κυρίου
786 1678 995 1775 δεηθῦμεν.

192 1795 238 1873 ‘0
271 1794 328 1871 ὢν
360 1794 533 1924 δέσποτα,
566 1793 692 1894 Κύριε,
726 1795 745 1872 6
779 1794 933 1892 ποιήσας
965 1798 1032 1871 τὸν
1065 1798 1274 1892 ἄνθρωπον
1298 1799 1382 1872 κατ’

109 1894 241 1974 εἰκόνα
277 1897 348 1996 σήν
384 1897 448 1974 καί
484 1897 784 1993 ὁμοίωσιν,καί
817 1896 908 1982 δοὺς
943 1897 1048 2023 6666
1084 1897 1255 1982 ἐξουσίαν
1292 1899 1388 1995 ζωῆς

111 1998 291 2075 αἰωνίου·
319 1997 438 2073 είτα’
423 1996 625 2074 εκπεσόντα
650 1998 713 2074 διὰ
739 2008 804 2096 τῆς
826 1999 1010 2097 ἁμαρτίας
1029 2027 1080 2094 μη
1067 1997 1281 2092 παριδών,
1309 2001 1382 2129 ἀλλ’

112 2095 361 2197 οἰκονομήσας
368 2099 456 2176 διὰ
489 2109 554 2198 τῆς
584 2098 904 2230 ἐνανθρωπήσαρς
936 2109 1004 2175 τοῦ
1028 2106 1197 2197 Χριστοῦ
1224 2126 1293 2175 σου
1319 2101 1388 2198 τὴν

113 2201 305 2298 σωτηρίαν
330 2211 399 2277 τοῦ
424 2199 579 2290 κόσαοα,
616 2201 729 2286 αὐτὸς
752 2202 816 2277 καὶ
841 2201 883 2276 τὸ
910 2199 1064 2299 πλάσμα
1090 2228 1159 2277 σου
1185 2210 1296 2278 τοῦτο
1321 2211 1388 2277 λυ-

112 2301 428 2400 τρωσάμενοςίκ
460 2313 524 2399 τῆς
549 2303 718 2388 δουλείας
742 2311 809 2378 τοῦ
836 2305 991 2398 ἐχθροῦ,
1027 2297 1220 2430 πρόςδεξριι
1244 2308 1295 2387 εἰς
1319 2305 1388 2401 τὴν

112 2404 313 2534 βασιλείαν
339 2430 408 2480 σου
432 2405 502 2501 τήν
524 2403 757 2503 ἐπουράνιον.
784 2404 983 2490 Διάνοιξον
1000 2404 1117 2480 αὐτοῦ
1135 2405 1222 2488 τούς
1238 2406 1388 2503 ὀφθαλ-

112 2507 211 2604 αούς
243 2515 308 2602 τῆς
341 2505 521 2595 διανοίας,
554 2511 605 2590 εἰς
636 2509 678 2580 τὸ
713 2503 876 2608 αὐγάσαι
902 2510 943 2581 ἐν
968 2507 1071 2602 αὐτῷ
1097 2506 1165 2579 τὸν
1190 2506 1387 2604 φωτισμὸν

113 2617 182 2684 τοῦ
218 2606 434 2734 εὐαγγελίου
467 2634 546 2736 σου.
578 2605 780 2736 Σόζεαξον
804 2616 850 2704 τῇ
878 2607 953 2703 ζωῇ
981 2607 1098 2682 αὐτοῦ
1124 2609 1282 2708 ἄγγελον
1307 2635 1388 2706 φω-

112 2709 305 2798 τεινὸν,(
286 2706 469 2838 ρυήμενον
501 2709 618 2786 αὐτὸν
651 2709 724 2784 ἀπὸ
757 2705 876 2836 πάσης
907 2710 1103 2837 ἐπιβουλῆς
1136 2717 1203 2784 τοῦ
1230 2709 1388 2786 άντικει-

114 2813 247 2906 με’νου,
281 2811 354 2886 ἀπὸ
389 2807 671 2936 συναντήματος
702 2819 880 2908 πονηροῦ,
915 2809 990 2886 ἀπὸ
1023 2809 1222 2906 δαιμαοιίου
1247 2837 1389 2908 μεσημ-

114 2914 316 3011 βρινοῦ,’
296 2911 370 2987 απὸ
396 2909 679 3010 φαντασμάτων
703 2921 890 3052 πονηρῶν.

203 3027 275 3097 Καὶ
301 3028 437 3120 ἐμφυσᾷ
464 3024 566 3096 αὐτοῦ
594 3025 613 3095 6
642 3025 747 3116 ίερεύς
773 3027 812 3094 τὸ
841 3026 965 3112 στόμα,
1000 3025 1039 3095 τὸ
1075 3027 1233 3112 μέτωπον
1266 3027 1324 3096 καί
1349 3026 1388 3095 τὸ

118 3134 259 3219 στῆθος,
282 3127 399 3217 λέγων·

195 3231 433 3318 Ἔξίλασον’
413 3233 477 3306 ατί
509 3230 626 3307 αὐτοῦ
651 3239 729 3305 πᾶν
754 3228 918 3326 πονηρὸν
942 3229 1005 3304 καί
1030 3226 1252 3326 ἀκάθαρτον
1277 3237 1388 3305 πνεῦ-

117 3361 187 3429 μα,
214 3334 482 3427 κεκρυμμένον,
507 3333 570 3407 καὶ
595 3337 813 3455 ἐμφωλεῦον
840 3331 957 3407 αὐτοῦ
983 3339 1028 3424 τῇ
1054 3331 1202 3429 καρδίη.

203 3432 275 3500 Καὶ
296 3433 385 3519 λέγει
405 3438 504 3500 τοῦτο
526 3459 562 3500 εκ
582 3430 705 3520 τρίτου.

203 3525 366 3646 Πνεῦαα
400 3517 560 3614 πλάνης,
596 3526 743 3613 πνεῦμα
778 3515 975 3644 πονηρίας,
1011 3523 1158 3611 πνεῦαα
1193 3515 1390 3644 εἰδωληλα-

117 3619 241 3718 τρείας
281 3621 344 3696 καὶ
385 3616 504 3717 πάσης
534 3619 757 3704 πλεονεξίας·
803 3627 950 3747 πνεῦμα
966 3615 1145 3744 ψεύδους
1177 3618 1240 3692 καὶ
1272 3614 1391 3713 πάσης

119 3722 373 3850 ἀκαθαρσίας,
408 3730 473 3818 τῆς
507 3722 771 3850 ἐνεργουμένης
805 3720 901 3796 κατὰ
936 3717 1004 3815 τὴν
1040 3718 1287 3795 διδασκαλίαν
1322 3725 1390 3794 τοῦ

120 3820 314 3951 διαβόλου
356 3824 430 3897 Καὶ
461 3822 616 3920 ποίησον
650 3821 766 3896 αὐτὸν
799 3819 993 3948 πρόβατον
1019 3821 1168 3924 λογικὸν
1193 3829 1257 3918 τῆς
1282 3819 1390 3946 άγήρις

120 3928 280 4022 ποίμνης
303 3931 372 4000 τοῦ
397 3928 566 4021 Χριστοῦ
592 3949 673 4012 σου,
700 3923 807 4050 μέλος
832 3925 957 4052 τίμιογ
981 3930 1046 4019 τῆς
1070 3922 1272 4053 ἐκηληρίας,
1306 3920 1390 3994 υίὸν

119 4027 183 4102 καί
215 4022 448 4154 κληρονόμρν
479 4033 544 4122 τῆς
573 4021 764 4154 βασιλείας
795 4049 874 4100 σου.
917 4021 997 4100 Ἵνα
1030 4024 1125 4100 κατὰ
1150 4023 1218 4107 τάς
1241 4025 1392 4104 ἐντολάς

121 4154 190 4204 σου
217 4123 524 4255 πολιτευσάμενος
563 4125 626 4202 καὶ
652 4124 821 4254 φυλάξας
842 4124 911 4221 τὴν
937 4123 1130 4254 σφραγῖδα
1155 4127 1390 4250 ἄθραυστον,

120 4231 184 4305 καὶ
217 4225 442 4356 διατηρήσας
472 4227 541 4304 τὸν
569 4237 713 4325 χιτῶνα
746 4224 971 4322 ἀμόλυντον,
1004 4227 1096 4322 τόχη
1122 4234 1186 4322 τῆς
1209 4219 1391 4321 μακαριό-

122 4361 231 4428 τητος
254 4339 332 4406 τῶν
357 4329 478 4432 ἁγίων
504 4333 546 4406 ἰν
570 4337 614 4426 τῆ
640 4327 811 4425 βασιλεία
837 4352 918 4404 σου.

581 4458 755 4552 Ἐκφιόνως
776 4455 828 4528 6‘
818 4460 934 4548 ιερεύς.

203 4560 344 4694 Χάριτι
368 4565 432 4643 καὶ
458 4569 672 4694 οἰκτιρμοῖς,
696 4564 760 4639 καί
787 4560 1055 4690 φιλανθρωπίη
1080 4568 1148 4635 τοῦ
1116 4567 1394 4690 μονογενοῦς

125 4693 192 4744 σου
218 4669 318 4758 υἱοῦ,
343 4669 433 4765 μεθ
465 4661 510 4744 οὗ
535 4665 729 4766 εὐλογητὸς
754 4664 797 4756 εἰ,
825 4665 897 4741 οὐν
913 4672 967 4763 τῷ
983 4663 1156 4765 παναγίῳ
1172 4691 1235 4738 και
1223 4662 1391 4767 αγαθῷ
