3416 5290
701 385 774 460 653

183 564 281 652 Πρὸς
315 559 523 656 Κορινθίους
556 562 738 655 ἐπιστολῆς
771 561 912 635 Παύλου
953 564 994 635 τὸ
1029 560 1229 654 ἀνάγνωσμα
1265 569 1377 635 leur.-

100 689 127 734 0.
143 670 466 858 10ἰάλληλίουίάριον.
513 766 610 890 Φωνὴ
633 763 761 856 Κυρίου
781 767 844 838 ἐπὶ
864 764 1005 838 ὐδάτων.

181 863 312 952 Στίχος.
352 863 501 950 ὉΘεύς
521 873 582 957 τῆς
602 865 710 957 δόξης.

181 965 388 1056 Εὐαγγίλιον
408 967 445 1038 λιι
464 975 525 1037 τοῦ
544 968 630 1037 κατά
650 966 795 1057 Μάρκον
815 993 842 1038 σ.
860 979 888 1052 1,
903 977 1020 1040 9-11.

183 1065 410 1150 Ὁδιάιιονος.
451 1065 555 1138 ’Er‘
524 1066 635 1194 ειρήνη
659 1076 722 1139 τοῦ
741 1069 869 1160 Κυρίου
891 1072 1074 1162 δεηθῶμεν.

179 1166 287 1258 Ὑπὲρ
308 1177 367 1260 τῆς
389 1164 520 1240 ἀνωθεν
541 1169 681 1296 εἰρήνης.

178 1268 286 1360 Ὑπὲρ
307 1279 367 1362 τῆς
387 1269 517 1364 εἰρήνης
536 1279 597 1342 τοῦ
618 1271 821 1359 σύμπαντος.

179 1369 288 1463 Ὑπὲρ
308 1379 369 1442 τοῦ
390 1371 488 1461 ἀγίου
508 1369 603 1442 οίκου
623 1372 755 1446 τούτου.

179 1470 287 1562 Ὑπὲρ
307 1481 369 1542 τοῦ
390 1471 667 1560 ἀρχιεπισιιάπου.

179 1571 288 1662 Ὑπὲρ
308 1581 368 1665 τῆς
389 1571 487 1662 §yios
506 1581 621 1664 μονῆς.

177 1671 286 1764 Ὑπὲρ
307 1673 484 1766 εὐκρασίας
503 1673 622 1764 ἀέρων,
644 1673 815 1767 εὐπορίας.

179 1773 287 1866 Ὑπὲρ
310 1775 490 1862 πλεόντων,
512 1775 816 1867 δδοιπορούντων.·

177 1875 286 1966 Ὑπὲρ
306 1886 367 1948 τοῦ
389 1877 596 1969 ἀγιασθῆναι
615 1880 659 1948 τὰ
679 1878 787 1948 ὐδατα
807 1885 912 1948 ταῦτα
932 1885 973 1968 vs*
995 1874 1135 1965 δυνάμει
1154 1877 1213 1947 καί
1226 1876 1374 1972 ἐνεργείᾳ

96 1979 153 2048 ναί
173 1979 397 2070 ἐπιφοιτήσει
416 1989 477 2050 τοῦ
498 1977 594 2069 ἀγίου
615 1979 815 2066 πνεύματος,
836 1987 897 2049 τοῦ
917 1978 1046 2068 Κυρίου
1068 1981 1255 2070 δεηθῶμεν.

178 2078 286 2169 Ὑπὲρ
307 2089 368 2151 τοῦ
388 2089 639 2173 καταφοιτήσαι
658 2087 731 2162 τοῖς
744 2081 845 2154 ὕδασι
858 2079 1001 2162 τούτοις,
1023 2081 1083 2170 τήν
1095 2081 1302 2170 ιιαθαρτινήν
1315 2087 1376 2172 τής

98 2177 302 2272 ἀπερουσίου
322 2181 461 2272 τριάδος
481 2183 657 2272 ὲνὲργειαν,
673 2190 739 2270 ,τοῦ
759 2181 887 2273 Κυρίου
909 2185 1094 2272 δεηθῶμεν.

179 2281 285 2370 Ὑπὲρ
306 2291 367 2354 τοῦ
390 2287 586 2376 δωρηθῆναι
607 2282 723 2365 αὐτοῖς
745 2287 805 2374 τὴν
823 2283 920 2373 χάριν
939 2289 999 2373 τῆς
1020 2280 1293 2371 ἀπολυτρώσεως,
1315 2282 1375 2374 τὴν

98 2381 253 2476 εὐλογίαν
273 2393 335 2456 τοῦ
354 2383 532 2474 Ἰορδάνου,
553 2394 595 2480 τῇ
615 2385 754 2475 δυνάμει
774 2387 831 2455 ναί
852 2384 999 2477 ίνεργιίρ
1012 2384 1069 2454 καί
1083 2381 1302 2476 ἐπιφοιτήσει
1313 2392 1375 2454 τοῦ

99 2481 197 2574 άγίου
219 2484 419 2573 πνεύματος,
440 2494 501 2556 τοῦ
522 2488 650 2577 Κυρίου
672 2489 856 2577 δεηθῶμεν.

181 2585 285 2676 Ὑπὲρ
313 2596 374 2676 τοῦ
401 2597 618 2680 φωτιυθῆναι
642 2587 731 2680 ήμᾶς
751 2589 926 2681 φωτισμὸν
945 2585 1097 2678 γνώσεως
1111 2587 1173 2656 ναί
1193 2583 1374 2673 εὐσεβείας,

99 2687 156 2756 διὰ
178 2695 241 2780 τῆς
261 2689 511 2782 ὲπιφοιτήσεως
530 2699 591 2761 τοί
612 2689 709 2780 άγίου
730 2690 930 2778 πνεύματος,
957 2697 1018 2760 τοῦ
1038 2689 1166 2778 Κυρίου
1188 2692 1374 2781 δεηθῶμεν.

181 2786 286 2878 Ὑπὲρ
313 2799 374 2860 τοῦ
399 2799 580 2882 γενηθῆναι
601 2795 640 2862 τὸ
663 2792 752 2880 ὕδωρ
773 2799 872 2860 τοῦτο
894 2789 1060 2878 ἀγιασμοῦ
1082 2793 1198 2876 δῶρον,
1227 2788 1376 2881 ἀμαρτη-

95 2887 215 2974 μάτων
235 2889 400 2980 λυτήριον,
422 2891 471 2972 είς
491 2890 584 2962 ίασιν
603 2901 714 2984 ψυχῆς
733 2893 791 2962 καί
810 2889 967 2978 σώματος
992 2891 1050 2960 καί
1070 2898 1185 2958 πᾶσαν
1206 2888 1375 2982 ὠφέλειαν

97 2987 305 3078 ἐπιτήδειον,
326 2999 387 3059 τοῦ
407 2991 535 3080 Κυρίου
557 2995 742 3080 δεηθῶμεν.

25 3147 28 3154 ,
182 3086 286 3179 Ὑπὲρ
307 3097 368 3159 τοῦ
388 3093 548 3181 γενέσθαι
570 3091 651 3161 αὐτὸ
673 3092 762 3180 ύδωρ
784 3089 967 3176 άλλόμενον
983 3088 1033 3172 είς
1047 3089 1132 3179 ζωὴν
1146 3087 1293 3172 αίιύνιον,
1314 3099 1375 3160 τοῦ

97 3187 229 3281 Κυρίου
252 3194 437 3284 δεηθῶμεν.

183 3289 286 3382 Ὑπὲρ
314 3301 375 3363 τοῦ
402 3291 645 3384 ἀναδειχθῆναι
672 3289 754 3362 αὐτδ
790 3289 1025 3382 ἀποτρόπαιον
1052 3289 1164 3382 πάσης
1191 3291 1375 3383 ἀπιβουλής

99 3390 231 3483 ὁρατῶν
250 3395 308 3464 καί
329 3392 481 3484 ἀοράτων
503 3396 642 3486 ἐχθρῶν,
664 3401 724 3466 τοῦ
745 3393 874 3485 Κυρίου
896 3397 1080 3484 δεηθῶμεν.

183 3493 286 3584 Ὑπὲρ
314 3504 379 3566 τῶν
408 3494 612 3566 ἀνελούντων
632 3498 690 3566 καί
711 3494 901 3585 ἀρυομένων
921 3494 971 3577 εἰς
991 3493 1156 3584 ἀγιασμάν
1177 3491 1286 3578 σ’ίιιων,
1314 3501 1375 3565 τοῦ

101 3595 230 3686 Κυρίου
252 3599 437 3690 δυνηθῶμεν.

183 3695 286 3789 Ὑπὲρ
308 3708 368 3768 τοῦ
388 3699 549 3787 γενέσθαι
569 3696 652 3771 αὐτὸ
672 3700 758 3790 πρὸς
778 3698 992 3791 καθαρισμὸν
1011 3705 1128 3792 ψυχῶν
1141 3698 1198 3768 καί
1210 3695 1376 3786 σωμάτων

102 3806 189 3870 πᾶσι
209 3805 281 3882 τοῖς
301 3798 498 3887 ἀρυομένοις
518 3799 633 3872 πίστει
654 3827 690 3870 τε
710 3802 768 3872 ναί
786 3797 1098 3888 μεταλαμβάνουσιν
1118 3801 1157 3882 ὲξ
1177 3797 1294 3884 αὐτῶν,
1315 3807 1376 3870 τοῦ

103 3901 231 3992 Κυρίου
252 3905 436 3992 δεηθῶμεν.

184 4001 287 4094 Ὑπὲρ
308 4011 369 4074 τοῦ
388 4001 680 4094 ιιατοιξιωθήναι“
660 4011 749 4094 ημᾶς
769 3999 1049 4097 λμπλησθήναι’
1028 4009 1204 4092 αγιασμοῦ,
1238 4002 1296 4070 διὰ
1288 4007 1376 4128 ηῆς

103 4109 170 4172 τῶν
195 4101 325 4174 ὐδάτων
351 4103 478 4175 τούτων
504 4105 736 4198 μεταλήψεως,
763 4114 805 4198 τῇ
834 4103 969 4196 ἀοράτῳ
989 4103 1175 4198 ἐπιφανείᾳ
1195 4108 1255 4172 τοῦ
1277 4099 1373 4236 ἀγίου

104 4203 303 4294 πνεύματος,
324 4215 384 4278 τοῦ
405 4206 533 4298 Κυρίου
555 4211 740 4300 δεηθῶμεν.

185 4307 288 4398 Ὑπὲρ
309 4317 370 4379 τοῦ
391 4308 581 4391 είςαιιοῦσαι
600 4310 714 4396 κύριον
734 4309 793 4380 τὸν
807 4309 893 4378 Θεὸν
915 4317 1029 4400 φωνῆς
1048 4315 1108 4398 τῆς
1124 4303 1302 4397 δεήσεως(
1280 4311 1374 4397 ημῶν

104 4415 168 4478 τῶν
189 4407 393 4497 ἁμαρτωλῶν
412 4413 469 4481 καί
491 4409 665 4500 ὐλεήσαι“
646 4418 744 4501 ημᾶς,
766 4419 827 4480 τοῦ
850 4411 975 4501 Κυρίου
998 4413 1182 4501 δεηθῶμεν.

185 4507 288 4601 Ὑπὲρ
308 4520 368 4580 τοῦ
390 4519 556 4602 ῥυσθῆναι
576 4511 664 4604 ήμᾶς
685 4512 756 4582 ἀπὸ
777 4509 889 4603 πάσης
901 4510 1068 4605 θλίψεως,
1090 4507 1189 4601 ἀρχῆς
1202 4510 1260 4581 καί
1274 4505 1375 4601 ἀνάγ-

106 4635 171 4701 κης,
193 4619 253 4682 τοῦ
274 4612 400 4704 Κυρίου
423 4617 607 4707 δεηθῶμεν.
