3368 5308
679 402 752 475 487
775 467 777 474 ,

483 590 559 660 Τοῦ
583 585 726 681 Κυρίου
751 583 962 684 δεηθῶμεν.

166 737 338 812 Δέσποτα
370 731 549 833 Κύριε,“
532 765 551 810 ο
581 732 724 820 θεὸς
703 744 880 833 ημῶν,ο
860 735 1092 832 ὅτεχθεὶς’
1075 766 1116 812 εκ
1139 743 1204 833 τής
1229 763 1355 811 πανα-

71 835 247 938 χράντου
274 835 513 934 δεσποίνης
492 846 601 933 ημῶν
627 837 807 913 θεοτόκου
831 868 894 914 και
883 837 1166 964 ἀειπαρθένου
1182 836 1354 934 Μαρίας,

75 941 140 1015 καὶ
170 940 222 1024 ῶς
246 937 380 1068 νήπιον
405 941 446 1013 έν
472 936 596 1038 φάτνῃ
623 939 848 1029 ἀνακλιθεὶς,
873 939 936 1015 καί
962 937 1013 1026 ῶς
1036 941 1176 1070 βρέφος
1201 938 1354 1067 ἀγαδει-

72 1041 201 1138 χθεῖς,
235 1040 349 1124 αὐτὸς
379 1039 441 1116 καὶ
473 1039 542 1137 τήν
574 1050 769 1138 παροῦσαν
800 1038 939 1170 δούλην
972 1066 1053 1132 σου,
1087 1042 1156 1139 τήν
1190 1038 1352 1170 σήμερον

76 1141 293 1229 τέξασαν
256 1172 299 1216 το
325 1139 448 1238 παρόν
466 1139 629 1231 παιδίον,
655 1143 813 1239 ελέησον,
839 1143 903 1218 καὶ
919 1143 1163 1272 συγχώρησον
1181 1143 1227 1217 τά
1245 1139 1354 1270 ἕκοή

77 1271 142 1319 σια
178 1243 242 1318 καὶ
281 1241 328 1318 τὰ
354 1239 512 1318 ἀκούσια
539 1243 652 1338 αὐτῆς
676 1243 902 1340 πταίσματα,
936 1275 999 1320 και
987 1243 1281 1393 διαφήλαξον
1282 1243 1353 1318 76-

76 1347 148 1442 τήν
177 1345 252 1419 ἀπὸ
278 1341 397 1442 πάσης
421 1353 489 1420 τοῦ
515 1343 695 1442 διαβόλου
720 1345 955 1473 τυραννίδος.
1007 1347 1080 1422 Καὶ
1105 1347 1148 1422 τό
1173 1352 1212 1432 ἐξ
1237 1345 1352 1478 αυτής

76 1447 227 1544 κυηθὲν
259 1443 392 1542 νήπιον
425 1444 696 1576 διατήρησον’
676 1447 749 1522 απὸ
775 1445 893 1544 πάσης
918 1447 1157 1576 φαρμακέας,
1180 1450 1253 1538 ἀπὸ
1278 1446 1353 1524 πά-

79 1575 145 1645 σης
178 1544 490 1646 χαλεπότητος,
471 1548 544 1622 απὸ
568 1544 693 1644 πάσης
727 1545 836 1646 ζάλης
867 1557 936 1624 τοῦ
970 1551 1243 1646 ἀντικειμένου,
1278 1549 1353 1626 ἀπὸ

79 1647 309 1743 πνευμάτων
334 1655 521 1776 πονηρῶν,
548 1647 734 1777 ήαερινῶν
759 1651 886 1724 τεκαὶ
911 1660 1149 1776 νυκτερινῶν.
1204 1649 1355 1749 Ταύτην

80 1752 119 1826 δὲ
156 1721 439 1876 διατήρησιν
417 1749 490 1824 υπὸ
522 1750 590 1847 767
623 1752 807 1848 κραταιὰν
827 1749 936 1848 χεῖρά
963 1778 1044 1842 σου,
1077 1782 1140 1828 και
1128 1752 1301 1838 663²
1257 1761 1352 1850 αυιῇ

80 1851 243 1948 ταχινὴν
266 1847 524 1942 ἐξανάστασιν,
550 1851 704 1927 καὶτοῦ
730 1850 848 1950 ῥύπου
872 1851 1061 1950 κάθαρον,
1086 1855 1149 1928 καὶ
1174 1855 1261 1940 τοὺς
1284 1853 1356 1930 πύ-

81 1983 172 2038 νους
205 1949 454 2080 θεράπευσον,
485 1951 549 2027 καὶ
581 1957 696 2048 ρῶσιν
727 1954 790 2028 καί
823 1955 1029 2052 εὐρωστίαν
1062 1964 1164 2054 ψυχή
1197 1986 1255 2044 τε,
1289 1955 1355 2032 καὶ

83 2053 232 2152 σώματι
266 2049 446 2152 δαίρησαι,
481 2053 544 2129 καὶ
576 2053 627 2130 δι’
658 2055 827 2182 ἀγγέλων
858 2055 1033 2154 φαιδρῶν
1064 2057 1127 2132 καὶ
1159 2066 1354 2185 φωτεινῶν

80 2154 228 2252 ταύτην
260 2157 518 2253 περίθαλφον,
549 2155 612 2231 καὶ
644 2154 952 2284 περιφρούρησον
969 2157 1041 2233 ἀπὸ
1067 2156 1185 2254 πάσης
1209 2155 1357 2234 ἐπελεύ-

83 2286 176 2344 σεως
201 2266 282 2333 τῶν
308 2254 481 2354 ἀοράτων
506 2256 742 2353 πνευμάτων.
780 2261 868 2348 Ναὶ,
894 2255 1071 2356 Κύριε,’
1051 2259 1123 2335 απὸ
1149 2257 1264 2336 νόσου
1290 2259 1356 2336 καὶ

83 2360 291 2455 μαλακίας,
326 2357 398 2433 ἀπὸ
432 2355 542 2454 ζήλου
576 2359 639 2433 καί
672 2356 826 2458 φθόνου
861 2361 923 2435 καὶ
959 2364 1174 2490 ὀφθαλμῶν
1208 2361 1355 2458 βασκα-

84 2461 177 2545 νίας.
228 2459 302 2536 Καὶ
327 2459 475 2556 ἐλέησον
500 2457 630 2556 αὐτήν,
655 2460 719 2536 καὶ
743 2459 786 2591 76
810 2461 951 2561 βρέφος
974 2462 1070 2538 κατὰ
1095 2461 1137 2538 τὸ
1162 2465 1258 2590 μέγα
1284 2487 1355 2538 σου

84 2565 192 2647 ἔλεος.
234 2561 308 2636 Καὶ
332 2557 551 2689 καθάρισον
571 2560 689 2660 αὐτὴν
715 2562 882 2638 ἀπὸτοῦ
908 2559 1121 2660 σωματικοῦ
1147 2562 1265 2661 ῥύπου
1290 2565 1355 2640 καὶ

84 2673 163 2739 τῶν
197 2661 375 2738 ποικίλων
408 2663 503 2759 7676
535 2663 792 2760 ἀπερχομένων
824 2673 1084 2767 σπλαγχνικῶν
1110 2663 1354 2763 ε’νοχλήσεων·

84 2765 147 2840 καὶ
181 2767 313 2850 ἕξαξον
346 2762 464 2860 αὐτὴν
495 2763 559 2839 διά
585 2775 650 2861 τῆς
674 2773 824 2894 ταχινής
850 2792 918 2842 σου
945 2765 1201 2864 ἐλεημοσύνης,
1232 2772 1275 2842 ’ἐν
1299 2776 1355 2866 τῶ

87 2875 251 2964 ταπεινῷ
286 2866 407 2992 αιἀής
432 2861 576 2956 στόματι
610 2873 660 2951 ελς
692 2865 967 2964 ἐπανόρθωσιν,
999 2869 1063 2944 καὶ
1096 2869 1138 2944 τὸ
1171 2873 1211 2955 ἐξ
1227 2869 1360 2999 αὐτής

86 2967 234 3066 κυηθὲν
273 2963 406 3066 νήπιον
439 2965 598 3052 ἀξίωσον
624 2977 871 3096 προςκυνήσαι
895 2969 962 3046 τὸν
978 2970 1146 3098 ἐπίγειον
1171 2970 1278 3060 ναὸν,
1312 2973 1360 3046 67

86 3069 307 3167 ἡτοίμασας,
334 3067 677 3195 δοξολογεῒσθαι
639 3099 682 3142 το
709 3067 829 3164 ὄνομά
855 3095 924 3144 σου
949 3069 992 3145 τὸ
1018 3069 1137 3172 ἅγιον.
1163 3071 1247 3146 Ὅτι
1271 3071 1361 3166 πρέ·

88 3200 144 3245 πει
180 3198 241 3246 σοι
274 3179 377 3246 πᾶσα
410 3167 515 3258 δόξα,
549 3169 637 3265 τιμή
668 3169 731 3244 καὶ
772 3168 1026 3268 προςκύνησις,
1058 3201 1112 3269 τοι
1137 3171 1262 3266 πατρὶ,
1294 3171 1361 3246 καὶ

89 3281 141 3370 τῷ
175 3273 264 3370 υἱῷ,
295 3271 359 3346 καὶ
391 3277 445 3367 τῷ
472 3268 579 3399 ἁγίῳ
592 3269 787 3364 πνεύματι,
821 3277 895 3347 νῦν
918 3270 982 3348 776
1008 3272 1076 3362 αεὶ,
1109 3271 1172 3348 καὶ
1197 3277 1248 3358 εἰς
1271 3271 1362 3356 τοὺς

90 3351 235 3458 αίῶνας
258 3379 336 3449 τῶν
362 3341 523 3448 αλιόνων.
568 3369 695 3470 Ἀμήν.

490 3563 565 3633 Τοῦ
590 3557 733 3655 Κυρίου
758 3557 966 3656 δεηθῶμεν.

174 3706 349 3808 Κύριε,
331 3741 353 3785 ο
376 3707 506 3794 θεὸς’
486 3717 608 3798 ημῶν,
634 3739 655 3783 ο
642 3706 883 3836 ἐὐδοκήσας
907 3711 1144 3784 κατελθεῖν
1128 3737 1169 3784 εκ
1192 3717 1271 3788 τῶν
1297 3709 1366 3788 06·

93 3821 236 3906 ρανῶν,
271 3811 334 3886 καὶ
351 3814 644 3937 γεννηθῆναι
628 3839 668 3884 εκ
692 3817 757 3904 τῆς
776 3810 892 3937 ἁγίας
915 3807 1096 3886 θεοτόκου
1120 3811 1185 3887 καὶ
1209 3812 1366 3904 ἀειπαρ-

93 3916 212 3990 θένου
247 3913 415 4008 Μαρίας,
450 3912 513 3987 διὰ
546 3913 614 4008 τήν
647 3911 834 4010 σωτηρίαν
866 3911 974 4008 ήμῶν
1005 3920 1084 3987 τῶν
1116 3911 1362 4009 ἁμαρτωλῶν.

89 4015 131 4092 Ὀ
163 4013 364 4118 γινιύσκων
395 4013 438 4088 τὸ
473 4011 631 4097 ἀσθενὲς
663 4021 727 4110 τῆς
753 4013 996 4111 ἀνθρωπίνης
1007 4010 1181 4140 φύσεως,
1214 4013 1364 4142 συγχεό-

95 4143 212 4212 ρησον
252 4123 296 4212 76
333 4112 448 4210 δούλη
481 4141 549 4190 σου
585 4114 694 4212 (τῇδε)
727 4122 772 4210 τῇ
805 4144 843 4188 τε
846 4112 937 4210 ξάση
971 4111 1150 4210 σήμερον,
1189 4113 1285 4189 κατὰ
1316 4113 1363 4188 τὸ

95 4222 241 4314 πλῆθος
264 4225 342 4291 τῶν
368 4222 569 4314 ολκτιριιῶν
595 4241 674 4290 σου.
727 4215 790 4292 Σύ
813 4215 886 4317 γάρ
913 4215 1027 4304 εἶπας,
1055 4215 1179 4309 Κύριε,
1206 4211 1365 4298 αὐξάνε-

97 4323 168 4394 σθε
206 4319 269 4392 καὶ
306 4315 545 4445 πληθύνεσθε
578 4317 641 4391 καὶ
665 4313 880 4414 πληρώσατε
904 4317 974 4414 τὴν
998 4325 1082 4418 γήν,
1115 4317 1177 4390 καὶ
1203 4343 1366 4390 κατακυ-

97 4420 265 4516 ριεύσατε
293 4420 414 4516 αὐτῆς.
442 4419 516 4494 Διά
540 4427 651 4494 τοῦτο
677 4418 739 4492 καί
764 4415 867 4516 ήιιεῖς
892 4447 926 4494 οι
916 4418 1079 4494 δοῦλοί
1096 4445 1164 4492 σου
1182 4413 1364 4512 δεόμεθα,

96 4523 158 4596 καὶ
185 4523 429 4647 θαρροῦντες
439 4520 503 4596 676
523 4528 587 4618 τῆς
604 4515 820 4606 ἀνεξικάκου
839 4547 908 4596 σου
926 4516 1225 4646 φιλανθρωπίας,
1252 4515 1365 4618 φόβῳ

96 4625 251 4722 βοῶμεν
276 4623 368 4723 πρὸς
391 4618 434 4697 τὸ
459 4631 524 4720 τής
547 4621 738 4721 βασιλείας
763 4646 831 4696 σου
858 4623 966 4725 ἅγιον
992 4623 1122 4718 ὄνομα.
1141 4620 1372 4722 Ἕπίβλεφον

1108 4741 1162 4792 ³2*
