3378 5302
708 417 781 494 110

175 604 253 678 Ἔτι
273 606 498 732 μνησίὶῆναι
522 601 772 694 καταξίωσον,
793 600 953 732 Κύριε,
946 603 1010 680 καὶ
1034 611 1113 680 τῶν
1136 602 1204 688 τὰς
1217 633 1380 704 προςφο-

112 703 178 800 ράς
210 701 352 789 ταύτας
385 701 767 832 προςινεγιιάντων
744 709 786 782 ἐν
819 712 864 802 τῇ
900 701 1061 834 σήμερον
1094 705 1213 804 ἡμέρᾳ
1247 705 1307 781 ἐπὶ
1338 705 1380 782 τὸ

112 802 218 934 ἀγιύν
252 829 323 882 σου
342 807 634 934 Θυσιαστηριον,
658 834 722 881 και
745 805 838 906 ὑπὲρ
864 796 973 882 ὦν“
950 832 1102 891 εκαστος
1124 803 1379 934 προςηνεγκεν,

111 905 132 1003 6
162 907 259 982 κατὰ
278 890 506 984 διάνοιαν”
486 936 571 1034 εχει,
603 907 770 986 καὶτῶν
795 907 932 1006 ἀρτίως
957 934 1015 984 σοι
1040 908 1346 1034 ἀνεγνωσμένων.

184 1006 408 1108 Μνήσθητι,
439 1004 567 1110 Κύριε,
600 1007 697 1085 κατὰ
727 1008 772 1086 τὸ
803 1013 947 1106 πλῆθος
977 1017 1046 1086 τοῦ
1078 1009 1198 1096 ἐλέους
1223 1034 1292 1086 σου
1316 1010 1380 1086 καὶ

111 1118 185 1186 τῶν
210 1115 416 1238 οἰκτιρμῶν
441 1137 522 1199 σου,
548 1109 612 1186 καὶ
611 1112 730 1240 ε’μρῦ
754 1119 823 1187 τοῦ
847 1119 1024 1206 ταπεινοῦ
1039 1110 1103 1186 καί
1120 1109 1277 1239 ἀχρείου
1289 1108 1380 1199 δού-

111 1213 173 1288 λοῦ
207 1235 292 1302 σου,
326 1211 390 1318 καί
420 1220 499 1288 τῶν
529 1211 573 1288 τὸ
606 1209 716 1341 ἅγιόν
748 1237 818 1288 σου
843 1195 1115 1310 θυσιαστήριον
1140 1209 1380 1342 κυκλούντων

113 1309 346 1440 διακόνων·
350 1311 414 1388 καί
440 1311 611 1440 χάρισαι
621 1314 748 1399 αὐτοῖς
771 1311 912 1414 6666w
888 1343 1111 1412 αμεμπτον,·
1128 1315 1285 1390 ἄσπιλον
1311 1308 1384 1393 οῦ.

111 1441 184 1541 τωγ
217 1413 289 1511 τὴν
323 1413 520 1516 διακονίαν
556 1411 737 1514 φύλαξον,
771 1416 835 1492 καί
868 1413 1065 1513 βαθμούς
1063 1415 1255 1543 ἀγαθοὺς
1279 1444 1380 1512 περι-

111 1513 269 1644 ποίησαι,
303 1500 367 1592 ίνὸι
402 1517 571 1646 εὕρωμεν
605 1517 707 1596 ἔλεον
740 1517 804 1592 καὶ
834 1514 950 1646 χάριν
984 1516 1078 1636 μετὰ
1113 1514 1267 1594 πάντων
1301 1525 1380 1593 τῶν

111 1613 226 1719 ἁγίων
251 1625 332 1693 τῶν
357 1618 409 1693 ἀπ
409 1613 581 1702 αἰῶνός
607 1642 665 1694 σοι
690 1616 1027 1717 εὐαρεστησάντωνῑ
1044 1618 1143 1715 κατᾷ
1164 1617 1307 1747 γενιδν
1316 1618 1381 1694 καὶ

110 1717 250 1846 γενεάν,
277 1717 537 1848 πρρπατόρων,
562 1719 746 1846 πατέρων,
772 1727 1026 1817 πατριαρχῶν,
1050 1729 1269 1848 προφητῶν,
1287 1720 1380 1795 ἀπο-

112 1818 267 1948 στόλων,
303 1817 530 1951 μαρτύρων,
565 1819 825 1949 ὁμολογητῶν,
860 1820 1119 1912 διδασκάλων,
1139 1817 1282 1912 ὁσίων,
1316 1812 1380 1933 666

111 1921 245 2007 παντὸς
279 1921 490 2019 πνεύματος
515 1919 663 2000 δικαίου
689 1925 731 2000 ἐν
755 1921 875 1999 πίστει
899 1930 967 2000 τοῦ
992 1921 1161 2022 Χριστοῦ
1187 1947 1256 1998 σου
1281 1920 1380 2017 τετε-Ι

111 2009 317 2118 λειωμίνου.
624 2053 629 2066 ·
1163 2055 1172 2073 ·

181 2143 318 2218 XXXV.
356 2140 529 2268 [(Χαῖρε,
552 2141 826 2239 κεχαριτωμένη
863 2139 1019 2238 Μαρία,
1057 2139 1076 2214 6
1116 2135 1251 2267 Κύριος
1284 2138 1379 2235 μετά

111 2250 191 2318 σοῦ·
226 2243 453 2368 εὐλογημένη
487 2241 535 2370 φῦ
567 2240 799 2344 ἔνγυνοέιξί,
832 2242 895 2316 καί
927 2237 1213 2368 εὐλογήμενος
1195 2273 1214 2316 ο
1240 2239 1385 2340 καρπὸς

109 2351 169 2440 τῆς
192 2343 334 2428 κοιλίας
360 2343 502 2442 σου),”
481 2372 538 2420 οτι
564 2345 774 2481 Σωτῆρφ’
754 2366 868 2428 ετεκες
892 2352 970 2420 τῶν
996 2350 1132 2458 ψυχῶν
1156 2342 1276 2493 ἡμῶν.

529 2503 653 2580 Εἶτα’
636 2515 779 2602 εκφωνῶ
799 2507 818 2578 6
842 2507 958 2598 ἱερεύς

173 2597 390 2726 Ἔξαιρέτως
410 2659 475 2727 της
489 2657 688 2732 παναγιας,
715 2621 918 2727 ἀχράντου,
929 2607 1298 2756 ύπερευλογημένης,
1319 2631 1379 2703 έν-

110 2727 216 2818 δύξου
243 2731 484 2830 δεσποίνης
463 2736 584 2828 ηιιῶν,
610 2729 793 2807 θεοτύκου
818 2730 881 2862 καὶ
908 2729 1160 2855 ἀειπαρθένου
1186 2728 1352 2829 Μαρίας.

638 2894 682 2966 06
708 2889 849 2988 ψάλται.

166 3013 336 3104 Αξιύνέ
338 3042 420 3093 στιν
445 3017 496 3102 ῶς
521 3017 675 3113 ἀληθῶς
698 3004 918 3114 μακαρίζειν
943 3041 983 3091 σε
1003 3013 1074 3111 τὴν
1090 2990 1284 3111 θεοτόκον,
1311 3015 1382 3112 τὴν

109 3117 413 3247 ἀειμακάριστον,
453 3119 517 3204 καὶ,
557 3116 859 3245 παναμυίμητον,
898 3117 961 3192 καί
999 3115 1151 3214 μητέρα
1179 3125 1247 3192 τοῦ
1286 3118 1379 3192 Θεοῦ

107 3219 223 3346 ἀρκῶν,
248 3220 319 3318 τὴν
343 3221 571 3346 τιμιωτέραν·
590 3227 670 3294 τῶν
690 3219 889 3344 χερουβὶιι,
915 3218 978 3293 καί
1004 3217 1281 3314 ἐνδοξοτέραν’
1261 3242 1379 3323 ασυγ-
1440 3289 1441 3292 ,

108 3322 238 3450 κρίτιρς
262 3330 342 3397 τῶν
368 3318 548 3450 σεραφὶμ·
577 3321 646 3418 τὴν
663 3318 913 3450 ἀδιαφθόρως
930 3319 1022 3395 Θεὸν
1036 3316 1167 3422 Λίχαν
1183 3327 1377 3409 τεκοῦσαν,

110 3423 169 3522 τὴν
194 3425 314 3508 ὅντως
340 3419 521 3502 θεοτύκον
547 3420 586 3498 σὲ
611 3419 881 3525 μεγαλύνομεν.

531 3587 602 3658 Καί
623 3585 726 3657 πάλιν
747 3585 947 3680 ψάλλουσιν

107 3711 252 3785 ·’Eu6
280 3710 340 3785 σοὶ
360 3707 482 3838 χαίρει
507 3710 782 3806 κεχαριτωμένη
807 3718 910 3785 πᾶσα
935 3708 957 3806 6
983 3706 1112 3797 κτίσις,
1141 3706 1309 3835 ἀγγέλων
1335 3704 1378 3781 τὸ

109 3807 287 3909 σύστημα,
313 3810 377 3886 καὶ
403 3809 623 3902 ἀνθρώπων
646 3810 690 3885 τὸ
715 3811 878 3940 γένος,
858 3811 1057 3940 ηχιαομένε
1082 3808 1148 3887 ναί
1174 3836 1237 3884 και
1225 3803 1379 3936 παρά-

108 3911 197 3988 δειοε
234 3924 277 3986 λο
304 3913 368 4002 ικέ,
405 3912 637 4008 παρθενικὸν
670 3911 864 4008 καύχημα,
894 3915 933 3998 ἐξ
966 3905 1009 4009 ἧς
1043 3911 1130 3996 Θεὸς
1162 3904 1378 4008 έοαρκυίθη,

107 4016 163 4142 καὶ
151 3943 401 4090 παιδίον
388 4013 541 4144 γέγονεν
576 4013 596 4088 6
632 4011 705 4142 πρὸ
741 4011 892 4091 αλιιίνων
928 4011 1113 4140 ὑπάρχων
1139 4009 1270 4095 Θεὸς
1250 4017 1376 4105 ημῶν·

107 4115 169 4212 τὴν
200 4117 276 4242 γὰρ
303 4115 375 4214 σὴν
400 4114 549 4216 μήτραν
574 4112 762 4244 ΘρύνοΓ
747 4116 904 4223 εποίησε,
940 4115 1002 4190 καὶ
1029 4115 1097 4211 τὴν
1123 4113 1192 4208 σὴν
1216 4109 1377 4212 γαστέρα

106 4218 336 4316 πλατυτέραν
369 4219 544 4312 οὐρανῶν
577 4213 838 4343 ἀπειργάσατο.
884 4217 966 4292 Ἐπὶ
1000 4217 1059 4290 σοί
1087 4215 1207 4310 χαίρει
1233 4236 1379 4308 κεχαρι-

107 4320 245 4418 τωαένη
271 4329 376 4395 πᾶσα
401 4319 423 4415 6
448 4321 582 4404 κτίσις·
610 4315 702 4403 δόξα
729 4323 814 4414 σοι]

105 4497 412 4512 -ι--“

183 4599 242 4664 cap.
263 4596 348 4646 XXXV.
384 4595 467 4659 Neque
491 4551 520 4644 λλ,
538 4606 584 4644 σεο
609 4595 634 4643 B.
654 4592 749 4657 λοορίιιε
774 4601 902 4642 excurram
926 4593 950 4641 in
976 4589 1086 4640 laudibus
1105 4587 1191 4637 neam
1211 4586 1313 4650 Virginig
1336 4583 1380 4634 εειλ

104 4683 176 4732 ιιιιίοι
194 4676 335 4749 pro'cedmt
351 4681 380 4730 τὸ
400 4679 538 4730 Memoriam
558 4677 729 4731 Ιλεῐοιιτιοισσι
748 4685 772 4727 ει
788 4677 940 4726 Sanctorum.
