3368 5308
710 433 780 524 501

95 621 146 710 τῇ
178 613 351 711 εἰρημένη
385 623 450 711 τῆς
476 577 541 712 σής
565 611 715 715 ἀφάτου
736 611 1042 744 φιλανθρωπίας,
1077 613 1190 699 αὐτὸς
1214 615 1266 702 ὥς
1289 616 1383 694 δὀὔ-

96 715 218 799 λος
195 717 382 843 αμαριίας
407 714 646 812 ἀδόκιμος’
600 745 778 846 γενωμαι.
804 717 888 814 Μὴ,
905 715 1133 808 δέσποτα,
1116 715 1268 815 ομόνος
1286 720 1383 846 676-

97 817 181 902 θὸς
221 816 286 892 καὶ
325 815 615 948 φιλάνθρωπος,
654 819 707 917 μὴ
739 819 1020 919 ἀποστραφείην
1051 821 1379 917 τεταπεινωμένος·

97 918 181 994 ἀλλ’
219 917 478 1048 ἐξριπόστειλόν
510 948 576 1017 μοι
607 918 774 1018 δύναμιν
804 921 891 1007 ἐξ
873 920 996 1020 ύφους
1019 921 1085 997 καὶ
1109 921 1308 1018 ἐνίσχυσόν
1331 952 1381 1012 με

96 1019 273 1117 πρὸς
234 1051 302 1118 την
335 1020 532 1100 διακονίαν
567 1029 636 1098 τοῦ
666 1022 908 1123 προκειμένου
943 1047 1012 1098 σου
1043 1023 1272 1122 μυστηρίου,
1312 1032 1382 1100 τοῦ

96 1119 274 1251 μεγάλου
307 1151 369 1198 και
401 1121 642 1223 ἐπουρανίου·
677 1125 743 1201 καὶ
773 1121 981 1223 μόρφωσόν
1013 1148 1082 1200 σου
1112 1123 1181 1201 τὸν
1212 1125 1382 1225 Χριστὸν

95 1225 142 1298 ἐν
170 1231 229 1321 τρῖ
254 1224 423 1320 μέλλοντι
449 1227 735 1356 ἀναγεννᾶσθαι
760 1224 825 1302 διὰ
848 1233 912 1322 τής
937 1228 1026 1322 ἐμῆς
1041 1222 1293 1324 ἐλεεινότητος,
1317 1227 1383 1304 καί

97 1321 359 1422 οέκοδόμησον
383 1326 502 1404 αὐτὸν
525 1331 568 1404 ἐν
592 1335 646 1425 τῷ
671 1327 836 1458 θεμελίιρ
861 1355 940 1456 τιρν
964 1325 1184 1404 ἀποστόλων
1209 1328 1273 1407 καὶ
1289 1357 1381 1428 προ-

98 1433 243 1556 φητῶν
268 1451 351 1518 σου,
376 1429 439 1505 καὶ
463 1428 515 1556 μή
540 1399 713 1526 καθέλῃς,
738 1429 833 1506 ἀλλά
858 1426 1047 1528 φύτευσεν
1073 1428 1190 1506 αὐτὸν
1207 1427 1382 1530 φύτευμα

98 1528 301 1625 ἀληθείας,
334 1533 376 1606 ἐν
351 1539 452 1627 ντῇ
486 1529 587 1658 ἁγίᾳ
606 1557 675 1606 σου
708 1535 891 1658 καθρλικῇ
917 1530 980 1606 καὶ
1006 1532 1229 1628 ἀποστολικῇ
1255 1535 1382 1630 ἐκκλη-

99 1630 186 1727 σίᾳ,
211 1629 277 1705 καὶ
301 1631 353 1728 μὴ
378 1631 587 1728 ἐκτίλης,”
566 1661 666 1718 οπως
690 1629 963 1761 προκόπτοντος
988 1633 1106 1709 αὐτοῦ
1132 1636 1173 1709 ἐν
1197 1633 1380 1733 εὐσεβείᾳ,

98 1729 310 1828 δοξάζηται
343 1733 406 1808 καὶ
438 1733 488 1808 δι
520 1733 637 1810 αὐτοῦ
670 1733 713 1809 τὸ
743 1731 932 1862 πανάγιον
949 1731 1087 1863 ’ὄνομά
1119 1759 1189 1811 σου
1214 1745 1283 1811 τοῦ
1309 1764 1382 1814 πα·Ι
1392 1747 1397 1764 ’

98 1832 208 1931 τράς,
235 1834 299 1908 καὶ
323 1842 391 1910 τοῦ
407 1836 515 1926 υἱοῦ,
550 1837 614 1910 καὶ
638 1844 706 1912 τοῦ
715 1834 842 1964 ἀγίου
860 1831 1091 1965 πνεύματος,
1123 1844 1197 1912 νῦν
1221 1836 1285 1910 καὶ
1308 1837 1382 1927 ἀεὶ,

97 1934 169 2009 καί
197 1939 250 2018 ελς
275 1933 363 2020 τοὺς
387 1942 527 2020 αλῶνας
551 1945 629 2012 τῶν
654 1933 815 2014 ἀλαίνων.
860 1933 993 2076 Ἀμήν.

193 2054 261 2119 Δεῖ
282 2048 459 2134 εἷδέναι,“
439 2078 493 2122 οτι
515 2049 575 2122 οάκ
589 2051 743 2144 ἐκφανεῖ.
758 2049 892 2121 ἀλλά
857 2078 906 2136 το,
929 2047 1026 2142 ἀμὴν,
1046 2047 1155 2120 κοιθΗ
1141 2053 1261 2122 εαυτάν
1281 2053 1382 2143 λέγει.

341 2211 426 2291 Εἶτα
447 2221 593 2311 λέγει
556 2247 616 2312 την
637 2217 733 2311 τύχην
752 2218 873 2311 ταύτην
893 2217 1150 2311 μεγαλοφρόνως.

196 2323 328 2453 Μέγας
360 2324 404 2414 ελ,
438 2323 564 2424 Κύριε,
600 2354 663 2400 και
689 2323 897 2419 θαυμαστὰ
921 2323 1015 2399 τά”
994 2351 1093 2452 εργα
1112 2351 1193 2415 σου,
1227 2324 1292 2400 καὶ
1316 2327 1384 2402 06-

98 2424 184 2510 δεὶς
210 2423 319 2554 λόγος
343 2428 524 2524 ἐξαρκέσει
549 2425 641 2523 πρὸς
664 2426 788 2521 ύμνον
811 2434 891 2502 τῶν
915 2424 1148 2522 θαυμασίων
1174 2452 1253 2502 σου.
1270 2439 1382 2557 Τρίς.

99 2528 170 2603 Σὺ
196 2527 272 2629 γὰρ
297 2529 472 2656 βουλήσει
509 2529 687 2616 ἐξούκ”
667 2557 788 2604 οντων
814 2533 865 2614 ελς
888 2557 931 2659 τρ
917 2527 1052 2604 εἶναι
1077 2527 1310 2658 παραγαγὼν
1332 2529 1382 2604 τά
1455 2607 1457 2612 ,

101 2627 326 2725 σύμπαντα,
359 2639 412 2730 τῷ
446 2639 501 2731 σῷ
534 2628 660 2730 κράτει
693 2630 855 2727 συνέχεις
886 2630 956 2727 τὴν
987 2630 1129 2722 κτίσιν,
1161 2630 1225 2706 καί
1256 2639 1301 2728 τῇ
1337 2639 1383 2728 σῇ

100 2730 268 2858 πρφνοία
294 2731 502 2818 διοικεῖς
465 2763 532 2809 τον
557 2731 710 2830 κόσμον.
737 2731 801 2807 Σὺ
825 2735 866 2808 ἐκ
890 2729 1085 2862 τεσσάριρν
1106 2730 1297 2828 στοιχείων
1314 2731 1384 2831 τήν

98 2831 232 2908 κτίσιν
264 2833 517 2958 συνριρμόσας,
550 2837 698 2965 τέτρασι
730 2840 884 2932 καιροῖς
903 2833 971 2910 τὸν
999 2832 1139 2909 κύκλον
1164 2843 1232 2909 τοῦ
1257 2837 1382 2917 ἐνιαυ-

99 2941 176 3009 τοῦ
185 2933 488 3061 ἐστεφάνωσας,
518 2935 559 3012 σὲ
591 2937 791 3063 τρέμουσιν
824 2935 863 3009 αἱ
895 2933 1023 3034 νοεραὶ
1047 2943 1165 3010 πᾶσαι
1191 2932 1382 3062 δυνάμεις,

100 3035 144 3110 σὲ
151 3034 289 3163 ὑμνεῖ
311 3035 422 3134 ἥλιος,
450 3038 488 3114 σὲ
516 3035 660 3128 δοξάζει
686 3034 830 3134 σελήνη,
857 3035 917 3110 σοὶ
942 3031 1160 3164 ἐντυγχάνει
1181 3035 1229 3110 τὰ
1248 3038 1382 3162 ἄστρα,

100 3136 165 3212 σοὶ
192 3135 372 3214 ὑπακούει
397 3138 441 3216 τὸ
466 3169 560 3269 φως,
587 3139 626 3214 σε
652 3137 887 3268 φρίττρυσιν
898 3138 1073 3236 ἄβυσσοι,
1100 3161 1160 3212 σοι
1147 3134 1385 3214 δουλεύου-

99 3264 169 3314 σιν
205 3240 246 3314 αί
281 3241 412 3371 πηγαί·
437 3242 498 3316 σὺ
533 3241 711 3331 ἐξέτεινας
742 3238 811 3315 τὸν
846 3237 1011 3335 οὐρανὸν
1046 3237 1129 3322 ὥςεὶ
1162 3237 1298 3334 δέρριν,
1335 3237 1383 3313 σὺ

99 3340 331 3436 ἐστερέωσας
362 3342 442 3438 τήν·
463 3351 567 3473 γῆν
567 3341 625 3416 ἐπὶ
650 3370 729 3419 των
754 3336 921 3430 ὑδάτων,
955 3337 1004 3415 σὺ
1029 3338 1289 3438 περιετείχισας
1313 3338 1384 3436 τήν

101 3438 312 3518 θάλασσαν
338 3441 498 3572 φάμμφ,
525 3443 572 3519 σύ
598 3443 688 3541 πρὸς
713 3441 906 3528 ἀναπνοὰς
930 3438 997 3536 τὸν
1018 3441 1109 3568 ἀέρα
1127 3442 1277 3536 ἐξέχεας.
1297 3409 1383 3544 ’A7-
1401 3537 1410 3548 Ι

103 3543 250 3672 γελικαὶ
276 3541 455 3639 δυνάμεις
482 3545 541 3621 σοὶ
566 3553 855 3675 λειτουργοῦσιν,
895 3543 930 3618 οἱ
954 3549 1033 3618 τῶν
1058 3542 1301 3670 ἀρχαγγέλιρν
1316 3571 1383 3639 χο-

104 3645 166 3741 ροὶ
193 3646 235 3722 σὲ
262 3657 525 3745 προςκυνοῦσι·
553 3648 599 3722 τά
626 3644 874 3742 πολυόμμστα
899 3643 1113 3741 Χερουβὶμ,
1138 3644 1202 3720 καὶ
1226 3643 1273 3720 τὰ
1300 3646 1383 3730 ἑξα-

103 3749 274 3849 πτέρυγα
294 3749 481 3876 Σεραφέμ
512 3746 636 3847 κύκλῳ
669 3749 812 3824 ἑστῶτα
853 3745 917 3822 καὶ
951 3743 1233 3846 περιϊπτάμενα,
1268 3744 1383 3876 φόβφ

102 3857 172 3944 τῆς
199 3848 400 3944 ἀπροςίτου
426 3877 496 3926 σου
521 3821 630 3978 δόξης
654 3844 981 3924 κατακαλύπτεται.
1022 3847 1086 3922 Σὺ
1086 3847 1185 3976 γὰρ
1215 3847 1358 3932 669³
1327 3876 1384 3924 ων

104 3949 446 4078 ἀπερίγραπτοςᾘ
422 3949 583 4079 αναρχής
608 3981 659 4040 τε,
692 3949 755 4025 καὶ
782 3950 1048 4078 ἀνέκφραστος,
1080 3945 1194 4046 ήλθες
1219 3949 1278 4024 ἐπὶ
1296 3957 1382 4057 γῆς,

104 4057 263 4181 μορφήν
296 4052 433 4130 δούλου
460 4052 651 4151 λαβὼν,’
635 4083 677 4129 εν
702 4048 909 4179 ὁμοιάμριτι
936 4047 1147 4146 ἀνθρώπου
1172 4047 1382 4174 γενόμενος.

106 4157 168 4234 06
193 4155 270 4282 γὰρ
296 4157 433 4254 έφερες,
460 4155 633 4244 δέσποτα,
667 4153 732 4232 διά
758 4149 952 4283 σπλάγχνα
977 4154 1098 4236 ἐλέους
1123 4177 1205 4240 σου,
1237 4147 1384 4226 θεάσα-

107 4262 203 4336 σθαι
230 4255 304 4332 ὑπὸ
329 4267 398 4332 τοῦ
422 4255 627 4387 διαβόλου
623 4251 935 4381 τυραννούμενον
949 4255 992 4329 τὸ
1008 4254 1115 4357 γένος
1130 4261 1209 4327 τῶν
1226 4249 1384 4348 ἀνθρύ-

105 4388 204 4447 πων,
238 4357 313 4432 ἀλλ
341 4355 455 4456 ἦλθες
480 4358 544 4436 καὶ
569 4361 710 4442 ἔσωσας
734 4357 848 4488 ἡμᾶς
884 4355 1140 4487 ὁιιολογοῦμεν
1164 4353 1233 4450 τὴν
1254 4349 1382 4450 χάριν,

107 4457 341 4588 κηρύττρμεν
373 4460 440 4588 τρν
472 4463 584 4552 ἔλεον,
621 4461 666 4538 06
699 4456 911 4559 κρύπτσμεν
935 4456 1004 4555 τήν
1029 4455 1253 4582 εὐεργεσίαν.
1309 4455 1385 4540 Τὰς

106 4573 173 4660 τῆς
204 4559 356 4662 φύσεως
387 4562 497 4660 ἡμῶν
522 4563 635 4666 γονὰς
659 4561 951 4690 ήλευθέριρσας,
968 4555 1248 4657 παρθενικὴν
1226 4556 1386 4683 ηγίασας

107 4662 258 4765 μήτραν
282 4672 338 4765 τῷ
363 4663 462 4765 τόκῳ
488 4688 566 4742 σου.
594 4663 757 4741 Πᾶσα
736 4694 760 4762 η
785 4662 901 4746 κτίσις
924 4659 1072 4762 ύμνησέ
1088 4683 1128 4736 σε
1144 4659 1385 4760 ἐπιφανέντα.

144 4781 1179 4837 163³
