3314 5304
665 425 738 501 357

614 603 652 675 Ὁ
675 604 790 695 ἱερεύς.

151 708 583 809 Εὐχαριστήσωμεν
608 716 670 808 τῷ
700 708 865 808 Κυρίῳ.

621 839 658 910 ‘0
678 841 787 931 χορός.
1394 880 1399 889 =

140 948 290 1030 ’Ἀξιον
325 945 402 1022 καὶ
439 943 630 1024 δίκαιόν
667 949 781 1042 (Clem.
812 949 869 1021 12.
896 947 960 1022 1ου.
988 951 1047 1024 27.
1075 947 1136 1024 Mc.
1167 953 1224 1046 13)
1262 953 1338 1025 ἐστι

77 1053 281 1142 προςκυνεῖν
313 1047 467 1144 πατέρα,
502 1048 588 1124 υἱὸν
620 1049 684 1123 καῖ
710 1048 819 1150 ἅγιον
844 1057 1004 1145 πνεῦμα,
1041 1047 1177 1147 τριάδα
1204 1050 1340 1147 ὁμοσύ-

78 1175 146 1224 σιον
170 1149 233 1224 καῖ
260 1146 480 1247 ἀχοίρισςον.

516 1277 556 1348 ‘0
578 1277 684 1370 ίερεύς
705 1277 891 1365 ἐπεύχεται.

139 1385 289 1469 ’Άξιον
323 1385 401 1460 καῖ
437 1383 626 1460 δίκαιον
652 1381 697 1458 σί·
724 1383 916 1478 ὑμνεῖν,
950 1383 995 1459 σὲ
1022 1385 1254 1488 εὐλογεῖν,
1292 1387 1338 1462 σὲ

78 1489 235 1576 αίνεῖν,
274 1485 346 1562 σοὶ
382 1487 705 1584 εὐχαριστεῖν,
743 1487 788 1560 σὲ
825 1493 1108 1586 προςκυνεῖν
1136 1491 1249 1586 (elem.
1280 1492 1338 1567 12.

77 1589 129 1662 Ιεο.
155 1590 212 1663 28.
240 1590 303 1663 Με.
333 1589 391 1686 13)
419 1591 461 1664 ἐν
485 1588 599 1690 πανῖῖ
624 1586 727 1686 τόπῳ
752 1596 826 1685 τῆς.
843 1586 1157 1673 δεσποτείας-σου.
1183 1591 1247 1665 Σὺ
1264 1591 1339 1694 γὰρ

78 1687 102 1761 εἶ
134 1689 217 1773 Θεὸς
253 1690 529 1788 ἀνίκφραστος,
565 1687 824 1788 ἀπερινάιχτος,
859 1687 1036 1787 ἀόρατος,
1073 1689 1340 1787 ἀκατάληπτος,

78 1789 137 1864 ἀεὶ
160 1789 242 1879 ῶν,
270 1790 490 1876 ῶςαύτοις
515 1789 578 1866 ῶν
606 1793 719 1887 (clem.
740 1794 812 1889 12),
841 1790 888 1866 σὺ
912 1792 976 1868 καὶ
1002 1791 1023 1866 ὃ
1048 1791 1253 1896 μονογενής
1270 1820 1340 1870 σου

78 1891 156 1981 οἱίς,
180 1893 243 1967 καὶ
268 1893 311 1968 τὸ
338 1890 487 1988 πνεῦμά
514 1917 582 1968 σου
608 1892 651 1967 τὸ
679 1891 798 1994 ἅγιον.
845 1891 916 1968 Σύ
941 1896 988 1968 ἐκ
1014 1902 1095 1970 τοῦ
1120 1894 1179 1991 μὴ
1207 1895 1370 1980 ὄντος.

78 1999 131 2076 εἰς
154 1995 200 2068 τὸ
226 1992 352 2068 εἶναι
384 1994 504 2092 ἡμᾶς
536 1991 803 2121 παρήγαγες
830 1997 943 2090 (elem.
972 1999 1050 2091 12)·
1087 1996 1151 2070 καὶ
1176 2025 1341 2094 παραπε-

79 2091 196 2179 σόντας
223 2096 427 2193 ἀνέστησας
452 2091 581 2170 πάλιν·
609 2125 672 2170 και
699 2095 950 2194 οὐκάπέστης
974 2093 1099 2171 πάντα
1115 2105 1246 2186 ποιῶν,
1274 2097 1342 2182 ἕως

78 2195 160 2290 ἡμᾶς
184 2203 234 2282 είς
258 2197 327 2273 τὸν
352 2197 517 2296 οὐρανὸν
543 2195 738 2301 ἀνήγαγες,
760 2183 828 2272 ῖιαὶ
853 2197 922 2294 τὴν
945 2197 1142 2296 βασιλείαν
1168 2223 1237 2274 σου
1254 2201 1341 2295 ἐχα-

79 2297 156 2392 ρίσω
179 2300 248 2395 τὴν
273 2299 493 2396 μέλλουσαν.
541 2299 646 2396 Ὑπὲρ
672 2296 818 2374 τούτων
843 2296 1029 2375 ἁπάντων
1049 2300 1341 2399 εὐχαριστοῦμεν

79 2424 138 2488 σοι,
170 2401 232 2474 καὶ
267 2409 322 2498 τῷ
358 2406 556 2503 μονογενεῖ
586 2426 656 2476 σου
689 2401 774 2498 υἱῷ,
810 2400 952 2498 καὶτῷ
979 2400 1164 2497 πνεύματί
1190 2427 1258 2477 σου
1285 2411 1338 2500 τῷ

80 2497 172 2600 ἁγίῳ,
197 2501 290 2598 ὑπὲρ
317 2500 484 2592 πάντων,
512 2495 567 2577 ὥν
592 2507 713 2600 ἴσμεν,
740 2502 803 2577 καὶ
831 2495 885 2578 ὧν
912 2501 981 2577 οὐκ
1006 2507 1127 2598 ἴσμεν,
1160 2512 1238 2580 τῶν
1265 2532 1340 2603 φα-

80 2611 195 2699 νερῶν,
230 2604 294 2678 καί
331 2605 495 2703 ἀφανῶν
527 2605 748 2705 εὐεργεσιῶν
772 2612 850 2680 τῶν
876 2609 927 2688 ελς
951 2603 1048 2700 ἡμᾶς
1073 2604 1339 2734 γεγενημένων.

80 2704 370 2802 Εὐχαριστοῦμέν
406 2730 464 2781 σοι
489 2706 552 2780 καί
577 2703 670 2802 ὑπὲρ
702 2713 767 2802 τῆς
792 2704 1021 2809 λειτουργίας
1046 2734 1202 2803 ταυτης,
1227 2707 1275 2803 ἣν
1300 2711 1341 2783 ἐκ

80 2811 144 2881 τῶν
164 2815 303 2905 χειρῶν
326 2805 436 2906 ἡμῶν
462 2807 644 2892 δέξασθαι
670 2807 915 2904 κατηξίωσας·
944 2807 1100 2883 καίτοι
1127 2833 1199 2884 σοι
1224 2837 1364 2908 παρ-Ι

81 2906 283 3005 εστήκασι
307 2906 880 3012 χιλιιίάεςἈρχαγγέλων,
906 2909 982 2984 καὶ
1007 2908 1341 3014 μυριοίιῖεςἎγ-
1383 2933 1385 2938 ·

81 3009 225 3107 γέλων,
252 3011 307 3085 τά
332 3011 601 3110 Χερουβὶμ,
628 3011 705 3085 καί
730 3011 784 3084 τά
812 3010 1058 3107 Σεραφὶμ,
1085 3013 1336 3110 ἑξαπτίρυ-

82 3137 143 3208 γα,
176 3108 489 3211 πολυόμματα
527 3116 641 3209 (Clem.
670 3115 729 3186 12.
764 3115 826 3186 lac.
855 3117 915 3187 28.
942 3115 1003 3186 Μο.
1035 3115 1107 3210 15),
1144 3109 1339 3209 μετάρσια,

82 3211 241 3310 πιερωτιί.
1052 3211 1054 3219 ’

596 3309 809 3402 Ἐκφοίνιγσις.

155 3414 240 3490 Τὸν
267 3413 502 3492 ἐπινίκιον
527 3415 678 3511 ὕμνον
704 3415 903 3512 ᾄδοντα,
938 3416 1147 3511 βοῶντα,
1174 3441 1340 3514 κεκρα-

82 3515 198 3612 γότα,
223 3516 303 3590 καῖ
328 3516 524 3618 λέγοντα
553 3521 628 3614 (lac.
655 3519 715 3593 28.
742 3519 804 3592 Μο.
835 3519 906 3614 15).

402 3693 405 3702 ·
613 3645 651 3717 ‘0
679 3648 788 3738 χορός.

139 3751 306 3857 Ἄγιος,
334 3750 485 3855 ἀγιος,
514 3752 646 3855 ἅγιος
670 3747 1126 3850 ΚύριοςΣαββαιόθ.
1154 3745 1341 3852 Πλήρης

84 3846 314 3955 ὁούρανὸς
338 3853 416 3929 καὶ
441 3853 464 3950 ἡ
490 3862 545 3957 γῆ
571 3861 650 3950 τῆς
670 3851 807 3952 δόξης
828 3880 931 3944 σου,
959 3851 1147 3930 ῶσαννά
1168 3855 1218 3927 ἐν
1237 3851 1341 3950 ὑψί-

85 3974 200 4042 στοις.
252 3955 581 4059 Εὐλογημένος
607 3953 627 4030 ὃ
654 3954 905 4051 ἐρχόμενος
941 3959 988 4030 ἐν
1024 3952 1224 4049 ὀνόματι
1249 3960 1342 4028 Kv-

85 4053 190 4148 ρίου,
218 4057 409 4134 ῶσαννὰ
430 4063 479 4135 ἐν
495 4065 593 4143 τοῖς
610 4057 832 4156 ὑψίστοις
852 4055 1339 4152 (01εοι.12.1εε.28.111ο.16).

153 4247 268 4320 XXIX.
311 4255 479 4329 Ἐνταῦθα
506 4254 611 4326 πάλιν
638 4255 750 4344 λαβὼν
776 4253 795 4325 ὅ
824 4253 979 4339 διάκονος
1005 4255 1064 4325 τὸν
1091 4249 1283 4344 ἀστερίσκον
1305 4255 1341 4326 ἐκ

86 4361 133 4424 τοῦ
151 4356 241 4448 ἁγίου
263 4355 390 4442 ιλίσιιοο,
411 4364 507 4429 ποιεῖ
527 4363 673 4448 σταυροῦ
692 4356 800 4426 τύπον
821 4355 936 4428 ἐπάνω
960 4355 1077 4426 αὐτοῦ·
1104 4352 1162 4425 καί
1182 4352 1341 4424 ἀσπασό-

86 4479 166 4541 μενος
186 4459 285 4531 αὐτὸν
306 4459 523 4554 ἀποτίθιγσιν.
566 4455 651 4529 Εἶτα
676 4457 871 4546 μεταβαίνει
900 4457 934 4529 ἐν
961 4463 1009 4548 τῷ
1037 4457 1136 4548 δεξιῷ
1160 4455 1257 4546 μέρει
1283 4453 1341 4525 καί

88 4557 192 4644 ῥιπίζει
219 4561 335 4633 ἐπάνω
363 4569 429 4632 τῶν
458 4560 561 4652 ἁγίων
580 4561 666 4649 μετὰ
692 4559 845 4652 ριπιιλίοο
873 4559 1035 4648 εὐλαβῶς·
1064 4555 1096 4628 εἶ
1123 4557 1161 4630 δὲ
1188 4553 1247 4627 οὐκ
1269 4553 1342 4628 ἔστι

90 4659 343 4749 ριιιίιλιον,.ποιεῖ
362 4670 463 4736 τοῦτο
484 4662 570 4752 μετὰ
590 4658 814 4750 καλύμματος.

113 4763 144 4811 Π.
1106 4765 1139 4818 21
