3368 5308
914 415 988 498 532

397 603 443 674 Ἡ
459 605 522 690 μὲν
543 601 696 694 ἀκρίβεια
717 603 796 685 νοῦς
817 601 978 692 διγδμυυς
999 600 1059 674 οῦκ
1080 599 1185 674 εἴωθε
1205 607 1402 694 στεφανοῦν,
1430 601 1451 694 ἦ
1475 603 1516 676 δὲ
1535 613 1595 697 ιῆς

315 704 459 793 μεγάλης
479 705 653 797 ἐκκλησίας
673 705 847 796 συνήθεια,
869 707 1074 775 τὰτοιαῦτα
1095 701 1135 773 οῦ
1156 711 1410 797 παρανηρείεαι,
1433 703 1523 775 ἀλλὰ
1536 708 1593 776 καί

314 813 387 888 τοῖς
408 805 563 895 διγαίμοις
582 808 661 890 τοῦς
680 807 865 897 νυμφικαῦς
883 804 1069 896 στεφάνους
1091 803 1281 897 ἐπιτίθησι.
1308 806 1382 876 Καί
1402 804 1517 887 οὐδεὶς
1537 805 1594 877 αῦ-

317 908 441 978 δίιιονε
460 908 557 997 παρὰ
576 917 677 979 τοῦτο
698 907 869 999 ἐνεκλήθη,
891 903 979 997 ante
993 908 1062 989 ἕνα,
1083 903 1276 996 ἢδεόνερον
1287 906 1405 998 χρόνον
1418 916 1481 998 ιῆς
1494 908 1594 990 θείας

317 1005 483 1098 είργονναι
503 1007 688 1091 κοινωνίας.
725 1005 829 1079 Ἀλλὰ
848 1009 906 1080 καί
925 1009 985 1080 τόν
1006 1006 1264 1099 ίερολογιίσανια
1284 1007 1425 1091 νοόναυς
1444 1010 1593 1096 πρεσβῦ-

317 1135 413 1197 εερον
432 1113 642 1180 συνδειπνεῖν
663 1106 779 1192 αὐτοῖς
799 1107 840 1180 οῦ
861 1109 1063 1197 νενόμισται,
1091 1111 1176 1182 κατὰ
1195 1110 1253 1180 τόν
1276 1110 1302 1194 ζ
1323 1109 1448 1181 κανόνα
1473 1119 1536 1203 τῆς
1560 1113 1594 1182 ίν

317 1210 566 1304 Νεοκαιααρείρ
586 1210 738 1282 συνόδου.
747 1218 769 1294 ¹)

641 1331 924 1408 Ἀκολουθία
951 1337 1016 1417 είς
1042 1331 1257 1436 δίγαμον.

400 1461 543 1554 Εὖλαγεῖ
555 1464 640 1535 κατὰ
653 1465 693 1534 εδ
708 1461 801 1548 ἔθος,
815 1465 866 1546 νδ,
886 1450 1093 1554 Τρίςᾶγίθγ·
1107 1450 1363 1528 Ἆπθλϋῖῖκίθν
1382 1473 1444 1558 τῆς
1457 1464 1590 1557 ἡμέρας.

816 1577 902 1652 Εἶτα
929 1581 1090 1674 συναπτή.

394 1685 457 1763 Ἐν
482 1681 607 1784 εἰρήνη
633 1694 701 1764 τοῦ
727 1687 872 1786 Κυρίου
898 1687 1109 1786 δεηθωμεν.

397 1786 503 1917 Ὑπίρ
529 1795 594 1885 τῆς
619 1790 773 1866 ἄνωθεν
799 1787 953 1888 εἰρήνης.

395 1887 500 1986 Ὑπὲρ
525 1898 595 1965 τοῦ
622 1888 733 2020 δγίρυ
760 1895 864 1968 α’ίκου
884 1889 1032 1968 τούτου.

397 1989 502 2090 Υπίρ
527 1999 606 2067 τῶν
630 1987 780 2069 δούλων
803 2001 873 2078 τοῦ
901 1998 994 2068 Θεοῦ
1021 1997 1100 2090 (τοῦ
1116 1990 1249 2090 δεῖνος)
1274 1990 1338 2067 καί
1365 1996 1442 2089 (τῆς
1460 1991 1590 2088 δεῖνος)

316 2091 631 2269 ιὲαὶθτῆςερν
567 2096 645 2190 θεῳ
672 2119 803 2191 σκεπης
826 2125 892 2170 και
879 2093 1160 2194 συμβιώσεως
1186 2122 1326 2183 αυτων,
1352 2121 1422 2169 του
1447 2100 1588 2189 λυριον

318 2223 411 2472 δεη*
400 2222 529 2392 ’ίίίιερ
531 2303 600 2371 τοῦ
627 2293 785 2394 συζῆσαι
813 2295 951 2382 αὐτοὺς
966 2301 1121 2381 καλῶς
1106 2325 1147 2372 εν
1165 2297 1334 2394 ὁμονοίᾳ,
1361 2305 1431 2372 τοῦ
1450 2295 1590 2394 Κυρίου

243 2502 245 2510 ’
345 2399 633 2595 εηθιίίιίίίίαβοῦ,
661 2506 799 2588 σοῦσον,
825 2499 973 2595 ἐλέησον
997 2529 1061 2575 και
1047 2497 1366 2598 διαφύλαξόν
1344 2508 1456 2596 ημᾶς.

407 2605 480 2696 Τῆς
504 2599 703 2725 παναγίας,
730 2598 933 2726 ἇχροίντου,
959 2601 1338 2732 ὑπερευλογημένης,
1335 2599 1504 2688 ἐνδόξου.

394 2700 478 2778 Ὅτι
503 2701 628 2799 πρέπει
656 2725 714 2776 σοι
738 2709 840 2777 πᾶσα
867 2700 972 2792 δόξα,
998 2703 1086 2801 τιμὴ
1111 2703 1176 2778 καί
1201 2701 1456 2802 πραςκύνησις.

643 2843 738 2919 Εἶτα.
787 2842 863 2913 Τοῦ
888 2835 1032 2935 Κυρίου
1057 2837 1268 2938 δεηθῶμεν.

400 2951 444 3031 Ὁ
471 2953 603 3037 Θεὸς”
585 2984 606 3028 υ
632 2952 846 3044 αίαίνιος,ι
828 2956 921 3030 υτδι
947 2957 1152 3056 διῃρημένα
1179 2951 1409 3060 συναγαγιίιν
1435 2961 1530 3044 είς
1512 2953 1587 3034 ενό-

319 3083 412 3154 τητα
437 3063 514 3132 κτλ.
541 3083 574 3154 p
590 3059 675 3132 517

393 3157 477 3236 Ότι
509 3155 681 3286 ἐλεημιυυ
704 3157 768 3232 καί
793 3155 1064 3258 φιλάνθρωπος
1093 3157 1234 3243 θεὸς
1211 3155 1400 3259 υποίρχεις,
1437 3161 1504 3234 καί
1534 3159 1587 3234 σαί

320 3259 389 3358 τὴν
414 3257 577 3344 δόξαν’
557 3259 842 3354 αναπὲμπομεν.

403 3357 542 3491 Είρήνη
568 3369 693 3437 πᾶσιν.
749 3361 823 3445 Τὰς
847 3358 1057 3456 κεφαλὰς
1036 3389 1146 3454 υμαιν
1171 3390 1224 3459 τῳ
1251 3361 1381 3460 Κυρίῳ
1406 3359 1563 3439 κλίναιε.

402 3462 582 3560 Κόριε,“
564 3491 584 3540 ο
614 3461 745 3546 θεὸς
724 3471 848 3559 ημῶν,
882 3463 997 3560 ὁτὴν
1021 3468 1060 3548 ἐξ
1084 3467 1213 3538 ἐθνῶν
1238 3463 1586 3562 προμνηστευσόμε-

319 3595 384 3648 νος
408 3563 603 3661 ἐκκλησίαν
627 3573 703 3640 κτλ.
731 3567 860 3663 ρ.518.

404 3674 490 3748 Είεα
516 3679 628 3766 λαβὼν
656 3675 674 3748 ό
703 3677 809 3768 ίερεὺς
836 3678 915 3759 τοὺς
943 3675 1146 3761 δακτυλίους,
1174 3676 1354 3748 ἐπιδίδωσι
1384 3689 1521 3768 πρῶτον
1545 3685 1586 3770 ιρ·

321 3775 417 3870 σἰνδρί
436 3780 494 3849 τὸν
512 3787 662 3870 χρυσοῦν,
683 3787 725 3872 τῇ
746 3781 784 3850 δὲ
805 3781 933 3869 γυναικί
954 3781 1012 3849 τὸν
1033 3777 1203 3870 ἀργυροῦν,
1228 3781 1286 3850 καί
1306 3780 1395 3870 λέγει
1416 3789 1467 3872 τῷ
1488 3780 1585 3868 ἇνδρί.

396 3884 750 3981 Ἀρραβαινίζεται“
732 3917 752 3962 α
778 3884 913 3969 δοῦλος
936 3894 1004 3961 τοῦ
1034 3890 1126 3961 θεοῦ
1153 3883 1185 3982 (ὃ
1213 3883 1397 3984 δεῖνα)
1357 3915 1428 4016 την
1454 3887 1585 3982 δούλην

319 3996 389 4063 τοῦ
419 3991 511 4062 θεοῦ
538 3987 618 4083 (τὴν
644 3987 762 4084 δεῖνα)
789 3992 840 4070 είς
855 3986 938 4061 τδ”
917 4015 1038 4088 ονομα
1061 3995 1129 4062 τοῦ
1148 3987 1299 4085 πατρὸς,
1325 3989 1389 4062 καί
1406 3997 1477 4064 τοῦ
1494 3991 1584 4076 υἱοῦ,

320 4089 477 4165 καὶτοῦ
503 4087 613 4193 ἁγίου
639 4086 859 4185 πνεύματος.

407 4263 432 4320 lt
449 4263 573 4314 steentee
592 4263 688 4326 nuntiae
707 4261 809 4312 nectente
828 4263 917 4312 Greeee
936 4275 1054 4326 nneqnem
1072 4261 1163 4326 peceati
1182 4259 1334 4320 condemnet,
1351 4261 1540 4312 incontinentiae
1554 4269 1586 4308 te·

320 4435 349 4482 tt
366 4433 513 4484 theentnnt
527 4432 598 4482 etiem
617 4432 641 4481 in
659 4430 768 4494 λίςεισαε
786 4431 867 4480 tenent·
884 4431 1032 4494 εΙίηαεαιααι
1049 4431 1150 4481 refrixit.
1185 4429 1300 4480 ίλυειίι
1316 4431 1340 4480 in
1351 4430 1463 4480 Letidin:
1481 4429 1584 4490 „tenter

319 4514 418 4565 wnnden
441 4515 480 4566 bei
503 4515 548 4564 δει
570 4516 668 4566 miton
691 4515 739 4564 ααδ
758 4509 845 4565 dritten
863 4515 914 4564 Ehe
931 4522 988 4564 etett
1005 4515 1049 4564 δεε
1066 4515 1211 4566 metnttenen
1229 4515 1325 4566 tronea
1343 4529 1390 4565 nnt·
1407 4515 1495 4578 ΙιεὶΙίρε
1510 4511 1584 4562 Βίίδιι

321 4599 381 4647 ther
408 4599 454 4650 den
473 4599 594 4664 fltnptern
622 4600 666 4650 der
688 4613 717 4654 ισ
736 4599 879 4649 Τιααεεδοα
904 4601 1031 4663 gennem
1056 4601 1114 4662 jetnt
1137 4600 1195 4650 wind
1215 4599 1268 4649 tein
1287 4599 1445 4652 Unternenied
1464 4598 1582 4658 metret-
1673 4589 1674 4613 ³

321 4683 427 4734 mecht“
463 4683 602 4734 Perseverat
619 4684 695 4748 rigide
713 4683 840 4748 diecipline
859 4685 922 4748 εριιδ
941 4685 1023 4748 ὅριοι,
1042 4683 1140 4748 Copten,
1158 4687 1284 4734 λιιοιαοι.
1384 4709 1386 4718 ν
