3336 5302
921 377 995 451 378

409 564 468 625 iarn
497 581 567 624 rero
591 558 739 624 diaconus
769 561 825 622 rite
848 573 1044 642 praeparatus
1067 569 1096 624 et
1119 569 1241 624 ornatus
1263 579 1444 642 progressus
1467 561 1497 624 in
1519 562 1581 624 Pro·

326 665 434 734 thesin,
459 665 498 724 ibi
521 665 639 743 reponit
662 675 692 725 et
713 664 848 741 disponit
870 683 937 724 vasa
961 682 1055 730 sacra.
1079 663 1179 725 oiiioio
1202 663 1303 724 divino
1320 663 1503 726 necessarie.
1524 665 1582 726 Coi·

326 767 404 827 Ιυυει
431 765 461 828 in
490 765 612 826 sinistra
640 775 723 844 perte
750 760 809 826 τόν
830 756 925 847 δίγισν
944 757 1096 827 Δίσκσν
1118 763 1227 835 (rarius
1249 757 1456 848 Δισκάρισν).
1501 765 1583 827 iiabet

325 868 446 943 figuram
470 866 564 928 lancis
587 885 695 927 aureae
717 867 761 928 rei
785 875 943 942 argenteae
961 867 1005 926 rot
1023 865 1102 927 disci
1118 865 1332 944 profundioris,
1356 875 1388 926 ut
1403 874 1473 946 apte
1488 867 1582 944 reponi

326 969 423 1046 possit
452 967 537 1046 panis
560 968 713 1044 erriogicus
740 999 782 1012 -·-
804 959 983 1050 σημαδεύει
1003 961 1062 1050 τὴν
1084 959 1211 1050 φάτνην
1232 957 1322 1028 ὅπου
1345 959 1488 1052 ἐγενηθη
1508 969 1580 1049 Χρι-

324 1065 402 1143 στὸς
428 1065 484 1131 καί
512 1061 662 1132 δουλεύει
688 1060 793 1152 ἀκύμη
814 1070 874 1151 τῆς
893 1059 1009 1152 κλίνης·
1024 1061 1060 1130 δν
1081 1053 1101 1152 μ’
1122 1063 1161 1129 τὸ
1183 1067 1279 1145 σῶμα
1295 1069 1357 1130 τοῦ
1380 1062 1506 1150 Κυρίου
1526 1060 1582 1131 ύιό

324 1171 384 1231 τοῦ
412 1162 526 1250 ἱερέως
551 1166 608 1232 καί
636 1171 696 1232 τοῦ
724 1161 877 1232 διακόνου
904 1162 1183 1244 κατασκευάζεται
1214 1164 1334 1242 δι’σινες
1367 1161 1455 1231 εἰσίν
1472 1159 1581 1252 Ἰωσὴφ

324 1263 380 1333 καί
402 1263 603 1356 Νικόδημος.
638 1266 735 1331 Simiii
759 1265 939 1333 rationarii
961 1261 1184 1351 Ποτήρισν,
1217 1269 1301 1332 Calin
1329 1269 1400 1332 item
1423 1287 1461 1332 cx
1482 1269 1581 1350 pretio-

326 1372 444 1432 sissima
469 1370 591 1434 materia
615 1382 734 1449 paratus
757 1371 787 1431 in
810 1372 911 1432 dextra
935 1382 1019 1450 parta
1041 1369 1205 1432 collocatus
1227 1380 1273 1432 est
1295 1361 1370 1432 tini
1389 1371 1450 1432 τοῦ
1461 1364 1583 1444 σκεύους

325 1461 344 1534 δ
367 1467 505 1547 ἐδέξατο
532 1469 571 1533 τὸ
598 1465 737 1548 ἐκχυθὲν
765 1459 848 1552 αἷμα
875 1469 935 1556 τῆς
953 1463 1166 1556 κεντηθείοης
1186 1463 1348 1554 ἅχρύντσυ
1369 1468 1516 1554 πλευρᾶς
1534 1465 1582 1532 καί

327 1566 477 1635 δουλεύει
498 1565 606 1656 ύκδμη
627 1567 700 1636 ἀντὶ
720 1574 780 1635 τοῦ
800 1574 961 1656 κρατῆρας
982 1562 1020 1634 ’όν
1041 1565 1060 1656 ἡ
1082 1565 1199 1655 σοφία,
1223 1563 1241 1634 ὁ
1263 1563 1336 1646 υίὸς
1349 1573 1413 1635 τσῦ
1427 1573 1509 1636 θεοῦ
1520 1566 1581 1634 ἐκί-

326 1691 408 1753 ρασε
434 1668 473 1734 τὸ
495 1666 615 1736 ἑαυτοῦ
637 1661 720 1755 αἷμα
740 1672 809 1738 κτλ.
853 1675 1025 1752 Respondet
1048 1675 1153 1734 discus
1177 1675 1305 1736 Patenae
1328 1673 1510 1746 Latinorum,
1531 1672 1579 1734 nisi

328 1776 406 1853 quod
440 1775 489 1836 iiia
524 1775 615 1836 nudto
649 1775 744 1836 maior
777 1785 838 1836 est:
877 1775 958 1836 tutin
996 1775 1163 1836 nuliatenus
1200 1775 1301 1836 diflert
1337 1794 1353 1836 a
1387 1774 1501 1836 Ledeia
1526 1793 1577 1834 mo-

327 1875 450 1951 nonest)

412 2009 482 2086 Cap.
506 2009 557 2073 ΙΙΙ.
602 2012 789 2074 Sacerdos
813 2010 938 2071 sacris
961 2008 1128 2070 vestitur
1149 2010 1394 2072 indumentis.
1431 2007 1576 2072 Ornatus

327 2111 620 2191 Episcoporum.
850 2095 853 2106 ¹

412 2213 561 2273 Sticirario
592 2213 712 2275 indutus
741 2213 832 2274 sumit
858 2208 896 2274 τὸ
922 2203 1237 2295 Ἐπιτραχήλισν
1265 2211 1364 2292 (Copt.
1392 2212 1577 2274 Bitorshii.

328 2313 391 2392 Syr.
415 2313 572 2398 Ouroro)
595 2315 701 2376 stolam
725 2313 951 2387 sacerdotalem,
981 2313 1087 2374 0rario
1109 2313 1245 2374 latiorem
1270 2330 1326 2374 nec
1348 2311 1417 2375 uilis
1440 2314 1577 2375 literarum

328 2417 408 2475 notis
430 2415 623 2495 conspicuam
647 2426 677 2477 et
699 2426 766 2488 ante
789 2425 894 2495 pectus
910 2417 1051 2485 iunctam,
1074 2433 1132 2494 qua
1149 2414 1312 2504 instructus
1328 2415 1477 2478 Sacerdos
1492 2413 1577 2475 omnia

327 2515 515 2577 administrat
537 2527 732 2586 sacramenta,
762 2535 867 2578 omnes
900 2513 1069 2596 impertitur
1102 2515 1338 2577 benedictiones.
1375 2515 1470 2576 Nicoi.
1492 2515 1577 2592 Buigc

327 2648 369 2659 -
391 2609 569 2700 σημαδεύει
596 2613 653 2678 τόν
681 2611 827 2702 ἐλαφρὸν
850 2611 944 2698 ζυγὸν
964 2618 1025 2678 τοῦ
1045 2617 1195 2699 Χριστοῦ
1216 2650 1258 2660 -
1278 2611 1337 2700 τὴν
1357 2611 1578 2698 κατερχομένην

326 2715 387 2776 τοῦ
408 2709 596 2796 πνεύματος
625 2710 720 2797 χάριν
748 2752 790 2764 -
814 2713 853 2780 τὸ
881 2708 1026 2794 σχοινίον
1051 2708 1130 2797 μεθ’
1159 2703 1199 2779 σύ
1226 2711 1411 2802 ἐπεφέρετο
1440 2710 1505 2781 ὑπὸ
1529 2717 1578 2779 τοῦ

328 2807 504 2896 ἀρχιερέως
530 2813 704 2897 δεδεμένος
728 2813 785 2882 καί
811 2811 990 2900 συρόμενος
1012 2814 1072 2881 ἐπὶ
1092 2815 1131 2880 τό
1152 2809 1305 2898 πρόσθεν
1326 2813 1385 2881 ἐπί
1405 2821 1454 2903 τῷ
1475 2809 1578 2901 τραχύ-

328 2912 374 2998 λιμ
402 2909 419 2978 ὁ
442 2915 589 2999 Χριστός
617 2913 652 2981 ἐν
678 2923 725 3004 τῷ
751 2913 862 2983 πόθει
883 2911 985 2982 αὑτοῦ
1006 2910 1231 3001 ἀπερχόμενος
1249 2913 1306 2981 καί
1326 2913 1365 2980 τὸ
1387 2913 1578 2999 σχοινίυνμί

327 3012 365 3080 τὸ
394 3009 514 3081 ὁποῖον
545 3011 733 3095 δΠιλυίτος
754 3013 855 3101 ἔκαμε
874 3014 931 3084 καί
953 3013 1083 3103 ἔδειραν
1105 3012 1138 3083 σί
1160 3021 1362 3099 οτρατιῦται
1382 3018 1442 3084 τὸν
1462 3013 1577 3106 Ἰησοῦν.

328 3119 507 3200 Plerumque
533 3121 731 3200 Epitracheiia
751 3121 865 3183 sericea
889 3131 956 3182 sunt
983 3121 1029 3182 vci
1064 3121 1259 3192 iroiosericeo‚
1293 3141 1506 3201 saepenumem
1530 3123 1578 3184 titis

328 3222 427 3281 aurcis
451 3231 480 3282 et
501 3222 650 3299 argenteis
674 3224 793 3287 intexta.

411 3323 520 3384 Postea
543 3325 708 3401 accingitur
727 3327 773 3408 τῇ
795 3315 922 3409 Ζώνη,
945 3321 1120 3400 Cingulo,
1145 3341 1203 3402 quo
1227 3323 1406 3386 Sticharium
1429 3335 1458 3388 et
1477 3326 1578 3406 Epitra·

328 3422 455 3483 chelium
479 3424 679 3486 continentur.
723 3425 846 3504 Mystico
867 3425 1016 3501 significat
1040 3420 1098 3508 τὴν
1121 3415 1324 3504 εὐπρέπειαν
1345 3414 1385 3508 ἣν
1407 3418 1426 3489 δ
1448 3421 1580 3511 Χριστός

327 3517 529 3602 βασιλεύσας
548 3517 772 3607 περιεζώσατο
795 3529 888 3604 Αρσε.
907 3527 932 3594 l,
953 3525 999 3623 133.
1032 3559 1062 3570 -
1079 3519 1259 3608 σημαδεύει
1280 3523 1339 3610 τὴν
1360 3519 1580 3611 ἀλήθειανκαὶ

327 3619 387 3706 την
414 3619 631 3709 δικαιοσύνην,
659 3619 748 3689 δποῦ
774 3621 890 3707 λέγουν
919 3618 1097 3707 ἀναγκαίας
1123 3619 1171 3702 εἷς
1199 3620 1286 3691 κύθε
1314 3619 1405 3709 ίερία
1429 3631 1468 3692 is.
1491 3633 1535 3701 11,
1554 3633 1579 3692 5.

330 3723 404 3802 Epir.
428 3727 457 3796 6,
488 3731 524 3790 14
552 3761 594 3771 -
615 3720 794 3813 σημαδεύει
819 3721 879 3810 την
908 3719 1046 3807 δύναμιν
1072 3719 1162 3791 δποῦ
1187 3720 1206 3791 δ
1238 3725 1384 3811 Χριστὸς
1412 3723 1505 3794 δίδου
1530 3730 1579 3792 τοῦ

329 3817 443 3906 ἱερέως
464 3823 522 3889 διὰ
543 3823 583 3890 νὰ
603 3821 771 3914 καταβαίνῃ
792 3829 867 3902 ταῖς
888 3821 1089 3907 ἐπιθυμίαις
1108 3830 1168 3914 τῆς
1188 3823 1410 3913 σαρκὸςόπσῦ
1423 3830 1581 3896 υτέκσντυι

329 3919 378 4002 εἰς
408 3921 467 4009 την
499 3919 606 4013 ὀσφύν
637 3925 693 3992 καὶ
724 3923 775 4006 είς
800 3923 878 4004 τούς
905 3922 1047 4014 νεφρούς
1075 3930 1137 3992 iob.
1159 3935 1210 4001 40.
1230 3935 1278 3994 ii.
1305 3964 1339 3976 -
1363 3923 1578 4012 κρατῦνταςῦ

329 4021 411 4112 ζώνη
435 4024 571 4109 δεμένυν
593 4025 711 4115 ζυγύρῳ
732 4029 771 4096 τὸ
793 4023 993 4114 στοιχάρισν,
1016 4024 1072 4094 δὲν
1093 4023 1225 4117 ύφείνει
1238 4029 1296 4095 τὸν
1311 4025 1403 4116 ίερὲα
1418 4036 1580 4105 πατοῦντες

416 4285 438 4341 it
463 4285 560 4335 Snrnmo
586 4292 622 4335 est
645 4285 707 4348 apud
727 4283 862 4335 Orieutrieo
884 4299 995 4335 ranorum
1020 4299 1142 4335 sacrorum
1161 4286 1264 4348 dignitus
1281 4295 1304 4336 et
1321 4289 1461 4338 reverentia.
1495 4284 1579 4338 onear

330 4381 365 4419 ast
384 4371 508 4434 proprium
527 4371 632 4420 oissciom
651 4369 690 4425 είς
706 4365 830 4434 tyanorum
849 4364 946 4418 δίσκου
962 4365 1010 4416 καλ
1027 4371 1157 4435 ποτηρίου
1174 4369 1277 4432 καινοῦ,
1295 4372 1319 4420 iu
1337 4385 1384 4436 que
1404 4369 1578 4422 nonsotuuoe

330 4454 432 4504 aedrotio
451 4455 622 4518 praescribitur
639 4454 682 4504 sed
699 4456 769 4502 etiam
788 4453 943 4504 consecratio
961 4467 989 4504 ex
1006 4452 1148 4504 Chrirmotc.
1183 4451 1311 4519 Aethiopes
1329 4456 1353 4505 io
1371 4469 1508 4520 quacunque
1519 4452 1577 4502 Ιίιει

329 4537 396 4601 quasi
415 4531 502 4587 daouo'
513 4537 610 4588 calicem
630 4547 654 4587 et
671 4547 780 4602 patenam
799 4539 927 4602 omniaque
946 4539 1113 4599 instrumento,
1131 4553 1192 4603 qaae
1208 4540 1511 4600 cucharistiaeinserriuot,
1527 4549 1576 4586 coo·

329 4631 432 4672 serrant.
450 4638 473 4687 p.
487 4622 542 4670 tot.
