3378 5302
915 400 985 492 σε

737 595 972 688 metm
992 593 1011 666 6
1036 593 1151 687 ἰερεός.

388 717 490 806 Δόξα
515 727 569 819 τῷ
600 724 678 818 Θεῷ
703 715 904 822 όρεόσαντ)
929 718 993 794 καί
1018 715 1211 820 ἁγιόζοντι
1236 714 1379 803 πάντας
1403 717 1513 817 ἡμᾶς.

755 826 756 832 ¹
780 867 890 958 Λέγει
910 863 930 936 6
953 865 1116 950 διόιονος.

384 985 618 1117 Υψώθητιέ
620 987 661 1064 πὶ
686 989 774 1119 1069
799 987 1028 1085 οὐρανοὺςὸ
1059 988 1158 1078 Θεὸς,
1192 1015 1259 1063 και
1246 985 1342 1062 ἐπὶ
1367 993 1496 1067 πᾶσαν
1521 986 1599 1085 τὴν

311 1100 384 1194 γῆν
408 1123 432 1188 η
418 1089 550 1194 δόξα
576 1114 657 1180 σου,
688 1091 754 1166 καί
778 1122 802 1189 η
790 1089 998 1189 βασιλεία
1025 1114 1094 1167 σου
1119 1087 1285 1188 διαμένει
1311 1093 1361 1173 εἰς
1384 1087 1473 1174 τοὺς
1500 1094 1599 1166 αἰῶ-

313 1222 382 1278 νας
404 1200 485 1270 τῶν
510 1189 672 1268 αἰιόνων.

312 1341 431 1417 w
411 1368 468 1414 οτε
493 1338 655 1430 μόλλει“
636 1367 655 1413 ο
684 1337 839 1423 διάκονος
862 1343 1000 1410 τιθέναι
1027 1337 1076 1421 εἰς
1101 1339 1141 1410 τὸ
1162 1335 1386 1430 παρατρόπεζ
1384 1353 1433 1423 ον,
1437 1333 1596 1429 λέγειι
1576 1365 1597 1408 ο

268 1453 271 1470 “
891 1439 1007 1530 ἰερεός.

391 1562 605 1666 Εὐλογητὸν
637 1559 834 1660 τὸόνομα
860 1561 1004 1661 Κυρίου
1035 1568 1104 1674 τοτ’)
1139 1559 1285 1638 Θεοῦ“
1264 1569 1387 1659 ημῶν,
1418 1567 1472 1648 εἰς
1503 1562 1599 1648 τοὺς

315 1670 466 1749 αἰῶνας

836 1771 1060 1860 Ὁόιόκονος.

391 1899 503 1976 Μετὰ
530 1895 656 1998 φόβου
685 1901 791 1990 Θεοῦ,
817 1898 880 1975 καί
906 1898 1074 1989 πίστεως,
1101 1897 1165 1974 καί
1190 1895 1335 2002 ἀγάπης
1360 1867 1596 1998 προςὲλΘετε.

870 2043 909 2117 ‘0
939 2045 1031 2129 λαός.

391 2167 691 2270 Εὐλογημένος
673 2199 693 2242 ο
719 2157 916 2266 ἐρχόμενος
941 2170 1023 2244 ἐν’
1009 2164 1165 2264 ονόματι
1189 2167 1343 2268 Κυρίου.

313 2316 385 2386 Καί
410 2312 515 2385 πόλιν
540 2314 598 2386 ότι
619 2314 754 2408 ἰπαίρε)
773 2316 833 2386 τόν
854 2291 967 2387 δόσκον
988 2313 1058 2386 ἀπὸ
1079 2323 1139 2387 τοῦ
1160 2319 1461 2410 παρατρασέζοα,“)
1489 2319 1598 2410 λέγει.

390 2432 504 2536 Κύριε
529 2435 740 2540 εὐλόγησον.

864 2551 935 2622 “0
925 2553 1040 2644 ιερεός.

392 2673 577 2749 Σῶσον
559 2703 578 2750 ο
608 2674 695 2758 Θεὸς
728 2672 797 2750 τὸν
821 2672 913 2750 λαόν
940 2697 1021 2765 σοι),
1048 2674 1110 2750 καί
1136 2673 1338 2778 εὐλόγησαν
1362 2674 1433 2773 τὴν
1457 2685 1597 2775 κληρο

313 2775 453 2874 νομίαν
478 2802 557 2850 σοι).

800 2887 872 2959 “0
862 2891 967 2978 ιερεὺς
987 2888 1100 2960 πόλιν.

390 3007 492 3098 Δόξα
516 3019 570 3106 τῷ
600 3015 678 3109 Θεῷ
703 3009 824 3108 ἡμῶν,
850 3019 904 3108 τῷ
932 3007 1131 3114 ἁγιόσαντι
1156 3009 1300 3096 πάντας
1320 3010 1428 3110 ἡμᾶς.

312 3161 385 3232 Καὶ
412 3159 492 3232 ὅταν
518 3157 697 3251 ἀποθῆται
723 3160 762 3230 τὸ
784 3157 953 3284 ’ποτήριον
980 3158 1029 3242 εἰς
1054 3161 1114 3251 τὴν
1140 3157 1238 3250 ἆγόαν
1259 3159 1437 3252 τράπεζαν,
1459 3161 1552 3251 λέγει
1575 3161 1597 3234 6

890 3259 1006 3350 ἰερεός.

339 3480 385 3558 ἰ
375 3387 459 3511 Είη
494 3381 537 3458 τὸ
571 3385 692 3480 ὄνομα
717 3383 861 3482 Κυρίου
887 3383 1133 3484 εὐλογημένον
1158 3387 1208 3469 εἰς
1233 3379 1320 3467 τοὺς
1345 3388 1487 3469 αἰῶνας
1511 3394 1598 3462 τῶν

315 3515 338 3559 α
355 3511 476 3560 ωνων.

634 3595 804 3686 Λέγουσιν
826 3624 861 3666 οι
848 3595 1031 3668 ιόιόιιονοι
1052 3599 1109 3670 καί
1131 3625 1149 3668 ο
1139 3595 1263 3680 ’λαός

391 3713 603 3815 Πλήρωσον
627 3717 671 3794 τὸ
698 3713 818 3813 στόμα
843 3718 982 3848 ἡμῶν
978 3716 1150 3848 αἰνόσεάός
1160 3746 1258 3813 σου,
1284 3717 1411 3819 Κόριε,
1436 3721 1502 3796 καὶ
1519 3753 1598 3818 χα-

314 3827 383 3918 ρᾶς
408 3821 593 3947 ἔμπλησον
618 3818 664 3896 τό)
687 3818 834 3916 χειλη“
813 3829 934 3952 ημῶν,
962 3819 1060 3908 ὅπως
1086 3819 1365 3920 ἆνυμνήσωμεν
1387 3821 1456 3918 τὴν
1472 3821 1596 3910 δόξαν

314 3945 396 4010 σου,
424 3919 512 4017 ὅλην
537 3919 605 4018 τὴν
629 3920 772 4024 ἡμέραν
796 3923 866 4020 τὴν
888 3921 1203 4026 μεγαλοπρέπειόν
1229 3948 1309 4001 σοι).

847 4072 918 4140 Καὶ
939 4070 1052 4142 πόλιν.

373 4190 694 4316 Εὗχαριστοτίμόν
730 4217 802 4281 σοι,
837 4191 1030 4290 Χριστὲ
1012 4223 1032 4270 ο
1061 4192 1202 4277 Θεὸς
1181 4202 1303 4323 ημῶν,
1341 4191 1396 4269 ὅτι
1428 4193 1595 4290 ἠξίωσας

311 4291 410 4418 ημᾶς
443 4299 638 4388 μετασχεῖν
670 4301 739 4370 τοῦ
772 4291 944 4392 σώματος
974 4294 1038 4370 καὶ
1071 4292 1227 4390 αἵματός
1260 4321 1342 4385 σου,
1375 4295 1469 4380 εἰς’
1452 4297 1596 4395 αἰρεσιν

313 4391 521 4491 ἁμαρτιῶν,
554 4394 618 4470 καὶ
651 4399 701 4479 εἰς
735 4394 833 4492 ζωὴν
867 4395 1032 4472 αἰώνιον.
1077 4396 1409 4526 Ἀκατακρίτοος*
1388 4406 1488 4494 ηιιᾶς
1515 4396 1596 4498 φό-

313 4498 437 4585 λαξον,
465 4493 702 4594 (ἰεόμεθα,“
672 4526 724 4581 ως
749 4497 896 4600 ἀγαθὸς
920 4499 984 4573 καὶ
1010 4495 1290 4598 φιλάνθρωπος.

400 4667 422 4728 1)
441 4669 540 4716 Mentula
558 4683 626 4729 prope
645 4673 721 4717 εἰιοει.
