<?xml version="1.0" encoding="UTF-8"?>
<!DOCTYPE html PUBLIC "-//W3C//DTD XHTML 1.0 Transitional//EN"
    "http://www.w3.org/TR/xhtml1/DTD/xhtml1-transitional.dtd">
<html xmlns="http://www.w3.org/1999/xhtml" xml:lang="en" lang="en">
 <head>
  <title>
</title>
<meta http-equiv="Content-Type" content="text/html;charset=utf-8" />
  <meta name='ocr-system' content='tesseract 3.04.00' />
  <meta name='ocr-capabilities' content='ocr_page ocr_carea ocr_par ocr_line ocrx_word'/>
</head>
<body>
  <div class='ocr_page' id='page_1' title='image "./codexliturgicus04danigoog/codexliturgicus04danigoog_0475.png"; bbox 0 0 3336 5302; ppageno 0'>
   <div class='ocr_carea' id='block_1_1' title="bbox 936 418 1009 494">
    <p class='ocr_par' dir='ltr' id='par_1_1' title="bbox 936 418 1009 494">
     <span class='ocr_line' id='line_1_1' title="bbox 936 418 1009 494; baseline 0 -1"><span class='ocrx_word' id='word_1_1' title='bbox 936 418 1009 494; x_wconf 83' lang='grc'>454</span> 
     </span>
    </p>
   </div>
   <div class='ocr_carea' id='block_1_2' title="bbox 305 595 1650 3646">
    <p class='ocr_par' dir='ltr' id='par_1_2' title="bbox 308 595 1591 804">
     <span class='ocr_line' id='line_1_2' title="bbox 308 595 1591 732; baseline 0.003 -56"><span class='ocrx_word' id='word_1_2' title='bbox 308 671 313 676; x_wconf 92' lang='grc'>.</span> <span class='ocrx_word' id='word_1_3' title='bbox 391 595 554 732; x_wconf 53' lang='lat' dir='ltr'>&#39;Chorus</span> <span class='ocrx_word' id='word_1_4' title='bbox 608 603 784 700; x_wconf 83' lang='lat' dir='ltr'>Unigenite</span> <span class='ocrx_word' id='word_1_5' title='bbox 820 603 882 678; x_wconf 75' lang='lat' dir='ltr'>uiti</span> <span class='ocrx_word' id='word_1_6' title='bbox 921 617 955 678; x_wconf 88' lang='lat' dir='ltr'>et</span> <span class='ocrx_word' id='word_1_7' title='bbox 989 607 1125 680; x_wconf 86' lang='lat' dir='ltr'>uerbum</span> <span class='ocrx_word' id='word_1_8' title='bbox 1146 607 1222 680; x_wconf 88' lang='lat' dir='ltr'>Dei</span> <span class='ocrx_word' id='word_1_9' title='bbox 1260 619 1323 681; x_wconf 86' lang='lat' dir='ltr'>etc.</span> <span class='ocrx_word' id='word_1_10' title='bbox 1361 605 1591 709; x_wconf 73' lang='grc' dir='ltr'><em>ὃμονογενὴς</em></span> 
     </span>
     <span class='ocr_line' id='line_1_3' title="bbox 338 705 1398 804; baseline -0.003 -23"><span class='ocrx_word' id='word_1_11' title='bbox 338 705 421 788; x_wconf 72' lang='grc' dir='ltr'><strong><em>υἷος</em></strong></span> <span class='ocrx_word' id='word_1_12' title='bbox 446 705 575 804; x_wconf 75' lang='lat' dir='ltr'>p.91.¹)</span> <span class='ocrx_word' id='word_1_13' title='bbox 1395 707 1398 716; x_wconf 48' lang='lat'><strong>¹</strong></span> 
     </span>
    </p>

    <p class='ocr_par' dir='ltr' id='par_1_3' title="bbox 417 807 1588 908">
     <span class='ocr_line' id='line_1_4' title="bbox 417 807 1588 908; baseline 0.002 -28"><span class='ocrx_word' id='word_1_14' title='bbox 417 809 594 883; x_wconf 81' lang='lat' dir='ltr'>Diaconos.</span> <span class='ocrx_word' id='word_1_15' title='bbox 647 807 770 880; x_wconf 81' lang='lat' dir='ltr'>iterum</span> <span class='ocrx_word' id='word_1_16' title='bbox 797 819 831 880; x_wconf 87' lang='lat' dir='ltr'>et</span> <span class='ocrx_word' id='word_1_17' title='bbox 856 807 978 881; x_wconf 89' lang='lat' dir='ltr'>iterum</span> <span class='ocrx_word' id='word_1_18' title='bbox 1004 811 1039 882; x_wconf 90' lang='lat' dir='ltr'>iu</span> <span class='ocrx_word' id='word_1_19' title='bbox 1066 834 1146 908; x_wconf 88' lang='lat' dir='ltr'>pace</span> <span class='ocrx_word' id='word_1_20' title='bbox 1174 811 1351 884; x_wconf 89' lang='lat' dir='ltr'>Dominum</span> <span class='ocrx_word' id='word_1_21' title='bbox 1381 811 1588 908; x_wconf 78' lang='lat' dir='ltr'>deprecemur.</span> 
     </span>
    </p>

    <p class='ocr_par' dir='ltr' id='par_1_4' title="bbox 412 911 1430 1003">
     <span class='ocr_line' id='line_1_5' title="bbox 412 911 1430 1003; baseline 0.002 -20"><span class='ocrx_word' id='word_1_22' title='bbox 412 912 511 984; x_wconf 75' lang='lat' dir='ltr'>Adsis</span> <span class='ocrx_word' id='word_1_23' title='bbox 539 911 647 1003; x_wconf 89' lang='lat' dir='ltr'>nohis,</span> <span class='ocrx_word' id='word_1_24' title='bbox 675 911 762 983; x_wconf 81' lang='lat' dir='ltr'>salua</span> <span class='ocrx_word' id='word_1_25' title='bbox 789 933 863 1002; x_wconf 77' lang='lat' dir='ltr'>noS,</span> <span class='ocrx_word' id='word_1_26' title='bbox 891 933 1048 983; x_wconf 87' lang='lat' dir='ltr'>succurre</span> <span class='ocrx_word' id='word_1_27' title='bbox 1075 923 1109 984; x_wconf 87' lang='lat' dir='ltr'>et</span> <span class='ocrx_word' id='word_1_28' title='bbox 1134 913 1293 986; x_wconf 85' lang='lat' dir='ltr'>miserere</span> <span class='ocrx_word' id='word_1_29' title='bbox 1320 913 1430 985; x_wconf 90' lang='lat' dir='ltr'>nohis.</span> 
     </span>
    </p>

    <p class='ocr_par' dir='ltr' id='par_1_5' title="bbox 337 1011 1589 1212">
     <span class='ocr_line' id='line_1_6' title="bbox 415 1011 1589 1112; baseline 0 -26"><span class='ocrx_word' id='word_1_30' title='bbox 415 1013 591 1086; x_wconf 76' lang='lat' dir='ltr'>Sacerdos.</span> <span class='ocrx_word' id='word_1_31' title='bbox 645 1011 756 1085; x_wconf 78' lang='lat' dir='ltr'><strong>Gloria</strong></span> <span class='ocrx_word' id='word_1_32' title='bbox 784 1023 817 1084; x_wconf 87' lang='lat' dir='ltr'>et</span> <span class='ocrx_word' id='word_1_33' title='bbox 844 1013 950 1084; x_wconf 86' lang='lat' dir='ltr'>honor</span> <span class='ocrx_word' id='word_1_34' title='bbox 978 1013 1065 1086; x_wconf 87' lang='lat' dir='ltr'>Patri</span> <span class='ocrx_word' id='word_1_35' title='bbox 1092 1025 1126 1086; x_wconf 89' lang='lat' dir='ltr'>et</span> <span class='ocrx_word' id='word_1_36' title='bbox 1150 1013 1234 1087; x_wconf 80' lang='lat' dir='ltr'>Filio</span> <span class='ocrx_word' id='word_1_37' title='bbox 1261 1025 1294 1086; x_wconf 90' lang='lat' dir='ltr'>et</span> <span class='ocrx_word' id='word_1_38' title='bbox 1319 1015 1460 1112; x_wconf 86' lang='lat' dir='ltr'>Spiritui</span> <span class='ocrx_word' id='word_1_39' title='bbox 1486 1015 1589 1088; x_wconf 86' lang='lat' dir='ltr'>Sancto</span> 
     </span>
     <span class='ocr_line' id='line_1_7' title="bbox 337 1115 1336 1212; baseline 0.003 -25"><span class='ocrx_word' id='word_1_40' title='bbox 337 1139 427 1187; x_wconf 89' lang='lat' dir='ltr'>nunc</span> <span class='ocrx_word' id='word_1_41' title='bbox 453 1127 487 1188; x_wconf 91' lang='lat' dir='ltr'>et</span> <span class='ocrx_word' id='word_1_42' title='bbox 512 1138 645 1212; x_wconf 80' lang='lat' dir='ltr'>semper</span> <span class='ocrx_word' id='word_1_43' title='bbox 672 1127 705 1186; x_wconf 88' lang='lat' dir='ltr'>et</span> <span class='ocrx_word' id='word_1_44' title='bbox 729 1117 763 1186; x_wconf 93' lang='lat' dir='ltr'>in</span> <span class='ocrx_word' id='word_1_45' title='bbox 791 1115 922 1186; x_wconf 85' lang='lat' dir='ltr'>saecula</span> <span class='ocrx_word' id='word_1_46' title='bbox 948 1117 1167 1190; x_wconf 83' lang='lat' dir='ltr'>saeculorum.</span> <span class='ocrx_word' id='word_1_47' title='bbox 1218 1119 1336 1190; x_wconf 80' lang='lat' dir='ltr'>Arnen.</span> 
     </span>
    </p>

    <p class='ocr_par' dir='ltr' id='par_1_6' title="bbox 414 1216 796 1290">
     <span class='ocr_line' id='line_1_8' title="bbox 414 1216 796 1290; baseline 0 -2"><span class='ocrx_word' id='word_1_48' title='bbox 414 1216 480 1288; x_wconf 85' lang='lat' dir='ltr'>Par</span> <span class='ocrx_word' id='word_1_49' title='bbox 508 1217 601 1290; x_wconf 90' lang='lat' dir='ltr'>vobis</span> <span class='ocrx_word' id='word_1_50' title='bbox 629 1217 796 1289; x_wconf 89' lang='lat' dir='ltr'>omnihus.</span> 
     </span>
    </p>

    <p class='ocr_par' dir='ltr' id='par_1_7' title="bbox 416 1317 991 1414">
     <span class='ocr_line' id='line_1_9' title="bbox 416 1317 991 1414; baseline -0.002 -23"><span class='ocrx_word' id='word_1_51' title='bbox 416 1319 555 1391; x_wconf 80' lang='lat' dir='ltr'>Chorus.</span> <span class='ocrx_word' id='word_1_52' title='bbox 608 1317 651 1390; x_wconf 84' lang='lat' dir='ltr'>Et</span> <span class='ocrx_word' id='word_1_53' title='bbox 677 1343 752 1391; x_wconf 90' lang='lat' dir='ltr'>cum</span> <span class='ocrx_word' id='word_1_54' title='bbox 778 1317 898 1414; x_wconf 90' lang='lat' dir='ltr'>spiritu</span> <span class='ocrx_word' id='word_1_55' title='bbox 923 1329 991 1392; x_wconf 89' lang='lat' dir='ltr'>tuo.</span> 
     </span>
    </p>

    <p class='ocr_par' dir='ltr' id='par_1_8' title="bbox 415 1420 1183 1493">
     <span class='ocr_line' id='line_1_10' title="bbox 415 1420 1183 1493; baseline -0.001 0"><span class='ocrx_word' id='word_1_56' title='bbox 415 1420 594 1493; x_wconf 76' lang='lat' dir='ltr'>Diaconos.</span> <span class='ocrx_word' id='word_1_57' title='bbox 646 1421 788 1492; x_wconf 88' lang='lat' dir='ltr'>Dremus</span> <span class='ocrx_word' id='word_1_58' title='bbox 817 1421 994 1493; x_wconf 88' lang='lat' dir='ltr'>Dominum</span> <span class='ocrx_word' id='word_1_59' title='bbox 1021 1429 1183 1493; x_wconf 86' lang='lat' dir='ltr'>nostrum.</span> 
     </span>
    </p>

    <p class='ocr_par' dir='ltr' id='par_1_9' title="bbox 416 1521 965 1595">
     <span class='ocr_line' id='line_1_11' title="bbox 416 1521 965 1595; baseline 0.002 -1"><span class='ocrx_word' id='word_1_60' title='bbox 416 1523 555 1594; x_wconf 79' lang='lat' dir='ltr'>Chorus.</span> <span class='ocrx_word' id='word_1_61' title='bbox 610 1521 727 1594; x_wconf 85' lang='lat' dir='ltr'>Coram</span> <span class='ocrx_word' id='word_1_62' title='bbox 757 1534 787 1593; x_wconf 88' lang='lat' dir='ltr'>te</span> <span class='ocrx_word' id='word_1_63' title='bbox 812 1521 965 1595; x_wconf 86' lang='lat' dir='ltr'>Domine.</span> 
     </span>
    </p>

    <p class='ocr_par' dir='ltr' id='par_1_10' title="bbox 338 1620 1587 1822">
     <span class='ocr_line' id='line_1_12' title="bbox 415 1620 1587 1722; baseline -0.003 -27"><span class='ocrx_word' id='word_1_64' title='bbox 415 1623 459 1695; x_wconf 78' lang='lat' dir='ltr'>Et</span> <span class='ocrx_word' id='word_1_65' title='bbox 492 1633 649 1695; x_wconf 84' lang='lat' dir='ltr'>cantatur</span> <span class='ocrx_word' id='word_1_66' title='bbox 675 1648 696 1694; x_wconf 89' lang='lat' dir='ltr'>o</span> <span class='ocrx_word' id='word_1_67' title='bbox 722 1622 830 1695; x_wconf 79' lang='lat' dir='ltr'>Cheru</span> <span class='ocrx_word' id='word_1_68' title='bbox 854 1625 966 1721; x_wconf 83' lang='lat' dir='ltr'>primu</span> <span class='ocrx_word' id='word_1_69' title='bbox 987 1647 1072 1720; x_wconf 84' lang='lat' dir='ltr'>paru</span> <span class='ocrx_word' id='word_1_70' title='bbox 1099 1622 1319 1708; x_wconf 70' lang='lat' dir='ltr'>Pandateriam,</span> <span class='ocrx_word' id='word_1_71' title='bbox 1354 1624 1413 1720; x_wconf 81' lang='lat' dir='ltr'>qui</span> <span class='ocrx_word' id='word_1_72' title='bbox 1440 1627 1522 1722; x_wconf 72' lang='lat' dir='ltr'>[ecto</span> <span class='ocrx_word' id='word_1_73' title='bbox 1545 1620 1587 1692; x_wconf 77' lang='lat' dir='ltr'>uei</span> 
     </span>
     <span class='ocr_line' id='line_1_13' title="bbox 338 1725 794 1822; baseline -0.007 -24"><span class='ocrx_word' id='word_1_74' title='bbox 338 1725 520 1798; x_wconf 77' lang='lat' dir='ltr'>dominicae</span> <span class='ocrx_word' id='word_1_75' title='bbox 543 1725 677 1822; x_wconf 85' lang='lat' dir='ltr'>proprii</span> <span class='ocrx_word' id='word_1_76' title='bbox 705 1737 794 1798; x_wconf 81' lang='lat' dir='ltr'>eunt.</span> 
     </span>
    </p>

    <p class='ocr_par' dir='ltr' id='par_1_11' title="bbox 305 1825 1588 2612">
     <span class='ocr_line' id='line_1_14' title="bbox 413 1825 1585 1924; baseline -0.006 -26"><span class='ocrx_word' id='word_1_77' title='bbox 413 1826 580 1899; x_wconf 75' lang='lat' dir='ltr'>Sacerdos</span> <span class='ocrx_word' id='word_1_78' title='bbox 604 1827 694 1899; x_wconf 82' lang='lat' dir='ltr'>inter</span> <span class='ocrx_word' id='word_1_79' title='bbox 715 1825 922 1924; x_wconf 83' lang='lat' dir='ltr'>psalmorum</span> <span class='ocrx_word' id='word_1_80' title='bbox 948 1836 1082 1899; x_wconf 84' lang='lat' dir='ltr'>contum</span> <span class='ocrx_word' id='word_1_81' title='bbox 1108 1827 1229 1899; x_wconf 84' lang='lat' dir='ltr'>tacite:</span> <span class='ocrx_word' id='word_1_82' title='bbox 1262 1826 1405 1898; x_wconf 83' lang='lat' dir='ltr'>Domine</span> <span class='ocrx_word' id='word_1_83' title='bbox 1432 1825 1517 1897; x_wconf 88' lang='lat' dir='ltr'>Deus</span> <span class='ocrx_word' id='word_1_84' title='bbox 1540 1847 1585 1894; x_wconf 88' lang='lat' dir='ltr'>nu·</span> 
     </span>
     <span class='ocr_line' id='line_1_15' title="bbox 336 1926 1585 2060; baseline -0.005 -59"><span class='ocrx_word' id='word_1_85' title='bbox 336 1941 418 2020; x_wconf 86' lang='lat' dir='ltr'>ster,</span> <span class='ocrx_word' id='word_1_86' title='bbox 444 1930 539 2000; x_wconf 89' lang='lat' dir='ltr'>euius</span> <span class='ocrx_word' id='word_1_87' title='bbox 566 1926 713 2025; x_wconf 86' lang='lat' dir='ltr'>potentia</span> <span class='ocrx_word' id='word_1_88' title='bbox 740 1929 1011 2024; x_wconf 81' lang='lat' dir='ltr'>imaginationem</span> <span class='ocrx_word' id='word_1_89' title='bbox 1038 1942 1213 2060; x_wconf 79' lang='lat' dir='ltr'>exsuperat</span> <span class='ocrx_word' id='word_1_90' title='bbox 1239 1939 1272 2000; x_wconf 90' lang='lat' dir='ltr'>et</span> <span class='ocrx_word' id='word_1_91' title='bbox 1299 1928 1404 2023; x_wconf 82' lang='lat' dir='ltr'>gioria</span> <span class='ocrx_word' id='word_1_92' title='bbox 1423 1928 1585 2022; x_wconf 84' lang='lat' dir='ltr'>incompre-</span> 
     </span>
     <span class='ocr_line' id='line_1_16' title="bbox 338 2024 1587 2125; baseline -0.004 -23"><span class='ocrx_word' id='word_1_93' title='bbox 338 2029 511 2102; x_wconf 89' lang='lat' dir='ltr'>hensibilis</span> <span class='ocrx_word' id='word_1_94' title='bbox 539 2043 601 2104; x_wconf 89' lang='lat' dir='ltr'>ete.</span> <span class='ocrx_word' id='word_1_95' title='bbox 638 2024 751 2124; x_wconf 74' lang='grc' dir='ltr'><strong><em>Κύριε</em></strong></span> <span class='ocrx_word' id='word_1_96' title='bbox 779 2027 798 2103; x_wconf 85' lang='grc' dir='ltr'>ὁ</span> <span class='ocrx_word' id='word_1_97' title='bbox 828 2027 915 2112; x_wconf 80' lang='grc' dir='ltr'><em>Θεὸς</em></span> <span class='ocrx_word' id='word_1_98' title='bbox 940 2027 1062 2124; x_wconf 80' lang='grc' dir='ltr'><strong><em>ἡμῶν,</em></strong></span> <span class='ocrx_word' id='word_1_99' title='bbox 1089 2056 1134 2104; x_wconf 88' lang='grc' dir='ltr'>ου</span> <span class='ocrx_word' id='word_1_100' title='bbox 1159 2028 1202 2102; x_wconf 88' lang='grc' dir='ltr'>τὸ</span> <span class='ocrx_word' id='word_1_101' title='bbox 1228 2026 1363 2125; x_wconf 82' lang='grc' dir='ltr'><em>κράτος</em></span> <span class='ocrx_word' id='word_1_102' title='bbox 1389 2025 1587 2102; x_wconf 77' lang='grc' dir='ltr'><strong><em>ἀνείκαστον</em></strong></span> 
     </span>
     <span class='ocr_line' id='line_1_17' title="bbox 337 2157 1588 2329; baseline -0.005 -24"><span class='ocrx_word' id='word_1_103' title='bbox 337 2157 359 2230; x_wconf 70' lang='lat' dir='ltr'><strong>p</strong></span> <span class='ocrx_word' id='word_1_104' title='bbox 415 2233 554 2306; x_wconf 81' lang='lat' dir='ltr'>Chorus.</span> <span class='ocrx_word' id='word_1_105' title='bbox 608 2232 725 2306; x_wconf 86' lang='lat' dir='ltr'>Omnis</span> <span class='ocrx_word' id='word_1_106' title='bbox 759 2245 846 2305; x_wconf 86' lang='lat' dir='ltr'>terra</span> <span class='ocrx_word' id='word_1_107' title='bbox 874 2234 1043 2308; x_wconf 83' lang='lat' dir='ltr'>Christum</span> <span class='ocrx_word' id='word_1_108' title='bbox 1077 2255 1191 2327; x_wconf 87' lang='lat' dir='ltr'>regem</span> <span class='ocrx_word' id='word_1_109' title='bbox 1218 2232 1394 2305; x_wconf 87' lang='lat' dir='ltr'>benedicat</span> <span class='ocrx_word' id='word_1_110' title='bbox 1421 2231 1541 2329; x_wconf 74' lang='lat' dir='ltr'>hymnis</span> <span class='ocrx_word' id='word_1_111' title='bbox 1563 2240 1588 2300; x_wconf 89' lang='lat' dir='ltr'>ct</span> 
     </span>
     <span class='ocr_line' id='line_1_18' title="bbox 338 2333 1588 2430; baseline -0.006 -23"><span class='ocrx_word' id='word_1_112' title='bbox 338 2337 486 2408; x_wconf 85' lang='lat' dir='ltr'>caruticis.</span> <span class='ocrx_word' id='word_1_113' title='bbox 540 2336 656 2407; x_wconf 89' lang='lat' dir='ltr'>Omnis</span> <span class='ocrx_word' id='word_1_114' title='bbox 695 2347 783 2406; x_wconf 86' lang='lat' dir='ltr'>terra</span> <span class='ocrx_word' id='word_1_115' title='bbox 819 2337 942 2430; x_wconf 84' lang='lat' dir='ltr'>gratias</span> <span class='ocrx_word' id='word_1_116' title='bbox 979 2345 1055 2428; x_wconf 84' lang='lat' dir='ltr'>agat</span> <span class='ocrx_word' id='word_1_117' title='bbox 1092 2335 1240 2407; x_wconf 87' lang='lat' dir='ltr'>canendo</span> <span class='ocrx_word' id='word_1_118' title='bbox 1278 2339 1421 2407; x_wconf 86' lang='lat' dir='ltr'>creatori</span> <span class='ocrx_word' id='word_1_119' title='bbox 1459 2333 1533 2406; x_wconf 86' lang='lat' dir='ltr'>coeli</span> <span class='ocrx_word' id='word_1_120' title='bbox 1563 2343 1588 2402; x_wconf 92' lang='lat' dir='ltr'>et</span> 
     </span>
     <span class='ocr_line' id='line_1_19' title="bbox 305 2434 1586 2533; baseline -0.005 -24"><span class='ocrx_word' id='word_1_121' title='bbox 305 2448 456 2533; x_wconf 72' lang='lat' dir='ltr'>terrae.</span> <span class='ocrx_word' id='word_1_122' title='bbox 508 2437 691 2512; x_wconf 76' lang='lat' dir='ltr'>Aderamus</span> <span class='ocrx_word' id='word_1_123' title='bbox 728 2435 889 2509; x_wconf 87' lang='lat' dir='ltr'>honorem</span> <span class='ocrx_word' id='word_1_124' title='bbox 923 2447 956 2509; x_wconf 89' lang='lat' dir='ltr'>et</span> <span class='ocrx_word' id='word_1_125' title='bbox 989 2436 1174 2509; x_wconf 87' lang='lat' dir='ltr'>orationem</span> <span class='ocrx_word' id='word_1_126' title='bbox 1200 2435 1353 2509; x_wconf 85' lang='lat' dir='ltr'>Trinitati</span> <span class='ocrx_word' id='word_1_127' title='bbox 1389 2451 1422 2508; x_wconf 87' lang='lat' dir='ltr'>et</span> <span class='ocrx_word' id='word_1_128' title='bbox 1449 2437 1501 2508; x_wconf 93' lang='lat' dir='ltr'>uui</span> <span class='ocrx_word' id='word_1_129' title='bbox 1526 2434 1586 2506; x_wconf 88' lang='lat' dir='ltr'>Dei·</span> 
     </span>
     <span class='ocr_line' id='line_1_20' title="bbox 336 2539 793 2612; baseline 0.002 -4"><span class='ocrx_word' id='word_1_130' title='bbox 336 2540 395 2610; x_wconf 79' lang='lat' dir='ltr'>tati</span> <span class='ocrx_word' id='word_1_131' title='bbox 425 2539 625 2612; x_wconf 70' lang='lat' dir='ltr'>insaecula.</span> <span class='ocrx_word' id='word_1_132' title='bbox 657 2542 793 2612; x_wconf 69' lang='lat' dir='ltr'>dunen.</span> 
     </span>
    </p>

    <p class='ocr_par' dir='ltr' id='par_1_12' title="bbox 336 2639 1586 3015">
     <span class='ocr_line' id='line_1_21' title="bbox 413 2639 1586 2732; baseline -0.003 -22"><span class='ocrx_word' id='word_1_133' title='bbox 413 2639 501 2710; x_wconf 83' lang='lat' dir='ltr'>Duru</span> <span class='ocrx_word' id='word_1_134' title='bbox 534 2639 614 2711; x_wconf 86' lang='lat' dir='ltr'>hacc</span> <span class='ocrx_word' id='word_1_135' title='bbox 647 2651 815 2711; x_wconf 78' lang='lat' dir='ltr'>coutuntur</span> <span class='ocrx_word' id='word_1_136' title='bbox 842 2640 878 2712; x_wconf 93' lang='lat' dir='ltr'>S.</span> <span class='ocrx_word' id='word_1_137' title='bbox 907 2643 1026 2712; x_wconf 87' lang='lat' dir='ltr'>tacite:</span> <span class='ocrx_word' id='word_1_138' title='bbox 1061 2639 1201 2712; x_wconf 88' lang='lat' dir='ltr'>Donuiue</span> <span class='ocrx_word' id='word_1_139' title='bbox 1229 2639 1318 2712; x_wconf 94' lang='lat' dir='ltr'>Deus</span> <span class='ocrx_word' id='word_1_140' title='bbox 1353 2650 1484 2732; x_wconf 86' lang='lat' dir='ltr'>noster,</span> <span class='ocrx_word' id='word_1_141' title='bbox 1516 2639 1586 2710; x_wconf 81' lang='lat' dir='ltr'>satra</span> 
     </span>
     <span class='ocr_line' id='line_1_22' title="bbox 336 2737 1586 2839; baseline -0.004 -27"><span class='ocrx_word' id='word_1_142' title='bbox 336 2740 494 2839; x_wconf 86' lang='lat' dir='ltr'>populum</span> <span class='ocrx_word' id='word_1_143' title='bbox 522 2751 616 2813; x_wconf 90' lang='lat' dir='ltr'>tuum</span> <span class='ocrx_word' id='word_1_144' title='bbox 642 2751 703 2813; x_wconf 89' lang='lat' dir='ltr'>etc.</span> <span class='ocrx_word' id='word_1_145' title='bbox 731 2737 843 2834; x_wconf 77' lang='grc' dir='ltr'><em>Κύριε</em></span> <span class='ocrx_word' id='word_1_146' title='bbox 870 2738 889 2813; x_wconf 87' lang='grc' dir='ltr'>ὁ</span> <span class='ocrx_word' id='word_1_147' title='bbox 920 2739 1006 2822; x_wconf 71' lang='grc' dir='ltr'>Θεὸς</span> <span class='ocrx_word' id='word_1_148' title='bbox 1030 2738 1151 2836; x_wconf 80' lang='grc' dir='ltr'><em>ἡμῶν,</em></span> <span class='ocrx_word' id='word_1_149' title='bbox 1179 2747 1304 2833; x_wconf 78' lang='grc' dir='ltr'>σῶσρν</span> <span class='ocrx_word' id='word_1_150' title='bbox 1328 2739 1396 2812; x_wconf 77' lang='grc' dir='ltr'>τὸν</span> <span class='ocrx_word' id='word_1_151' title='bbox 1423 2738 1509 2812; x_wconf 81' lang='grc' dir='ltr'><strong><em>λαόν</em></strong></span> <span class='ocrx_word' id='word_1_152' title='bbox 1532 2763 1586 2810; x_wconf 86' lang='grc' dir='ltr'>σου</span> 
     </span>
     <span class='ocr_line' id='line_1_23' title="bbox 336 2867 794 3015; baseline 0.002 -1"><span class='ocrx_word' id='word_1_153' title='bbox 336 2867 357 2940; x_wconf 72' lang='lat' dir='ltr'><strong>p</strong></span> <span class='ocrx_word' id='word_1_154' title='bbox 415 2944 479 3015; x_wconf 81' lang='lat' dir='ltr'>Dan</span> <span class='ocrx_word' id='word_1_155' title='bbox 507 2943 599 3015; x_wconf 86' lang='lat' dir='ltr'>robis</span> <span class='ocrx_word' id='word_1_156' title='bbox 630 2943 794 3015; x_wconf 89' lang='lat' dir='ltr'>omnibus.</span> 
     </span>
    </p>

    <p class='ocr_par' dir='ltr' id='par_1_13' title="bbox 337 3043 1586 3346">
     <span class='ocr_line' id='line_1_24' title="bbox 413 3043 1586 3129; baseline -0.005 -12"><span class='ocrx_word' id='word_1_157' title='bbox 413 3047 458 3118; x_wconf 79' lang='lat' dir='ltr'>Et</span> <span class='ocrx_word' id='word_1_158' title='bbox 483 3046 606 3117; x_wconf 83' lang='lat' dir='ltr'>iterum</span> <span class='ocrx_word' id='word_1_159' title='bbox 632 3046 732 3117; x_wconf 82' lang='lat' dir='ltr'>tacite</span> <span class='ocrx_word' id='word_1_160' title='bbox 759 3057 853 3117; x_wconf 85' lang='lat' dir='ltr'>orat:</span> <span class='ocrx_word' id='word_1_161' title='bbox 882 3043 946 3129; x_wconf 86' lang='lat' dir='ltr'>Qui</span> <span class='ocrx_word' id='word_1_162' title='bbox 974 3069 1166 3118; x_wconf 88' lang='lat' dir='ltr'>communes</span> <span class='ocrx_word' id='word_1_163' title='bbox 1193 3045 1253 3118; x_wconf 88' lang='lat' dir='ltr'>luas</span> <span class='ocrx_word' id='word_1_164' title='bbox 1280 3057 1313 3116; x_wconf 86' lang='lat' dir='ltr'>et</span> <span class='ocrx_word' id='word_1_165' title='bbox 1339 3045 1517 3117; x_wconf 84' lang='lat' dir='ltr'>concordes</span> <span class='ocrx_word' id='word_1_166' title='bbox 1541 3067 1586 3114; x_wconf 90' lang='lat' dir='ltr'>uo·</span> 
     </span>
     <span class='ocr_line' id='line_1_25' title="bbox 337 3139 1585 3243; baseline -0.006 -23"><span class='ocrx_word' id='word_1_167' title='bbox 337 3148 389 3220; x_wconf 89' lang='lat' dir='ltr'>his</span> <span class='ocrx_word' id='word_1_168' title='bbox 424 3149 561 3242; x_wconf 83' lang='lat' dir='ltr'>largitus</span> <span class='ocrx_word' id='word_1_169' title='bbox 595 3173 631 3218; x_wconf 91' lang='lat' dir='ltr'>es</span> <span class='ocrx_word' id='word_1_170' title='bbox 666 3147 924 3243; x_wconf 81' lang='lat' dir='ltr'>supplicationes</span> <span class='ocrx_word' id='word_1_171' title='bbox 951 3157 1013 3218; x_wconf 84' lang='lat' dir='ltr'>etc.</span> <span class='ocrx_word' id='word_1_172' title='bbox 1050 3144 1094 3221; x_wconf 86' lang='grc' dir='ltr'><em>Ὁ</em></span> <span class='ocrx_word' id='word_1_173' title='bbox 1125 3145 1192 3229; x_wconf 79' lang='grc' dir='ltr'>τὰς</span> <span class='ocrx_word' id='word_1_174' title='bbox 1224 3142 1351 3227; x_wconf 78' lang='grc' dir='ltr'><strong><em>κοινὰς</em></strong></span> <span class='ocrx_word' id='word_1_175' title='bbox 1384 3142 1516 3227; x_wconf 84' lang='grc' dir='ltr'><em>ταύτας</em></span> <span class='ocrx_word' id='word_1_176' title='bbox 1537 3139 1585 3215; x_wconf 73' lang='grc' dir='ltr'>καὶ</span> 
     </span>
     <span class='ocr_line' id='line_1_26' title="bbox 337 3243 1335 3346; baseline -0.001 -25"><span class='ocrx_word' id='word_1_177' title='bbox 337 3245 567 3342; x_wconf 78' lang='grc' dir='ltr'><strong><em>συμφώνους</em></strong></span> <span class='ocrx_word' id='word_1_178' title='bbox 589 3245 680 3342; x_wconf 84' lang='grc' dir='ltr'><em>ἡμῖν</em></span> <span class='ocrx_word' id='word_1_179' title='bbox 702 3243 952 3340; x_wconf 76' lang='grc' dir='ltr'><em>χαρισάμενος</em></span> <span class='ocrx_word' id='word_1_180' title='bbox 976 3245 1176 3340; x_wconf 80' lang='grc' dir='ltr'><strong><em>προςευχάς</em></strong></span> <span class='ocrx_word' id='word_1_181' title='bbox 1200 3273 1232 3346; x_wconf 92' lang='lat' dir='ltr'>p.</span> <span class='ocrx_word' id='word_1_182' title='bbox 1250 3248 1335 3322; x_wconf 88' lang='grc'><strong>343.</strong></span> 
     </span>
    </p>

    <p class='ocr_par' dir='ltr' id='par_1_14' title="bbox 335 3347 1650 3550">
     <span class='ocr_line' id='line_1_27' title="bbox 415 3347 1583 3448; baseline -0.007 -25"><span class='ocrx_word' id='word_1_183' title='bbox 415 3351 580 3423; x_wconf 84' lang='lat' dir='ltr'>Cantetur</span> <span class='ocrx_word' id='word_1_184' title='bbox 604 3350 754 3447; x_wconf 78' lang='lat' dir='ltr'>Hymnus</span> <span class='ocrx_word' id='word_1_185' title='bbox 781 3375 802 3421; x_wconf 90' lang='lat' dir='ltr'>o</span> <span class='ocrx_word' id='word_1_186' title='bbox 829 3350 928 3421; x_wconf 82' lang='lat' dir='ltr'>choro</span> <span class='ocrx_word' id='word_1_187' title='bbox 956 3361 988 3422; x_wconf 88' lang='lat' dir='ltr'>et</span> <span class='ocrx_word' id='word_1_188' title='bbox 1013 3353 1050 3448; x_wconf 79' lang='lat' dir='ltr'>fit</span> <span class='ocrx_word' id='word_1_189' title='bbox 1070 3351 1247 3446; x_wconf 75' lang='lat' dir='ltr'>[opressus</span> <span class='ocrx_word' id='word_1_190' title='bbox 1272 3351 1381 3422; x_wconf 82' lang='lat' dir='ltr'>minor</span> <span class='ocrx_word' id='word_1_191' title='bbox 1397 3349 1453 3423; x_wconf 80' lang='lat' dir='ltr'>uel</span> <span class='ocrx_word' id='word_1_192' title='bbox 1469 3347 1583 3420; x_wconf 81' lang='lat' dir='ltr'>uuilon-</span> 
     </span>
     <span class='ocr_line' id='line_1_28' title="bbox 335 3451 1650 3550; baseline -0.001 -26"><span class='ocrx_word' id='word_1_193' title='bbox 335 3453 388 3525; x_wconf 77' lang='lat' dir='ltr'>eis</span> <span class='ocrx_word' id='word_1_194' title='bbox 411 3477 475 3550; x_wconf 88' lang='lat' dir='ltr'>per</span> <span class='ocrx_word' id='word_1_195' title='bbox 502 3453 677 3524; x_wconf 80' lang='lat' dir='ltr'>ecclesium</span> <span class='ocrx_word' id='word_1_196' title='bbox 701 3451 865 3546; x_wconf 78' lang='lat' dir='ltr'>euuupelii</span> <span class='ocrx_word' id='word_1_197' title='bbox 890 3452 1086 3548; x_wconf 83' lang='lat' dir='ltr'>deportatio.</span> <span class='ocrx_word' id='word_1_198' title='bbox 1649 3461 1650 3474; x_wconf 62' lang='lat'>¹</span> 
     </span>
    </p>

    <p class='ocr_par' dir='ltr' id='par_1_15' title="bbox 411 3545 1585 3646">
     <span class='ocr_line' id='line_1_29' title="bbox 411 3545 1585 3646; baseline -0.007 -21"><span class='ocrx_word' id='word_1_199' title='bbox 411 3554 550 3625; x_wconf 79' lang='lat' dir='ltr'>quterim</span> <span class='ocrx_word' id='word_1_200' title='bbox 592 3554 713 3626; x_wconf 82' lang='lat' dir='ltr'>recitat</span> <span class='ocrx_word' id='word_1_201' title='bbox 751 3553 917 3625; x_wconf 82' lang='lat' dir='ltr'>Sucecdoe</span> <span class='ocrx_word' id='word_1_202' title='bbox 962 3563 1089 3626; x_wconf 82' lang='lat' dir='ltr'>secroto</span> <span class='ocrx_word' id='word_1_203' title='bbox 1126 3553 1323 3625; x_wconf 82' lang='lat' dir='ltr'>orationem·</span> <span class='ocrx_word' id='word_1_204' title='bbox 1344 3557 1409 3646; x_wconf 79' lang='grc' dir='ltr'>τῆς</span> <span class='ocrx_word' id='word_1_205' title='bbox 1444 3545 1585 3632; x_wconf 70' lang='grc' dir='ltr'>εἶςόδουτ</span> 
     </span>
    </p>
   </div>
   <div class='ocr_carea' id='block_1_3' title="bbox 336 3654 1586 3752">
    <p class='ocr_par' dir='ltr' id='par_1_16' title="bbox 336 3654 1586 3752">
     <span class='ocr_line' id='line_1_30' title="bbox 336 3654 1586 3752; baseline -0.006 -26"><span class='ocrx_word' id='word_1_206' title='bbox 336 3654 477 3726; x_wconf 89' lang='lat' dir='ltr'>Domine</span> <span class='ocrx_word' id='word_1_207' title='bbox 505 3658 594 3727; x_wconf 86' lang='lat' dir='ltr'>Deus</span> <span class='ocrx_word' id='word_1_208' title='bbox 621 3665 746 3746; x_wconf 86' lang='lat' dir='ltr'>noster,</span> <span class='ocrx_word' id='word_1_209' title='bbox 782 3655 836 3752; x_wconf 89' lang='lat' dir='ltr'>qui</span> <span class='ocrx_word' id='word_1_210' title='bbox 877 3656 1076 3728; x_wconf 85' lang='lat' dir='ltr'>corustituisti</span> <span class='ocrx_word' id='word_1_211' title='bbox 1104 3655 1136 3726; x_wconf 95' lang='lat' dir='ltr'>in</span> <span class='ocrx_word' id='word_1_212' title='bbox 1166 3655 1266 3726; x_wconf 78' lang='lat' dir='ltr'>coedis</span> <span class='ocrx_word' id='word_1_213' title='bbox 1294 3655 1429 3726; x_wconf 89' lang='lat' dir='ltr'>ordines</span> <span class='ocrx_word' id='word_1_214' title='bbox 1457 3665 1487 3725; x_wconf 91' lang='lat' dir='ltr'>et</span> <span class='ocrx_word' id='word_1_215' title='bbox 1511 3673 1586 3723; x_wconf 83' lang='lat' dir='ltr'>cuer·</span> 
     </span>
    </p>
   </div>
   <div class='ocr_carea' id='block_1_4' title="bbox 334 3924 1650 4750">
    <p class='ocr_par' dir='ltr' id='par_1_17' title="bbox 334 3924 1650 4750">
     <span class='ocr_line' id='line_1_31' title="bbox 422 3924 1584 3990; baseline -0.007 -14"><span class='ocrx_word' id='word_1_216' title='bbox 422 3927 445 3987; x_wconf 80' lang='grc'>1)</span> <span class='ocrx_word' id='word_1_217' title='bbox 463 3924 558 3976; x_wconf 77' lang='lat' dir='ltr'>Neale</span> <span class='ocrx_word' id='word_1_218' title='bbox 577 3941 600 3990; x_wconf 89' lang='lat' dir='ltr'>p.</span> <span class='ocrx_word' id='word_1_219' title='bbox 610 3926 673 3976; x_wconf 79' lang='lat'>361:</span> <span class='ocrx_word' id='word_1_220' title='bbox 693 3927 895 3988; x_wconf 81' lang='lat' dir='ltr'>‚‚Thehrmenian</span> <span class='ocrx_word' id='word_1_221' title='bbox 915 3927 985 3976; x_wconf 78' lang='lat' dir='ltr'>office</span> <span class='ocrx_word' id='word_1_222' title='bbox 1003 3928 1046 3976; x_wconf 87' lang='lat' dir='ltr'>has</span> <span class='ocrx_word' id='word_1_223' title='bbox 1065 3926 1271 3990; x_wconf 76' lang='lat' dir='ltr'>„Dnty-hcgatten</span> <span class='ocrx_word' id='word_1_224' title='bbox 1290 3925 1359 3976; x_wconf 87' lang='lat' dir='ltr'>Sou“</span> <span class='ocrx_word' id='word_1_225' title='bbox 1378 3935 1402 3974; x_wconf 85' lang='lat' dir='ltr'>at</span> <span class='ocrx_word' id='word_1_226' title='bbox 1420 3927 1459 3974; x_wconf 82' lang='lat' dir='ltr'>tha</span> <span class='ocrx_word' id='word_1_227' title='bbox 1473 3931 1584 3984; x_wconf 74' lang='lat' dir='ltr'>rcrycom·</span> 
     </span>
     <span class='ocr_line' id='line_1_32' title="bbox 336 4005 1650 4076; baseline -0.002 -16"><span class='ocrx_word' id='word_1_228' title='bbox 336 4019 501 4061; x_wconf 84' lang='lat' dir='ltr'>meuccmeat:</span> <span class='ocrx_word' id='word_1_229' title='bbox 520 4011 566 4060; x_wconf 84' lang='lat' dir='ltr'>aud</span> <span class='ocrx_word' id='word_1_230' title='bbox 585 4011 624 4060; x_wconf 81' lang='lat' dir='ltr'>the</span> <span class='ocrx_word' id='word_1_231' title='bbox 643 4011 782 4074; x_wconf 83' lang='lat' dir='ltr'>antiphona,</span> <span class='ocrx_word' id='word_1_232' title='bbox 801 4027 829 4060; x_wconf 87' lang='lat' dir='ltr'>or</span> <span class='ocrx_word' id='word_1_233' title='bbox 848 4027 877 4061; x_wconf 86' lang='lat' dir='ltr'>aa</span> <span class='ocrx_word' id='word_1_234' title='bbox 896 4011 1087 4076; x_wconf 81' lang='lat' dir='ltr'>approximation</span> <span class='ocrx_word' id='word_1_235' title='bbox 1105 4019 1130 4060; x_wconf 86' lang='lat' dir='ltr'>to</span> <span class='ocrx_word' id='word_1_236' title='bbox 1148 4010 1222 4069; x_wconf 83' lang='lat' dir='ltr'>them,</span> <span class='ocrx_word' id='word_1_237' title='bbox 1251 4011 1304 4060; x_wconf 80' lang='lat' dir='ltr'>also</span> <span class='ocrx_word' id='word_1_238' title='bbox 1322 4011 1345 4059; x_wconf 92' lang='lat' dir='ltr'>iu</span> <span class='ocrx_word' id='word_1_239' title='bbox 1364 4011 1405 4059; x_wconf 84' lang='lat' dir='ltr'>the</span> <span class='ocrx_word' id='word_1_240' title='bbox 1424 4023 1509 4073; x_wconf 78' lang='lat' dir='ltr'>proper</span> <span class='ocrx_word' id='word_1_241' title='bbox 1523 4005 1585 4070; x_wconf 76' lang='lat' dir='ltr'>ptum.</span> <span class='ocrx_word' id='word_1_242' title='bbox 1649 4039 1650 4052; x_wconf 74' lang='lat'>.</span> 
     </span>
     <span class='ocr_line' id='line_1_33' title="bbox 335 4088 1585 4159; baseline -0.01 -13"><span class='ocrx_word' id='word_1_243' title='bbox 335 4095 389 4156; x_wconf 86' lang='lat' dir='ltr'>Dat,</span> <span class='ocrx_word' id='word_1_244' title='bbox 408 4096 501 4146; x_wconf 79' lang='lat' dir='ltr'>instead</span> <span class='ocrx_word' id='word_1_245' title='bbox 521 4096 548 4145; x_wconf 82' lang='lat' dir='ltr'>os</span> <span class='ocrx_word' id='word_1_246' title='bbox 564 4096 604 4144; x_wconf 78' lang='lat' dir='ltr'>the</span> <span class='ocrx_word' id='word_1_247' title='bbox 623 4095 829 4159; x_wconf 68' lang='lat' dir='ltr'>„duty-begonem</span> <span class='ocrx_word' id='word_1_248' title='bbox 848 4097 925 4152; x_wconf 74' lang='lat' dir='ltr'>Son¹&#39;,</span> <span class='ocrx_word' id='word_1_249' title='bbox 952 4099 991 4144; x_wconf 84' lang='lat' dir='ltr'>the</span> <span class='ocrx_word' id='word_1_250' title='bbox 1010 4096 1220 4146; x_wconf 72' lang='lat' dir='ltr'>Armeno-Roman</span> <span class='ocrx_word' id='word_1_251' title='bbox 1239 4095 1284 4144; x_wconf 87' lang='lat' dir='ltr'>rite</span> <span class='ocrx_word' id='word_1_252' title='bbox 1302 4097 1391 4143; x_wconf 80' lang='lat' dir='ltr'>inserts</span> <span class='ocrx_word' id='word_1_253' title='bbox 1410 4095 1449 4144; x_wconf 82' lang='lat' dir='ltr'>ttae</span> <span class='ocrx_word' id='word_1_254' title='bbox 1467 4091 1542 4142; x_wconf 84' lang='lat' dir='ltr'>introit</span> <span class='ocrx_word' id='word_1_255' title='bbox 1556 4088 1585 4134; x_wconf 84' lang='lat' dir='ltr'>ua</span> 
     </span>
     <span class='ocr_line' id='line_1_34' title="bbox 334 4172 1585 4243; baseline -0.005 -14"><span class='ocrx_word' id='word_1_256' title='bbox 334 4179 375 4230; x_wconf 88' lang='lat' dir='ltr'>the</span> <span class='ocrx_word' id='word_1_257' title='bbox 399 4181 451 4243; x_wconf 79' lang='lat' dir='ltr'>dap.</span> <span class='ocrx_word' id='word_1_258' title='bbox 487 4181 564 4229; x_wconf 82' lang='lat' dir='ltr'>There</span> <span class='ocrx_word' id='word_1_259' title='bbox 588 4181 609 4230; x_wconf 83' lang='lat' dir='ltr'>is</span> <span class='ocrx_word' id='word_1_260' title='bbox 628 4181 749 4229; x_wconf 75' lang='lat' dir='ltr'>therefore</span> <span class='ocrx_word' id='word_1_261' title='bbox 768 4181 824 4230; x_wconf 85' lang='lat' dir='ltr'>here</span> <span class='ocrx_word' id='word_1_262' title='bbox 843 4197 855 4229; x_wconf 87' lang='lat' dir='ltr'>a</span> <span class='ocrx_word' id='word_1_263' title='bbox 875 4181 963 4230; x_wconf 77' lang='lat' dir='ltr'>double</span> <span class='ocrx_word' id='word_1_264' title='bbox 983 4181 1100 4241; x_wconf 65' lang='lat' dir='ltr'>blandan</span> <span class='ocrx_word' id='word_1_265' title='bbox 1123 4181 1162 4229; x_wconf 84' lang='lat' dir='ltr'>the</span> <span class='ocrx_word' id='word_1_266' title='bbox 1182 4182 1234 4230; x_wconf 84' lang='lat' dir='ltr'>ssrst</span> <span class='ocrx_word' id='word_1_267' title='bbox 1251 4181 1292 4229; x_wconf 83' lang='lat' dir='ltr'>thu</span> <span class='ocrx_word' id='word_1_268' title='bbox 1310 4181 1450 4241; x_wconf 85' lang='lat' dir='ltr'>corruption</span> <span class='ocrx_word' id='word_1_269' title='bbox 1467 4177 1536 4225; x_wconf 80' lang='lat' dir='ltr'>which</span> <span class='ocrx_word' id='word_1_270' title='bbox 1551 4172 1585 4218; x_wconf 76' lang='lat' dir='ltr'>h³⁵</span> 
     </span>
     <span class='ocr_line' id='line_1_35' title="bbox 335 4255 1583 4330; baseline -0.007 -16"><span class='ocrx_word' id='word_1_271' title='bbox 335 4266 375 4314; x_wconf 85' lang='lat' dir='ltr'>ior</span> <span class='ocrx_word' id='word_1_272' title='bbox 393 4266 513 4316; x_wconf 85' lang='lat' dir='ltr'>ccuuturics</span> <span class='ocrx_word' id='word_1_273' title='bbox 531 4263 652 4330; x_wconf 80' lang='lat' dir='ltr'>pucuailcd</span> <span class='ocrx_word' id='word_1_274' title='bbox 672 4265 694 4312; x_wconf 93' lang='lat' dir='ltr'>in</span> <span class='ocrx_word' id='word_1_275' title='bbox 714 4264 753 4313; x_wconf 83' lang='lat' dir='ltr'>the</span> <span class='ocrx_word' id='word_1_276' title='bbox 764 4265 890 4314; x_wconf 77' lang='lat' dir='ltr'>Armenian</span> <span class='ocrx_word' id='word_1_277' title='bbox 910 4267 963 4324; x_wconf 80' lang='lat' dir='ltr'>rite,</span> <span class='ocrx_word' id='word_1_278' title='bbox 983 4267 1009 4314; x_wconf 83' lang='lat' dir='ltr'>ot</span> <span class='ocrx_word' id='word_1_279' title='bbox 1026 4265 1110 4327; x_wconf 72' lang='lat' dir='ltr'>haring</span> <span class='ocrx_word' id='word_1_280' title='bbox 1128 4267 1169 4314; x_wconf 84' lang='lat' dir='ltr'>the</span> <span class='ocrx_word' id='word_1_281' title='bbox 1179 4264 1366 4328; x_wconf 73' lang='lat' dir='ltr'>Only-begottcn</span> <span class='ocrx_word' id='word_1_282' title='bbox 1386 4265 1480 4313; x_wconf 83' lang='lat' dir='ltr'>besudcs</span> <span class='ocrx_word' id='word_1_283' title='bbox 1497 4261 1531 4310; x_wconf 77' lang='lat' dir='ltr'>the</span> <span class='ocrx_word' id='word_1_284' title='bbox 1546 4255 1583 4304; x_wconf 79' lang='lat' dir='ltr'>lut·</span> 
     </span>
     <span class='ocr_line' id='line_1_36' title="bbox 334 4337 1584 4413; baseline -0.003 -15"><span class='ocrx_word' id='word_1_285' title='bbox 334 4349 375 4398; x_wconf 85' lang='lat' dir='ltr'>tial</span> <span class='ocrx_word' id='word_1_286' title='bbox 396 4351 486 4413; x_wconf 63' lang='lat' dir='ltr'>mem</span> <span class='ocrx_word' id='word_1_287' title='bbox 511 4349 550 4398; x_wconf 89' lang='lat' dir='ltr'>the</span> <span class='ocrx_word' id='word_1_288' title='bbox 569 4348 667 4408; x_wconf 83' lang='lat' dir='ltr'>second,</span> <span class='ocrx_word' id='word_1_289' title='bbox 692 4349 742 4397; x_wconf 85' lang='lat' dir='ltr'>that</span> <span class='ocrx_word' id='word_1_290' title='bbox 766 4349 793 4397; x_wconf 85' lang='lat' dir='ltr'>oi</span> <span class='ocrx_word' id='word_1_291' title='bbox 809 4349 848 4397; x_wconf 84' lang='lat' dir='ltr'>the</span> <span class='ocrx_word' id='word_1_292' title='bbox 867 4350 957 4398; x_wconf 78' lang='lat' dir='ltr'>homan</span> <span class='ocrx_word' id='word_1_293' title='bbox 977 4357 1121 4408; x_wconf 78' lang='lat' dir='ltr'>coercemus,</span> <span class='ocrx_word' id='word_1_294' title='bbox 1146 4351 1168 4398; x_wconf 89' lang='lat' dir='ltr'>in</span> <span class='ocrx_word' id='word_1_295' title='bbox 1189 4349 1283 4411; x_wconf 70' lang='lat' dir='ltr'>making</span> <span class='ocrx_word' id='word_1_296' title='bbox 1301 4349 1342 4398; x_wconf 79' lang='lat' dir='ltr'>the</span> <span class='ocrx_word' id='word_1_297' title='bbox 1361 4349 1445 4398; x_wconf 83' lang='lat' dir='ltr'>introit</span> <span class='ocrx_word' id='word_1_298' title='bbox 1462 4359 1525 4408; x_wconf 76' lang='lat' dir='ltr'>aguet</span> <span class='ocrx_word' id='word_1_299' title='bbox 1540 4337 1584 4386; x_wconf 73' lang='lat' dir='ltr'>otu</span> 
     </span>
     <span class='ocr_line' id='line_1_37' title="bbox 336 4425 1650 4496; baseline -0.002 -13"><span class='ocrx_word' id='word_1_300' title='bbox 336 4433 394 4494; x_wconf 86' lang='lat' dir='ltr'>that,</span> <span class='ocrx_word' id='word_1_301' title='bbox 419 4435 511 4483; x_wconf 84' lang='lat' dir='ltr'>instead</span> <span class='ocrx_word' id='word_1_302' title='bbox 535 4435 562 4483; x_wconf 79' lang='lat' dir='ltr'>oi</span> <span class='ocrx_word' id='word_1_303' title='bbox 584 4434 638 4482; x_wconf 85' lang='lat' dir='ltr'>with</span> <span class='ocrx_word' id='word_1_304' title='bbox 664 4433 704 4482; x_wconf 86' lang='lat' dir='ltr'>the</span> <span class='ocrx_word' id='word_1_305' title='bbox 722 4433 799 4482; x_wconf 82' lang='lat' dir='ltr'>initiat</span> <span class='ocrx_word' id='word_1_306' title='bbox 820 4433 902 4496; x_wconf 74' lang='lat' dir='ltr'>Hymn.</span> <span class='ocrx_word' id='word_1_307' title='bbox 938 4433 1025 4483; x_wconf 83' lang='lat' dir='ltr'>thre</span> <span class='ocrx_word' id='word_1_308' title='bbox 1043 4435 1083 4483; x_wconf 80' lang='lat' dir='ltr'>the</span> <span class='ocrx_word' id='word_1_309' title='bbox 1102 4433 1339 4496; x_wconf 53' lang='lat' dir='ltr'>„duty-begonem</span> <span class='ocrx_word' id='word_1_310' title='bbox 1357 4448 1443 4483; x_wconf 83' lang='lat' dir='ltr'>occurs</span> <span class='ocrx_word' id='word_1_311' title='bbox 1461 4425 1583 4480; x_wconf 66' lang='grc'><strong>111111141-</strong></span> <span class='ocrx_word' id='word_1_312' title='bbox 1649 4445 1650 4480; x_wconf 75' lang='lat'>1</span> 
     </span>
     <span class='ocr_line' id='line_1_38' title="bbox 336 4507 1650 4582; baseline -0.004 -16"><span class='ocrx_word' id='word_1_313' title='bbox 336 4519 552 4580; x_wconf 74' lang='lat' dir='ltr'>meno-Gregorian</span> <span class='ocrx_word' id='word_1_314' title='bbox 571 4519 625 4576; x_wconf 86' lang='lat' dir='ltr'>ritu,</span> <span class='ocrx_word' id='word_1_315' title='bbox 643 4517 683 4567; x_wconf 81' lang='lat' dir='ltr'>the</span> <span class='ocrx_word' id='word_1_316' title='bbox 701 4517 791 4566; x_wconf 81' lang='lat' dir='ltr'>Roman</span> <span class='ocrx_word' id='word_1_317' title='bbox 810 4517 899 4567; x_wconf 78' lang='lat' dir='ltr'>edition</span> <span class='ocrx_word' id='word_1_318' title='bbox 919 4518 938 4576; x_wconf 85' lang='grc'>11</span> <span class='ocrx_word' id='word_1_319' title='bbox 956 4528 1028 4582; x_wconf 83' lang='lat' dir='ltr'>quote</span> <span class='ocrx_word' id='word_1_320' title='bbox 1047 4519 1108 4568; x_wconf 85' lang='lat' dir='ltr'>trouu</span> <span class='ocrx_word' id='word_1_321' title='bbox 1127 4519 1167 4567; x_wconf 86' lang='lat' dir='ltr'>the</span> <span class='ocrx_word' id='word_1_322' title='bbox 1185 4517 1324 4567; x_wconf 80' lang='lat' dir='ltr'>authorieed</span> <span class='ocrx_word' id='word_1_323' title='bbox 1342 4517 1426 4567; x_wconf 76' lang='lat' dir='ltr'>Italian</span> <span class='ocrx_word' id='word_1_324' title='bbox 1439 4512 1533 4568; x_wconf 73' lang='lat' dir='ltr'>veniunt</span> <span class='ocrx_word' id='word_1_325' title='bbox 1549 4507 1582 4555; x_wconf 75' lang='lat' dir='ltr'>htt</span> <span class='ocrx_word' id='word_1_326' title='bbox 1649 4535 1650 4568; x_wconf 64' lang='lat'>2</span> 
     </span>
     <span class='ocr_line' id='line_1_39' title="bbox 336 4589 1581 4668; baseline -0.001 -20"><span class='ocrx_word' id='word_1_327' title='bbox 336 4600 395 4658; x_wconf 83' lang='lat' dir='ltr'>Qut</span> <span class='ocrx_word' id='word_1_328' title='bbox 414 4603 441 4650; x_wconf 86' lang='lat' dir='ltr'>si</span> <span class='ocrx_word' id='word_1_329' title='bbox 459 4603 529 4652; x_wconf 85' lang='lat' dir='ltr'>dice</span> <span class='ocrx_word' id='word_1_330' title='bbox 547 4603 721 4652; x_wconf 83' lang='lat' dir='ltr'>i&#39;lntroito</span> <span class='ocrx_word' id='word_1_331' title='bbox 740 4603 874 4666; x_wconf 85' lang='lat' dir='ltr'>proprio</span> <span class='ocrx_word' id='word_1_332' title='bbox 893 4603 942 4652; x_wconf 79' lang='lat' dir='ltr'>tet</span> <span class='ocrx_word' id='word_1_333' title='bbox 961 4603 1085 4665; x_wconf 76' lang='lat' dir='ltr'>giorno.</span> <span class='ocrx_word' id='word_1_334' title='bbox 1111 4601 1162 4650; x_wconf 78' lang='lat' dir='ltr'>Tha</span> <span class='ocrx_word' id='word_1_335' title='bbox 1180 4603 1310 4668; x_wconf 81' lang='lat' dir='ltr'>antiphona</span> <span class='ocrx_word' id='word_1_336' title='bbox 1328 4617 1370 4653; x_wconf 79' lang='lat' dir='ltr'>are</span> <span class='ocrx_word' id='word_1_337' title='bbox 1388 4596 1494 4665; x_wconf 80' lang='lat' dir='ltr'>supplied</span> <span class='ocrx_word' id='word_1_338' title='bbox 1511 4595 1536 4655; x_wconf 73' lang='lat' dir='ltr'>bt</span> <span class='ocrx_word' id='word_1_339' title='bbox 1551 4589 1581 4638; x_wconf 83' lang='lat' dir='ltr'>the</span> 
     </span>
     <span class='ocr_line' id='line_1_40' title="bbox 334 4673 817 4750; baseline 0.008 -20"><span class='ocrx_word' id='word_1_340' title='bbox 334 4681 440 4734; x_wconf 86' lang='lat' dir='ltr'>l&#39;tnno</span> <span class='ocrx_word' id='word_1_341' title='bbox 460 4673 656 4750; x_wconf 81' lang='lat' dir='ltr'>propritidci</span> <span class='ocrx_word' id='word_1_342' title='bbox 674 4686 817 4748; x_wconf 72' lang='lat' dir='ltr'>giorno.“</span> 
     </span>
    </p>
   </div>
   <div class='ocr_carea' id='block_1_5' title="bbox 0 0 1672 5302">
    <p class='ocr_par' dir='ltr' id='par_1_18' title="bbox 0 0 1672 5302">
     <span class='ocr_line' id='line_1_41' title="bbox 0 0 1672 5302; baseline 0 1"><span class='ocrx_word' id='word_1_343' title='bbox 0 0 1672 5302; x_wconf 95' lang='lat' dir='ltr'> </span> 
     </span>
    </p>
   </div>
  </div>
 </body>
</html>
