3378 5302
919 475 1000 556 102.

388 658 493 758 Ὑπὲρ
525 667 591 756 τῆς
625 659 779 734 ἀνωθεν
812 654 957 756 εἰρήνης
988 655 1052 732 καὶ
1080 660 1173 732 θεοῦ
1197 656 1498 756 ,φιλανθρωπίας
1531 659 1599 735 καῖ

316 761 499 862 σωτηρίας
523 769 603 837 τῶν
627 767 765 858 ψυχῶν
788 759 912 856 ἡμῶν,
937 765 1005 834 τοῦ
1031 757 1175 856 Κυρίου
1200 755 1412 856 δεηθῶμεν.

387 863 493 962 Ὑπὲρ
524 870 590 960 τῆς
622 861 767 959 εἰρήνης
797 870 866 951 τοῦ
901 857 1118 958 σύμπαντος
1146 855 1304 957 κόσμου,
1336 861 1400 936 καί
1426 857 1600 946 ὲναίσεως

245 985 251 994 ’
316 976 451 1043 πασῶν
481 974 560 1042 τῶν
593 962 714 1066 ἀγίων
745 971 814 1039 τοῦ
850 968 942 1039 Θεοῦ
976 965 1197 1060 ἐκκλησιῶν,
1229 971 1297 1038 τοῦ
1331 963 1474 1062 Κυρίου
1508 963 1601 1062 δεη-

316 1071 462 1166 θῶμεν.

389 1184 494 1285 Ὑπὲρ
527 1192 606 1260 τῶν
638 1179 983 1281 καρποφορούντων
1015 1181 1079 1258 καί
1103 1179 1422 1285 καλλιεργούντων
1445 1185 1489 1260 ὲν
1514 1188 1603 1269 ταῖς

318 1286 442 1392 ἀγίαις
472 1294 541 1361 τοῦ
570 1291 663 1361 Θεοῦ
689 1284 904 1381 ἐκκλησίαις,
936 1284 1186 1381 μεμνημένων
1209 1293 1289 1361 τῶν
1314 1281 1496 1382 πενήτων,
1527 1314 1602 1382 χη-

318 1399 399 1491 ρῶν
422 1387 487 1464 καὶ
513 1387 707 1486 ἀρφανῶν,
741 1386 856 1472 ξένων
880 1386 945 1461 καὶ
969 1384 1217 1483 ὲπιδεομένων
1241 1387 1305 1462 καὶ
1331 1395 1410 1464 τῶν
1435 1391 1602 1463 ἐντειλα-

317 1491 444 1589 μένων
468 1488 560 1586 ἡμῖν
586 1489 673 1572 ῶςτε
700 1485 948 1585 μνημονεύειν
973 1488 1100 1564 αὐτῶν
1117 1491 1159 1565 έν
1174 1494 1255 1574 ταῖς
1272 1495 1502 1589 προςευχαῖς,
1530 1497 1604 1564 τοῦ

317 1590 461 1691 Κυρίου
487 1589 697 1688 δεηθῶμεν.

391 1706 496 1807 Ὑπὲρ
535 1715 615 1783 τῶν
656 1710 697 1782 ἐν
728 1703 825 1810 γήρᾳ
857 1705 921 1782 καί
954 1705 1148 1806 ἀδυναμίᾳ
1181 1708 1322 1797 ὄντων,
1363 1705 1602 1796 νοσούντων,

320 1806 560 1908 καμνόντων,
586 1807 753 1885 καὶτῶν
778 1807 852 1883 ὑπὸ
877 1805 1103 1904 πνευμάτων
1128 1807 1361 1906 ἀκαθάρτων
1377 1810 1602 1906 ἐνοχλουμέ-

319 1942 413 2002 νων,
438 1919 502 2008 τῆς
527 1909 628 2006 παρὰ
654 1919 723 1985 τοῦ
739 1914 811 1986 Θεῦ
836 1909 985 2007 ταχείας
1008 1907 1142 1996 ἰάσεως
1166 1911 1230 1985 καί
1255 1910 1438 2009 σωτηρίας
1455 1911 1602 2000 αὐτῶν,

319 2023 389 2090 τοῦ
416 2012 560 2111 Κυρίου
587 2011 799 2108 δεηθῶμεν.

399 2129 515 2228 [Υπὲρ
541 2137 620 2208 τῶν
646 2133 687 2205 ὲν
712 2127 914 2226 παρθενίᾳ,
939 2128 1003 2204 καὶ
1028 2127 1171 2233 ἁγνείᾳ,
1198 2131 1261 2209 καὶ
1287 2127 1451 2227 ἀσκήσει,
1476 2129 1543 2206 καί
1559 2133 1604 2206 ἐν

282 2231 285 2240 ’
322 2241 448 2329 σεμνῷ
473 2228 585 2333 γάμῳ
613 2227 838 2332 διαγόντων,
864 2230 928 2305 καί
952 2239 1031 2306 τῶν
1056 2236 1098 2308 ὲν
1123 2234 1223 2330 ὄρεσι
1248 2231 1312 2307 καὶ
1330 2231 1520 2330 σπηλαίοις
1536 2231 1605 2307 καὶ

320 2339 403 2418 ταῖς
429 2333 536 2416 ὀπαῖς
561 2341 625 2429 τῆς
649 2341 716 2434 γῆς
733 2331 1022 2434 ἀγωνιζομένων
1038 2332 1153 2409 ὁσίων
1169 2335 1340 2434 πατέρων
1356 2365 1394 2410 τε
1410 2334 1474 2410 καί
1492 2333 1606 2409 ἀδελ-

324 2443 424 2535 φῶν,
449 2441 518 2510 τοῦ
544 2433 688 2532 Κυρίου
714 2432 942 2532 δεηθῶμεν.]

395 2548 501 2650 Ὑπὲρ
534 2553 736 2644 πλεόντων,
770 2549 1071 2651 ὁδοιπορούντων
1078 2607 1091 2642 ,
1123 2551 1387 2638 ξενιτευόντων
1418 2557 1607 2650 Χριστια-

322 2663 416 2744 νῶν,
441 2653 506 2729 καί
530 2662 610 2731 τῶν
626 2657 667 2730 ἐν
684 2654 965 2751 αἰχμαλωσίαις,
991 2655 1054 2729 καί
1070 2653 1238 2754 ὲξορίαις,
1264 2654 1328 2730 καί
1344 2658 1385 2730 ἐν
1403 2661 1607 2754 φυλακαῖς,

323 2755 389 2833 καὶ
420 2760 567 2853 πικραῖς
593 2755 775 2840 δουλείαις
801 2757 924 2832 όντων
949 2755 1126 2854 ἀδελφῶν
1150 2757 1273 2856 ἡμῶν,
1304 2760 1487 2855 εἰρηνικῆς
1512 2759 1609 2830 ἐπα-

323 2854 442 2934 νόδου
468 2858 609 2948 αι’πῶν,
635 2866 703 2933 τοῦ
729 2856 872 2956 Κυρίου
898 2857 1109 2954 δεηθῶμεν.
1394 2895 1400 2902 ·

397 2955 503 3058 Ὑπὲρ
529 2959 695 3058 ἀφέσεως
720 2958 929 3056 ἁμαρτιῶν,
954 2959 1018 3033 καὶ
1044 2954 1311 3087 συγχωρήσεως
1335 2955 1610 3056 πλημμελημά-

324 3088 403 3137 των
426 3057 549 3156 ῆμῶν,
575 3059 638 3135 καὶ
663 3058 755 3159 ὑπὲρ
781 3068 850 3136 τοῦ
876 3063 1064 3158 ῥυσθῆναι
1080 3070 1178 3158 ημᾶς
1195 3060 1268 3135 ἀπὸ
1285 3057 1404 3156 πόσης
1419 3059 1610 3156 θλίψεως,

327 3164 451 3265 ἀργῆς,
483 3158 676 3251 κινδύνου,
709 3161 773 3237 καὶ
806 3160 991 3264 ἀνάγκης,
1024 3161 1087 3238 καί
1120 3159 1402 3246 ἐπαναστάσεως
1435 3164 1610 3260 ἐχθρῶν,

324 3272 394 3339 τοῦ
420 3262 564 3361 Κυρίου
591 3263 801 3360 δεηθῶμεν.

398 3363 503 3462 Ὑπὲρ
530 3363 730 3462 εὐκρασίας
755 3367 890 3463 ἀέρων,
917 3365 1075 3462 ὄμβρων
1100 3369 1307 3463 εἰρηνικῶν,
1334 3358 1487 3461 δρόσων
1509 3364 1612 3466 ἀγα-

326 3469 428 3554 θῶν,
454 3474 611 3564 καρπῶν
636 3465 826 3565 εύφορίας,
852 3465 989 3549 τελείας
1013 3465 1213 3562 εὐετηρίας,
1238 3464 1302 3541 καί
1326 3462 1418 3564 ὑπὲρ
1435 3472 1505 3540 τοῦ
1523 3491 1611 3540 στε-

328 3563 455 3666 φάνου
479 3575 549 3642 τοῦ
573 3570 760 3656 ἐνιαυτοῦ,
786 3575 854 3641 τοῦ
878 3564 1022 3665 Κυρίου
1048 3565 1258 3664 δεηθῶμεν.

399 3665 505 3764 Ὑπὲρ
537 3673 617 3744 τῶν
649 3667 849 3766 παρόντων
880 3669 943 3744 καί
976 3669 1261 3766 συνευχομένων
1291 3666 1383 3766 ἡμῖν
1417 3671 1460 3743 ὲν
1484 3665 1610 3765 ταύτῃ

327 3770 375 3865 τῇ
410 3766 500 3871 ἀγίᾳ
533 3767 615 3866 ῶρρ
639 3768 703 3844 καί
728 3773 770 3844 ἐν
794 3769 908 3845 παντί
931 3779 1050 3868 καιρη·
1077 3771 1247 3869 πατέρων
1272 3769 1401 3846 τεκαὶ
1426 3769 1610 3869 ἀδελφῶν

326 3870 450 3966 ἡμῶν,
477 3869 653 3968 σπουδῆς,
678 3867 862 3967 καμάτου,
887 3871 951 3946 καὶ
976 3871 1193 3972 προθυμίας
1210 3871 1350 3961 αὐτῶν,
1375 3874 1445 3946 τοῦ
1459 3871 1612 3971 Κυρίου

328 3971 538 4071 δεηθῶμεν.

406 4091 481 4166 Καὶ
505 4089 597 4190 ὑπὲρ
623 4087 743 4190 πάσης
767 4097 889 4190 ψυχῆς
903 4094 1131 4190 Χριστιανῆς
1154 4089 1383 4188 θλιβομένης
1407 4089 1471 4165 καὶ
1488 4119 1610 4166 κατα-

330 4193 573 4290 πονουμένης,
599 4193 719 4277 ὲλέους
743 4194 806 4268 καί
830 4193 1012 4292 βοηθείας
1039 4198 1133 4268 Θεοῦ
1159 4190 1405 4288 ὲπιδεομένης,
1436 4192 1503 4267 καί
1529 4198 1611 4267 ε’πι-

331 4299 494 4393 στροφῆς
518 4297 598 4370 τῶν
622 4296 924 4392 πεπλανημένων,
956 4293 1097 4397 ὑγιείας
1120 4303 1200 4370 τῶν
1225 4289 1509 4382 ἀσθενούντων,
1543 4294 1611 4369 καὶ

332 4393 568 4493 ἀναῤῥύσεως
591 4401 671 4470 τῶν
696 4394 953 4494 αἰχμαλώτων,
991 4393 1234 4480 ἀναπαύσεως
1259 4399 1337 4470 τῶν
1362 4423 1612 4493 προκεκοιμη-

332 4496 458 4594 μένων
482 4498 653 4596 πατέρων
677 4526 716 4573 τε
740 4497 805 4573 καὶ
830 4498 1019 4600 ἀδελφῶν,
1044 4503 1113 4573 τοῦ
1137 4497 1280 4594 Κυρίου
1306 4496 1519 4594 δεηθῶμεν.

405 4597 510 4696 Ὑπὲρ
543 4607 612 4676 τοῦ
644 4603 931 4696 ιίςακουσθῆναι
956 4599 1019 4676 καί
1044 4598 1308 4697 εύπρόςδεκτον
1332 4601 1514 4701 γενέσθαι
1539 4595 1612 4694 τῆν

334 4699 461 4797 δέησιν
498 4699 608 4798 ἡμῶν
639 4698 798 4780 ἐνώπιον
831 4707 900 4779 τοῦ
935 4705 1048 4793 Θεοῦ,
1089 4700 1153 4778 καὶ
1185 4708 1254 4777 τοῦ
1284 4702 1613 4800 καταπεμφθῆναι
