3336 5302
943 409 1018 484 430
1260 391 1266 401 ⁸
1651 437 1652 514 ⁸

796 585 835 657 ‘O
854 589 952 678 χορδς
973 587 1154 680 ψάλλει“
1118 615 1158 658 το
1651 559 1652 586 ⁸

429 693 531 770 Σὲ(
508 702 716 790 υμνοῦμεν,
743 692 782 768 σί
807 694 1046 822 εὐλογοῦμεν,
1073 693 1132 768 σοὶ
1153 693 1460 792 εὐχαριστοῦμεν,
1485 691 1599 796 Κύριε·
1651 725 1652 818 η

344 825 408 872 και
395 792 659 894 “δεάμεθα,’
641 825 661 871 ο
689 794 820 880 Θεὸς”
799 804 918 892 ημῶν.

542 926 699 1016 Οιιρεῦς
717 924 887 1008 κλίνας“
850 953 910 1017 την
929 923 1136 1018 κεφαλὴν”
1099 953 1229 1012 ευχεται
1248 933 1428 1015 μυστικῶς·
1651 957 1652 1000 ι

429 1033 503 1109 Διά
527 1041 648 1109 ταῦτα
673 1031 835 1108 δέσποτα
851 1029 1030 1134 πανάγιε,
1056 1032 1120 1107 καὶ
1143 1031 1247 1129 ἡμεῖς
1268 1033 1303 1108 οἱ
1324 1031 1536 1130 ἁμαρτωλοὶ
1550 1033 1599 1106 κοί
1651 1011 1652 1070 ⁸

345 1133 490 1222 ἀνάξιοι
523 1135 652 1212 δοῦλοί
685 1161 767 1224 σου,
803 1135 838 1208 οἱ
870 1131 1162 1219 καταξιωθέντες
1193 1139 1417 1262 λειτουργεῖν
1442 1164 1496 1234 τῳ
1522 1133 1652 1262 ἁγίῳ
1651 1143 1652 1190 ⁸

346 1261 414 1312 σου
450 1237 724 1335 θυσιαστηρίῳ,
761 1235 806 1312 οῦ
840 1233 905 1310 διὰ
939 1234 1007 1320 τὰς
1041 1233 1337 1319 δικαιοσύναςι
1315 1243 1439 1332 ημῶν,
1472 1237 1519 1311 οῦ
1540 1235 1652 1336 γάρ

345 1336 568 1435 ἐποιήσαμεν
599 1368 636 1413 τι
669 1337 821 1465 ἀγαθὸν
852 1337 912 1413 ἐπὶ
942 1345 1008 1434 τῆς
1032 1345 1110 1439 γῆς,
1147 1337 1240 1412 ἀλλά
1266 1335 1331 1412 διὰ
1356 1337 1403 1411 τὰ
1430 1338 1509 1434 έλέη
1533 1364 1599 1425 σου,
1651 1363 1652 1438 3

343 1441 407 1518 καὶ
438 1442 526 1524 τοῦς
559 1436 775 1567 ολκτιρμοῦςε
803 1465 892 1530 σου,
926 1439 991 1522 οῦς
1022 1440 1161 1536 ἐξέχεας
1193 1438 1439 1522 πλουσίους
1423 1439 1477 1538 εφ’
1507 1437 1652 1536 ἡμᾶς
1651 1439 1652 1462 ²

344 1543 630 1672 προςργγίζομεν
663 1550 717 1639 τῷ
754 1539 850 1668 ἁγίῳ
885 1565 954 1618 σου
988 1540 1262 1640 θυσιαστηρίῳ
1299 1541 1362 1616 καὶ
1396 1539 1652 1638 προαθῦτες

344 1645 392 1722 τὰ
426 1645 610 1722 ἀντίτυπα
642 1651 711 1720 τοῦ
711 1641 854 1772 ἁγίου
888 1641 1061 1739 σώματος
1084 1642 1149 1717 καὶ
1175 1644 1330 1737 αἵματος
1353 1649 1423 1718 τοῦ
1447 1647 1599 1741 Χριστοῦ
1651 1725 1652 1728 ¹

346 1771 427 1837 σου,
454 1745 633 1842 δεόμεθα,
659 1745 723 1821 καὶ
749 1743 788 1820 σε
816 1743 1158 1842 παρακαλοῦμεν,’
1142 1741 1222 1845 α’γιε
1248 1742 1369 1870 ἁγίων
1385 1741 1584 1874 εῦδοκίηι
1549 1771 1600 1838 της

345 1857 410 1945 σῆς
442 1844 690 1978 ἀγαθάτητος,
723 1849 850 1922 ἐλθεῖν
880 1845 924 1920 τὸ
950 1843 1097 1942 πνεῦμά
1123 1867 1193 1920 σου
1217 1843 1313 1920 τὸ“
1239 1874 1414 1974 αγιον,
1422 1847 1477 1944 ἐφ’
1506 1845 1652 1942 ἡμᾶς,
1651 1895 1652 1942 3

343 1951 407 2025 καί
441 1950 500 2025 ἐπὶ
534 1949 582 2024 τά
618 1947 841 2047 προκείμενα
876 1946 984 2046 δῦρο
1019 1955 1151 2036 ταῦτα,
1188 1947 1251 2023 καὶ
1283 1956 1481 2050 ευλογῆσαι
1519 1945 1598 2021 αῦτὰ
1651 1943 1652 1992 ⁸

343 2053 407 2126 καὶ
433 2047 592 2168 ἁγιάσαι
611 2080 675 2126 και
663 2051 903 2135 “ἀναδεῖξαι.
961 2087 965 2092 ·

426 2151 641 2248 Ὁδιάκοινος
666 2163 855 2257 άποτίθησι
881 2166 921 2234 τὸ
942 2162 1146 2256 ῥιπίδιον“
1127 2189 1211 2253 οπερ
1240 2162 1379 2254 hedua,
1407 2161 1598 2252 ἢκάλυμμσ,
1651 2139 1652 2214 ⁸

343 2268 401 2338 καὶ
427 2263 557 2353 εῦχεται
583 2267 753 2358 ἐγγύτερον
780 2275 828 2357 τῷ
856 2265 947 2356 ἱερεῖ,
974 2267 1031 2336 καί
1048 2271 1299 2390 προςηονοῦοιν
1327 2262 1513 2356 ἀμφότεροι
1532 2265 1652 2352 τρὶς

344 2369 539 2485 ἔμπροσθεν
557 2377 632 2486 τῆς
664 2368 760 2482 ἁγίας
790 2369 966 2481 τραπέζης,
1000 2367 1057 2436 καί
1089 2364 1260 2454 εὐχόμενοι
1289 2363 1368 2436 καθ’
1396 2364 1533 2446 ἑαυτοὺς
1559 2363 1598 2445 τί,
1651 2357 1652 2406 ⁸

345 2457 365 2534 ὁ
394 2459 482 2543 Θεὸς
506 2455 685 2555 ἱλάσθητί
709 2486 773 2551 μοι
798 2466 851 2532 τοῦ
878 2455 1102 2556 ἁμαρτωλῷ,
1125 2469 1259 2558 λέγουσι
1278 2475 1446 2556 μυστικῶς
1466 2465 1542 2558 τρίς.

427 2574 585 2673 Κάριε“
568 2607 588 2652 ο
614 2576 661 2651 τὸ
683 2571 870 2701 πανάγιόν
896 2599 965 2649 σου
991 2581 1205 2670 πνεῦμαν
1164 2578 1205 2650 έν
1229 2581 1274 2671 τῇ
1301 2573 1407 2670 τρίτῃ
1434 2571 1513 2670 ἁίρᾳ
1536 2574 1652 2697 τοῖς

345 2679 562 2763 ἀποστόλοις
588 2704 656 2753 σου
682 2676 939 2774 καταπέμψας,
964 2683 1076 2751 τοῦτο
1102 2673 1225 2776 ἀγαθε
1251 2674 1302 2772 μὴ
1329 2671 1561 2770 ἀντανέλης’
1544 2670 1652 2766 αρ’

342 2779 463 2875 ἡμῶν·
514 2794 585 2862 Καὶ
605 2792 655 2874 τὸ,
692 2776 855 2906 καρδίαν
889 2776 1069 2872 καθαρὰν
1104 2777 1232 2852 κτίσον
1267 2781 1308 2851 ἐν
1342 2773 1479 2872 ἐμοί’
1461 2805 1482 2850 ο
1516 2771 1596 2856 Θεός.
1651 2791 1652 2848 3

344 2881 418 2956 Καὶ
443 2891 590 2978 πνεῦμα
616 2845 726 2964 εάθές
751 2875 962 2981 ἐγκαίνισον
988 2883 1029 2956 ίν
1054 2885 1131 2962 τοῖς
1155 2875 1322 2980 ἐγκάτοις
1346 2905 1434 2974 μου.
1651 2953 1652 2970 η

428 2991 577 3066 Rha-⁸
540 3023 600 3086 την
626 2995 774 3087 κεφαλὴν
803 2991 1028 3076 ῦποκλίνας“
1009 3021 1029 3063 ο
1058 2992 1219 3076 διάκονος,
1249 2992 1395 3064 δείκνυσι
1415 2998 1463 3083 τῷ
1485 2987 1597 3080 ὦρορίῳ
1651 2993 1652 3072 s

342 3098 399 3168 τὸν
421 3096 516 3186 άγιον
537 3092 647 3186 άρτον.
689 3097 762 3166 Καὶ
782 3097 870 3185 λέγει
890 3103 1065 3184 μυστικῶς.
1146 3123 1152 3138 ⁸
1651 3139 1652 3142 =

425 3200 642 3305 Εῦλάγησον
668 3199 829 3276 δέσποτα
854 3202 922 3277 τὸν
948 3199 1057 3301 ἅγιον
1082 3202 1207 3298 ἄρτον.
1651 3253 1652 3304 η

382 3399 389 3414 ·
426 3319 498 3388 Καὶ
518 3317 538 3387 ὁ
562 3317 668 3408 ἱερεὺς
689 3314 906 3405 ἀνιστάμενος
927 3314 1103 3408 οφραγίζει
1123 3315 1195 3405 τρὶς
1215 3315 1258 3385 τὰ
1280 3313 1359 3404 άγια
1381 3317 1488 3405 δῶρα·
1511 3313 1598 3401 λέγειν
1651 3319 1652 3324 ’

219 3503 228 3516 .
340 3427 515 3508 μυστικῶς.
1180 3465 1184 3471 -

433 3524 507 3600 Τὸν
538 3552 609 3618 μεν
642 3525 759 3653 ἄρτον
790 3532 939 3614 τοῦτον,
973 3522 1128 3619 ποίησον
1161 3521 1253 3598 αῦτὸ
1285 3521 1328 3596 τὸ
1353 3519 1478 3619 τίμιον
1504 3527 1596 3609 στῦμα

342 3633 410 3700 τοῦ
436 3623 592 3724 Κυρίου,
618 3625 681 3702 καὶ
710 3629 816 3715 Θεοῦ,
841 3626 905 3701 καὶ
930 3633 1095 3722 σωτῆρος
1118 3624 1229 3722 ἡμῶν
1246 3623 1369 3720 Ἰησοῦ
1393 3628 1562 3721 Χριστοῦ.

425 3737 650 3823 Ὁδιάκονος.
695 3723 822 3826 Ἀμήν.

765 3860 836 3930 Καί
858 3851 961 3940 αὖθις
982 3855 1001 3928 ἁ
1025 3856 1188 3939 διάκονος.

425 3961 643 4068 Εῦλόγησον
667 3962 828 4040 δέσποτα
853 3963 896 4038 τὸ
922 3961 1032 4066 ἅγιον
1056 3960 1242 4061 ποτήριον.

721 4094 759 4165 Ὁ
781 4096 819 4166 δὲ
841 4093 947 4183 ἱερεὺς
968 4092 1110 4184 εὐλογῶν
1131 4093 1230 4182 λέγει.

431 4201 481 4278 Τὸ
507 4199 549 4278 δέ
574 4198 752 4299 ποτήριον
776 4208 901 4292 τοῦτο,
929 4199 1020 4275 αὐτὸ
1046 4198 1089 4274 τὸ
1114 4199 1241 4294 τίμιον
1262 4197 1355 4298 αίμα
1373 4207 1441 4275 τοῦ
1456 4193 1594 4295 Κυρίου,

292 4395 293 4398 ¹
340 4304 403 4379 καὶ
432 4309 539 4394 Θεοῦ,
564 4303 628 4379 καί
654 4309 818 4398 σωτῆρος
841 4301 951 4400 ἡμῶν
968 4303 1091 4398 Ἰησοῦ
1115 4305 1295 4400 Χριστοῦ.

422 4420 461 4488 Ὁ
478 4417 641 4550 διάκονος.
670 4401 798 4502 Ἀμήν·

887 4533 1063 4626 Ὁιερεῦς.

429 4639 479 4716 Τὸ
505 4573 715 4737 έκχυθεν”
691 4639 783 4738 υπέρ
809 4669 873 4738 της
897 4649 967 4716 τοῦ
991 4637 1134 4750 κόσμου
1162 4638 1266 4735 ζωης.
