3360 5304
695 423 768 498 223

181 607 238 670 Per
258 615 351 669 totam
375 607 583 688 iasaqaoatam
599 607 819 672 hebdomadam
842 603 949 694 ίμέση,
970 600 1113 690 μεσότης
1126 607 1191 672 τῶν
1206 610 1373 694 νηστειῶν,

100 701 349 790 μεσονήστιμος)
370 727 443 772 arua
463 707 585 790 publico
607 711 767 790 exponitur
788 710 950 774 adoranda.

180 836 211 899 8.
246 830 434 920 Κυριακή
464 827 637 922 τετάρτη
659 839 737 899 τῶν
759 837 972 922 Νηστειῶν
993 837 1025 913 (6
1040 835 1124 897 biart.
1146 835 1211 898 Lat.
1234 835 1372 912 Laetare)

102 935 185 998 lioba.
208 937 238 1010 6,
256 937 392 1002 13-20.
436 935 558 999 Taiad.:
593 931 768 1019 Ψάλλομεν
789 933 849 1021 τὴν
871 928 1076 1000 ἀκολουθίαν
1098 937 1158 1000 τοῦ
1180 929 1275 1001 ὁσίου
1296 939 1374 1001 Πα-

101 1031 173 1116 τρὸς
191 1029 285 1120 ἡμῶν
304 1029 494 1100 Ἰωαννου
515 1039 588 1101 τοῦ
610 1034 876 1124 συγγραφέως
895 1038 969 1122 τῆς
987 1030 1200 1117 κλίμακος.

179 1137 270 1200 Faria
292 1143 398 1219 quinta
418 1149 455 1201 ut
474 1138 580 1220 fidelos
602 1141 642 1201 ad
659 1144 877 1221 poeniteutiam
898 1151 1062 1202 evocemur
1079 1149 1222 1202 cantatur
1236 1131 1255 1204 ὃ
1269 1134 1375 1222 μέγας

102 1232 225 1315 Κανών,
247 1241 286 1302 ab
308 1241 431 1302 Aulaeo
454 1239 592 1306 Cretensi
611 1258 651 1302 ιτ
671 1245 818 1304 uas'usrsa
838 1243 948 1304 οτειτιέ
977 1250 1005 1304 at
1026 1244 1101 1302 ιιοοι·
1120 1241 1253 1320 foedaris
1277 1241 1373 1305 bisto-

103 1345 146 1402 rt'a
168 1339 322 1404 aollsatus.

178 1442 311 1505 Sabbata
345 1447 496 1504 recitatur
526 1433 545 1503 ὁ
579 1433 628 1516 τίς
658 1436 717 1525 τήν
744 1435 928 1526 ὐπεραγίον
955 1436 1118 1507 θεοτόκον
1139 1433 1374 1519 άκάθιστος

102 1535 220 1622 έμνος
248 1547 294 1605 a'ta
323 1545 420 1606 dictus
447 1547 517 1623 quta
545 1543 616 1605 olim
638 1545 801 1626 opooulo,
833 1546 868 1607 ab
889 1545 996 1608 arbam
1018 1556 1065 1608 tar
1086 1553 1238 1608 seruatam
1261 1562 1315 1625 ops
1337 1545 1372 1607 B.

106 1643 236 1723 liranus,
257 1663 317 1724 par
339 1654 434 1707 totam
455 1655 573 1706 uastam
594 1653 694 1706 staats
715 1647 781 1708 ιιίιε
803 1650 937 1709 sessione
958 1647 1133 1709 canebatur.

177 1773 209 1835 9.
232 1763 416 1853 Κοριακὴ
440 1763 608 1855 πέμπτη
629 1771 704 1832 τῶν
726 1772 942 1855 Νηστειῶν
964 1773 1016 1846 (19
1032 1771 1117 1834 biart.
1139 1771 1204 1834 Lat.
1221 1771 1372 1836 Iudicas.

103 1871 264 1947 Passionis)
294 1871 384 1934 near.
401 1873 431 1946 9,
449 1874 583 1934 11-14.
627 1869 747 1932 Trioda
780 1859 970 1992 Ψάλλομεγ
986 1893 1044 1956 την
1077 1863 1283 1937 άκολουθίαν
1314 1874 1374 1958 τῆς

103 1963 190 2048 ὁσίας
210 1967 338 2058 μητρὸς
358 1944 452 2055 ημῶν
472 1964 644 2055 Μαρίας
664 1973 737 2056 τῆς
756 1966 816 2038 A
804 1966 1009 2056 ιγυπτιας

178 2074 327 2154 Sequitur
347 2072 515 2137 Hebdomas
542 2075 608 2135 τῶν
629 2069 746 2153 βαΐων,
769 2075 953 2136 Palmaruat.
998 2074 1044 2136 Ea
1040 2079 1227 2178 quotanuss
1249 2076 1285 2137 ab
1309 2074 1372 2138 lm·
1379 2127 1380 2132 ,

101 2186 239 2256 ρατιονε
267 2189 296 2239 st
318 2175 502 2240 Patriaroba
529 2177 618 2246 dano,
645 2194 783 2248 muusra,
816 2176 1000 2256 ίονριᾛαοοιε
1030 2150 1066 2236 alb
1096 2179 1163 2255 ipsa
1185 2173 1374 2240 Hebdomada

103 2276 190 2354 baja
220 2277 301 2339 dicta
324 2274 441 2358 populo
464 2277 735 2338 distribuebantur
780 2277 820 2341 lit
840 2279 921 2358 opud
942 2275 1058 2339 λίσσεαι
1081 2275 1211 2340 δεοίατο
1230 2283 1326 2360 puori
1345 2291 1374 2342 st

104 2390 128 2440 st
154 2377 277 2460 puellas
309 2380 461 2458 accipiunt
492 2377 684 2440 munuscula.
741 2378 841 2441 Kolal
862 2378 919 2443 οδε.
948 2376 1132 2459 Ριεετιίατς
1153 2377 1195 2440 11.
1215 2399 1248 2460 p.
1268 2381 1372 2444 346-

105 2479 167 2544 356.

179 2579 313 2645 Sabbata
351 2583 513 2662 parabitur
552 2598 616 2642 uua
650 2599 688 2642 τυ
723 2583 862 2644 maximis
900 2580 1085 2643 Graecorum
1121 2579 1373 2645 sollemnitatibus

108 2683 178 2745 Τοῦ
200 2675 368 2745 δικαίου
390 2673 590 2765 Λαζάρου
612 2680 880 2744 Resuscitata'o
902 2682 1053 2744 Lazari.
1080 2675 1273 2766 Τροπάριον
1295 2681 1374 2764 (Au-

104 2781 254 2864 tipbouol:
292 2777 362 2866 Τὴν
390 2778 503 2866 κοινὴν
520 2772 719 2846 Ἀνάστασιν
749 2777 817 2866 πρὸ
850 2784 910 2846 τοῦ
942 2783 1004 2845 σοῦ
1023 2775 1170 2860 Πάθους
1189 2775 1374 2864 πιστούμε-

105 2905 162 2960 νος,
184 2879 221 2948 ἔκ
241 2883 364 2964 νεκρῶν
384 2873 520 2969 ἤγειρας
539 2877 599 2946 τὸν
611 2875 774 2966 Λάζαρον
788 2879 915 2966 Χριστέ
937 2876 1075 2960 ὁΘεός·
1097 2877 1180 2948 ὅθεν
1200 2879 1258 2948 καί
1278 2877 1375 2968 ἡμεῖς

107 2977 198 3060 sisoi
218 2981 359 3061 Παῖδες,
393 2979 436 3047 τὰ
456 2985 515 3070 τῆς
536 2976 625 3070 νίκης
645 2976 798 3066 σύμβολα
820 2981 987 3070 φέροντες,
1020 2980 1077 3048 σοί
1097 2987 1149 3070 τῷ
1166 2987 1294 3071 Νικητῇ
1314 2987 1374 3049 τοῦ

107 3081 247 3150 θανάτου
269 3087 414 3168 βοῶμεν·
437 3077 569 3150 ὥσαννὰ
590 3079 625 3149 έν
645 3087 718 3162 τοῖς
738 3077 906 3172 ὑψίστοις,
928 3080 1146 3172 εὐλογημένος
1166 3079 1376 3171 ὁέρχόμενος

107 3181 139 3250 έν
158 3179 296 3269 ὀνόματι
317 3181 457 3272 Κυρίου.

184 3310 233 3370 10.
256 3301 439 3390 Κοριακή
462 3306 539 3368 τῶν
560 3301 700 3369 Balatu
722 3307 775 3382 (20
798 3305 883 3367 Mart.
906 3304 971 3367 Lat.
995 3304 1175 3380 palmarum)
1197 3304 1329 3385 Philipp.
1342 3308 1372 3378 4,

104 3409 192 3471 4-9.
216 3408 322 3469 Iouna.
341 3410 390 3481 12,
409 3411 423 3470 1
442 3427 487 3488 sq.
531 3399 734 3471 Κοντάκιοντ
760 3407 817 3491 Τῷ
839 3398 953 3491 θρόνῳ
976 3400 1010 3470 έν
1029 3397 1177 3490 Οὐρανῷ,
1200 3406 1248 3490 τῷ
1268 3397 1373 3490 πώλῳ

104 3503 159 3572 ἐπὶ
178 3509 238 3592 τῆς
258 3509 327 3594 γῆς,
350 3501 573 3591 ἐποχοίμενος
593 3503 721 3593 Χριστί
743 3499 761 3572 ὁ
779 3501 875 3585 Θεὸς,
896 3507 962 3570 τῶν
974 3498 1137 3590 Ἀγγέλαιν
1155 3502 1215 3592 τὴν
1237 3498 1373 3585 οἷ’νεσιν,

80 3595 154 3672 ’καί
174 3612 238 3672 τῶν
259 3603 400 3674 Halaisos
422 3601 600 3698 ἀνέμνησεν
621 3605 809 3692 προςεδέξω
830 3601 985 3691 βοώντων
1006 3626 1077 3672 σοι·
1105 3599 1323 3693 εὐλογημένος
1344 3597 1375 3674 εί

103 3703 323 3792 άέρχόμενος,
344 3707 403 3775 τὸν
420 3702 529 3792 Ἀδὰμ
551 3703 835 3776 ἀνακαλέσασθαι.
869 3711 907 3772 Et
929 3727 1051 3788 magnae
1084 3728 1213 3790 pompas
1247 3728 1373 3793 appara·

104 3823 132 3872 tu
166 3813 256 3874 ramis
290 3812 434 3874 olivarum
466 3811 633 3894 palmisque
666 3813 698 3874 in
728 3829 832 3874 erucas
861 3820 891 3874 at
920 3811 995 3874 alias
1024 3813 1136 3874 laamas
1160 3813 1307 3886 confictis,
1342 3811 1373 3873 ia

104 3915 192 3976 nmis
214 3913 358 3996 appensis
380 3913 519 3975 sollemni
542 3913 601 3976 ritu
623 3912 786 3976 celebrant.

466 4073 512 4144 ‘H
531 4073 610 4165 άγία
630 4077 687 4145 καί
707 4073 832 4165 μεγάλη
856 4074 1004 4163 δευτέρα.

187 4183 330 4246 Honorio
353 4182 466 4246 colitur
489 4183 649 4264 lassabat
669 4185 746 4264 βενε
768 4186 944 4254 συνίτωσαν,
975 4185 1115 4262 quoniam
1137 4199 1176 4242 ευ
1197 4197 1232 4242 aa
1253 4180 1373 4240 s'ulta‘uat

103 4288 193 4348 suasit
214 4285 320 4348 Passio
345 4283 468 4347 Cbrs'sts'.
512 4284 621 4365 loseplt
643 4302 714 4346 aero
737 4286 771 4346 s'u
791 4283 875 4346 illius
896 4283 1029 4364 figuram
1050 4284 1227 4344 assumitur.

495 4446 540 4516 Ἡ
559 4445 637 4535 ἁγία
658 4447 715 4516 καί
734 4445 859 4537 μεγάλη
880 4445 984 4535 τρίτη.

186 4554 374 4636 Propositus·
397 4553 548 4636 parabola
564 4555 662 4616 λιστον
676 4558 845 4633 stratuum:
869 4553 948 4636 quob
961 4551 1073 4614 stabiles
1086 4547 1252 4631 parabolas
1268 4565 1374 4612 οισαι·

103 4655 173 4718 deas
192 4655 434 4736 Hierosolymam
454 4656 601 4720 Dominus
624 4653 781 4737 ala'soipulls
803 4653 990 4718 auuaaiabat.
