3416 5290
691 402 769 476 659

94 580 192 671 αῧῐῷ·
221 577 425 668 flemma?
445 587 505 671 τῆς
524 579 711 672 {marsus
722 580 914 674 Δεσποίνης
933 579 1026 673 ἡμῶν
1042 579 1210 654 Θεοτόκοο
1224 583 1281 656 καί
1296 582 1368 657 ἀει·
1416 603 1422 616 ·

94 683 265 774 παρθένου
287 680 429 772 Μαρίας
447 683 506 763 καὶ
526 681 662 752 πάντων
682 707 744 754 σου
763 691 831 754 τῶν
849 682 978 774 Ἁγίων.
1017 681 1133 776 Ἀμήν,
1240 730 1243 739 ,

520 841 589 904 Τοῦ
610 833 737 925 Κυρίου
760 839 944 928 δεηθῶμεν.

173 951 235 1036 Είς
255 953 314 1022 τὸν
335 947 430 1040 ζυγόν
451 977 522 1036 σου,
543 954 716 1036 Δέσποτα,
737 954 796 1023 τὸν
817 952 991 1046 σωτήριον,
1014 953 1193 1044 πρόςδεξαι
1216 954 1273 1024 τὸν
1289 957 1364 1026 δοῦ-

93 1053 148 1126 ίόν
167 1079 229 1123 οου
253 1054 323 1134 (τὸν
345 1056 449 1138 δεῖνα)
471 1054 527 1124 καί
548 1053 754 1138 καταξίωσον
777 1053 878 1125 αὐτὸν
900 1053 937 1126 ἐν
956 1061 996 1150 τῇ
1018 1054 1145 1150 ποίμνῃ
1167 1045 1367 1148 ουνταγίγναι

92 1163 154 1224 τῶν
175 1155 336 1226 ἐκλεκτῶν
357 1179 429 1226 σου.
450 1151 609 1227 Ἔνδυσον
631 1155 730 1226 αὐτὸν
752 1155 918 1248 άγιαομοῦ
935 1157 1067 1250 στολὴν,
1090 1156 1288 1252 σωφροσύνῃ
1302 1185 1366 1228 πε-

93 1255 229 1347 ρίζωοον
257 1258 317 1346 τὴν
344 1253 454 1350 ἀσφῆν
476 1255 588 1340 αάτοῦ,
616 1257 729 1350 πάσης
750 1255 850 1328 αὐτὸν
872 1257 1061 1348 ἐγκρατείας
1082 1257 1257 1344 ἀνάδειξον
1279 1257 1367 1350 ἀγω-

92 1357 211 1450 νιστήν.
254 1353 306 1426 Ἐν
333 1355 422 1448 αὐτῷ
449 1359 507 1427 καί
534 1359 569 1428 ἐν
596 1355 675 1450 ἡμῖν
702 1361 761 1450 τὴν
787 1367 854 1428 τῶν
880 1370 1051 1450 πατρικῶν
1071 1386 1133 1432 σου
1153 1359 1367 1451 χαρισμάτων

92 1458 218 1530 τελείαν
256 1460 383 1549 δωρεάν
416 1459 635 1547 ἐναπομένειν
662 1457 815 1544 ἀξίωσον.
858 1461 1062 1552 Πρεσβείαις
1097 1470 1157 1554 τῆς
1185 1460 1367 1552 ὕπεραγίας

93 1559 270 1652 δεσποίνης
290 1558 382 1652 ἡμῶν
406 1559 572 1631 Θεοτόκου
595 1561 653 1630 καὶ
675 1557 905 1651 ἀειπορθένου
916 1562 1058 1654 Μαρίας
1077 1563 1135 1634 καί
1156 1560 1291 1633 πάντων
1305 1589 1366 1635 σου

91 1669 153 1732 τῶν
178 1659 294 1750 άγίων.
333 1657 449 1751 Ἀμήν.

172 1757 260 1832 Εἶτα
275 1757 431 1854 ’κουρεύει
452 1759 552 1834 αάτὸν
572 1766 805 1851 σταυροειδῶς,
827 1763 947 1856 λέγων·

172 1863 238 1947 Εἷς
265 1865 304 1932 τὸ
332 1859 440 1950 ὄνομα
467 1873 527 1933 τοῦ
554 1866 693 1956 πατρὸς,
722 1865 779 1935 καὶ
800 1870 861 1933 τοῦ
883 1863 968 1949 υἱοῦ,
989 1865 1127 1936 καὶτοῦ
1149 1861 1244 1954 άγίου
1265 1861 1366 1936 πνεά·

91 1992 204 2054 ματος,
233 1973 289 2035 νῦν
309 1967 365 2036 καὶ
388 1963 451 2036 ἀεί.

173 2069 299 2158 Λέγων
320 2067 356 2138 ἐκ
377 2065 490 2158 τρίτου
511 2067 561 2149 τὸ,
587 2064 701 2157 Ἀμήν.
744 2069 815 2136 Καί
836 2067 946 2136 ίνδάει
967 2065 1068 2138 αὐτὸν
1086 2073 1210 2151 χιτῶνα
1230 2068 1287 2138 καί
1306 2094 1367 2138 κα-

91 2170 276 2257 μιίαάχιον,
297 2170 402 2261 μηδὲν
423 2167 595 2258 ίπίλεγων.
638 2169 709 2264 Καί
734 2166 908 2250 ἀπόλυσις.

118 2430 153 2501 C.
200 2423 493 2502 Ἀκολουθία
525 2432 608 2499 τοῦ
640 2424 1099 2524 μικροῦσχήματος,
1132 2425 1236 2521 ἤτοι
1260 2433 1342 2501 τοῦ

610 2542 850 2619 Μονάίου.

177 2709 280 2778 Μετὰ
306 2709 346 2779 τὸ
372 2714 579 2798 κρουσθῆναι
606 2709 645 2778 τὸ
672 2709 790 2798 μικρὸν
814 2709 873 2779 καί
893 2703 1065 2798 ἀρξασθαι
1092 2709 1171 2792 τοὺς
1199 2706 1367 2802 ἀδελφοὺς

93 2815 157 2878 τῶν
189 2806 294 2898 ὡρῶν,
323 2809 470 2900 είςφίρει
496 2809 514 2878 ὁ
545 2811 778 2902 ε’κκλησιάργης
804 2811 863 2880 τὸν
887 2811 1052 2896 μέλλοντα
1080 2809 1292 2901 ἀποκαρῆναι
1311 2811 1368 2883 καί

91 2915 189 2980 ποιεῖ
209 2911 417 2997 γονυνλισίας
438 2909 632 2998 ἔμπροσθεν
652 2920 718 2980 τῶν
739 2909 842 3000 ἁγίων
860 2917 975 2997 θυρῶν
995 2912 1053 2980 καί
1074 2909 1123 2992 είς
1143 2912 1221 2992 τοὺς
1246 2915 1365 3002 χοροὺς

93 3007 156 3079 ἀνά
182 3010 274 3096 μίαν,
302 3005 375 3080 εἶτα
402 3016 447 3100 τῷ
467 3010 669 3101 Ἡγουμένιμ.
711 3013 782 3080 Καί
807 3008 883 3080 τότε
904 3011 1052 3092 ἐξελθὼν
1079 3011 1114 3080 ἐν
1139 3017 1186 3100 τῷ
1214 3012 1367 3105 νάρθηκι,

92 3108 303 3181 ἀποτίθεται
328 3112 371 3180 τὰ
398 3110 527 3202 συνήθη
551 3109 678 3198 ἱμάτια.
721 3111 793 3180 Καὶ
813 3109 998 3202 ἀρξαμένης
1018 3119 1077 3200 τῆς
1097 3110 1199 3194 θείας
1219 3115 1368 3201 λειτουρ-

92 3209 178 3300 γίας,
205 3214 341 3282 ἵσταται
367 3213 427 3284 ἐπὶ
453 3218 518 3280 τῶν
543 3215 724 3299 βασιλικῶν
751 3215 866 3280 πυλῶν
893 3207 1050 3296 ἀζωοτος,
1081 3210 1287 3294 ἀνυπόάετος
1311 3215 1369 3286 καί

94 3312 253 3404 ἀσκεπής.

184 3413 406 3503 Ψαλλομίνων
434 3415 472 3485 δὲ
499 3421 564 3484 τῶν
592 3412 796 3507 ἀντιφώνων,
823 3415 909 3502 μετὰ
929 3416 988 3507 τὴν
1009 3414 1148 3498 είςοδον,
1176 3415 1309 3504 ίάγεται
1329 3416 1368 3486 τὸ
1436 3453 1442 3466 =

93 3514 268 3587 κοντάκιον
293 3525 352 3608 τῆς
373 3514 508 3607 ἡμέρας,
538 3516 587 3598 είς
606 3517 646 3586 τὸ
667 3516 741 3602 Δόξ
764 3569 774 3587 .
816 3516 877 3599 Είς
898 3517 936 3588 δὲ
957 3519 996 3588 τὸ
1021 3518 1091 3589 Καί
1112 3523 1179 3600 νῦν,
1200 3516 1369 3610 ψάλλεται

96 3617 289 3709 τροπάριον.

511 3721 578 3788 Τὸν
598 3717 706 3810 τάφον
728 3743 799 3802 σου,
821 3719 948 3811 Σωτήρ.

177 3817 340 3910 Ἀγιάλας
367 3822 539 3910 πατρικὰς,
568 3820 737 3904 διανοῖξαί
761 3847 821 3908 μοι
848 3829 1011 3892 σπεῦσον·
1039 3817 1176 3904 ἀσώτως
1203 3823 1261 3893 τὸν
1289 3823 1369 3910 ἀμὸν

96 3923 312 4013 κατηνάλωσε
331 3921 415 4009 βίον.
451 3921 512 4004 Εἰς
532 3925 680 3991 πλοῦτον
701 3921 925 4013 ἀάαπάνητον,
949 3919 1085 4014 ἀφορῶν
1105 3931 1172 3992 τῶν
1192 3923 1369 4012 οἰκτιρμῶν

97 4044 167 4107 σου,
182 4025 309 4114 Σωτὴρ,
332 4030 388 4094 νῦν
407 4023 642 4108 πτωχεύουοαν
663 4025 709 4115 μὴ
731 4023 892 4116 ὑπερίδῃς
911 4022 1058 4116 καρδίαν.
1087 4027 1150 4096 Σοὶ
1159 4025 1231 4115 γὰρ,
1252 4024 1368 4113 Κύριε,

98 4121 327 4208 ίνκατανύξει
346 4123 535 4216 κραυγάζω·
551 4125 735 4216 Ἥμαρτον,
755 4125 880 4214 Πάτερ,
904 4123 953 4208 είς
973 4127 1031 4196 τὸν
1052 4125 1192 4217 οὐρανὸν
1211 4125 1269 4196 καί
1289 4123 1370 4196 ἐνώ-

98 4224 178 4296 πιόν
199 4251 271 4297 σου.

185 4327 313 4397 Τούτου
342 4330 379 4398 δὲ
406 4330 622 4418 ψαλίομένου
643 4331 725 4419 τρὶς,
748 4327 914 4418 είςάγεται
934 4331 1029 4419 παρὰ
1051 4336 1112 4398 τοῦ
1133 4327 1367 4420 ἐκκλησιάρχου

97 4422 118 4494 ὁ
151 4427 317 4521 ἀδελφὸς,
349 4439 459 4500 ποιῶν
490 4431 575 4500 κατὰ
610 4436 699 4520 τρεῖς
733 4430 861 4512 τόπους
894 4429 1102 4521 γονυκλισίας
1136 4436 1240 4518 τρεῖς,
1272 4433 1370 4521 μέχρι

99 4535 161 4596 τῶν
189 4528 291 4618 ἁγίων
317 4538 440 4622 θυρῶν.
483 4533 555 4603 Καὶ
581 4529 769 4602 ἀναστάντα
795 4533 960 4625 κατηχίζει
987 4530 1087 4604 αὐτὸν
1113 4530 1132 4603 ὁ
1158 4530 1369 4622 Ἦγοίμενος,

100 4652 219 4714 ουτως·
1187 4671 1192 4678 ·
