3314 5304
664 432 738 507 281

77 619 187 682 leneas,
229 615 356 698 Reliqua
389 634 487 697 nsque
508 616 606 680 sancii
626 615 683 679 riri
705 615 877 691 humilitati,
910 635 1009 699 neque
1030 617 1209 701 disciplinas¹
1232 621 1341 685 conre-

77 723 162 796 niuut,
191 717 373 800 praesertim
394 735 462 782 cum
484 718 516 780 in
538 719 604 799 ipsa
626 717 762 798 Limrqia
781 737 891 799 preces
910 730 1072 784 occurrant
1091 720 1173 786 illias
1194 723 1341 804 tempori·

77 823 125 887 bns
144 821 342 902 antiquiores,
364 827 398 882 nt
416 827 488 882 sunt
507 819 670 896 Praelatio,
705 821 832 901 hymnus
855 819 1051 897 cherubicus,
1073 822 1211 888 recitatio
1232 824 1340 887 verbo·

78 943 133 986 rum
149 921 271 998 Christi,
285 919 438 984 invocatio
453 920 585 1002 Spiritus
601 922 707 998 saneti,
723 921 827 984 Oratio
841 921 1009 1000 Dominica,
1024 926 1163 986 Sancta
1179 943 1244 988 san
1254 926 1340 1002 otis,

78 1035 103 1086 et
130 1022 277 1104 quaedam
310 1021 386 1086 alies
417 1022 497 1085 sacri
520 1022 621 1085 Officii
652 1032 762 1105 peries.
805 1023 909 1104 lisque
929 1026 1194 1106 operaepretium
1216 1035 1264 1090 cst
1283 1025 1341 1089 riri

79 1124 236 1188 docdssimi
258 1122 362 1186 laoobi
384 1122 486 1187 Gnarii
508 1125 655 1206 exemplo,
677 1124 715 1188 de
736 1124 926 1188 concilianda
943 1124 1045 1188 Procli
1066 1127 1249 1204 nutritione,
1272 1145 1341 1190 cum

77 1225 314 1307 tnpbilncbiane
327 1227 482 1304 'adegere
504 1241 572 1288 cum
593 1226 645 1289 illa
665 1225 855 1290 mirabilibus
877 1225 938 1289 illis
960 1219 1164 1304 descendisse
1175 1230 1341 1294 ,novitatem

78 1327 133 1408 ipsa
162 1345 251 1390 suam
284 1325 471 1390 sufficienter
499 1327 623 1407 prodet:
654 1326 748 1391 sltera
769 1328 897 1409 simplex
918 1327 960 1390 sit
979 1327 1134 1409 magisque
1155 1329 1340 1406 verisimilis,

79 1445 156 1509 quem
176 1428 294 1491 idcirco
316 1427 412 1490 sotem
435 1425 575 1492 Truilana
599 1429 738 1510 synodus
760 1429 922 1510 adoptavit
950 1429 994 1490 Er
1017 1448 1052 1492 aa
1074 1429 1156 1496 eninr
1177 1431 1252 1494 satis
1266 1449 1341 1494 eon·

77 1532 200 1592 irmatm
221 1529 273 1610 pia
296 1529 429 1592 emnium
451 1528 633 1592 Graecorum
654 1529 786 1604 traditio,
806 1531 973 1594 secundum
996 1548 1084 1611 qnam
1103 1533 1340 1612 precesEucba-

79 1631 187 1694 risticm
220 1649 299 1712 qnae
329 1630 526 1694 venabantur
558 1631 692 1693 omnium
714 1630 864 1706 manibus,
898 1642 930 1693 et
949 1632 987 1694 ad
1011 1632 1117 1697 altaria
1138 1641 1203 1696 tots
1225 1634 1339 1715 passim

81 1732 190 1796 Oriente
217 1731 449 1813 usurpabantnr,
477 1749 548 1794 esse
569 1751 587 1795 a
608 1731 720 1794 Basilio
742 1732 823 1795 iuxta
843 1741 997 1813 receptam
1020 1733 1269 1798 consuetudinem
1291 1753 1341 1798 or·

80 1834 193 1908 dimtss,
216 1852 335 1914 usuque
356 1832 558 1898 Ecclesisrum
580 1831 722 1913 probatas
745 1841 776 1896 et
797 1834 997 1909 confirmatas,
1021 1835 1203 1899 existiment.

148 1935 258 1999 Verum
292 1941 373 1997 extat
399 1933 552 2014 antiquins
579 1935 673 1996 multo
695 1935 734 1996 de
755 1933 888 2013 Liturqia
907 1934 1014 1996 basilii
1035 1935 1097 1998 iam
1118 1937 1232 2017 scripta
1254 1938 1341 2002 testi·
1472 1987 1473 1994 ,

80 2037 199 2100 monium
220 2037 305 2100 Petri
326 2035 461 2109 biaooni,
494 2047 525 2099 et
554 2034 682 2098 aliorum
703 2035 928 2108 llonacborum,
961 2036 1013 2116 qui
1041 2037 1074 2098 in
1095 2055 1187 2099 cansa
1208 2039 1282 2102 fidei
1304 2057 1340 2103 er

79 2137 189 2202 Oriente
210 2139 336 2202 Romam
357 2135 443 2199 missi
465 2137 594 2211 luerent,
616 2137 647 2200 in
668 2136 746 2199 libro
767 2138 807 2201 de
827 2137 1038 2206 lncarnaticne
1058 2146 1089 2200 et
1103 2135 1204 2202 Gratia
1219 2139 1341 2202 llorsim

80 2240 163 2302 nost-i
182 2239 254 2304 lesu
276 2238 389 2304 Christi
416 2239 665 2317 coingenitum
698 2246 729 2300 et
760 2238 837 2300 alios
857 2238 1029 2319 Episcopus
1050 2239 1179 2314 dirime,
1214 2241 1339 2317 Christi,

58 2349 107 2402 .ut
132 2340 223 2415 dunt,
256 2339 451 2403 contessione
483 2340 657 2403 decoratos:
691 2358 800 2420 nempe
828 2357 895 2402 cum
909 2359 941 2402 a
964 2340 1193 2403 'l'hrassmundo
1214 2341 1341 2420 relegati

80 2451 139 2503 sunt
157 2443 188 2504 in
210 2440 391 2514 Sardiniam,
413 2440 494 2503 unde
514 2458 595 2531 enno
617 2440 697 2504 llllll
719 2441 857 2504 restituta
878 2441 1029 2505 diricanis
1050 2442 1196 2508 Ecclesiis
1216 2442 1255 2505 ab
1275 2442 1341 2506 llil-

80 2541 168 2605 dmico
189 2542 334 2606 llunsrici
366 2540 430 2604 filio
450 2558 537 2623 pace,
570 2542 684 2605 reversi
706 2551 787 2606 sunt.
829 2542 923 2605 Paulo
945 2551 1016 2624 post
1036 2543 1114 2607 liber
1132 2541 1185 2606 ills
1207 2545 1340 2625 scriptus

81 2653 126 2716 est,
154 2643 186 2708 in
214 2643 303 2707 cuius
324 2653 430 2706 octsrc
452 2643 552 2725 capita
573 2644 650 2706 haee
669 2643 823 2722 leguntur:
860 2644 1090 2708 ilinc-etiam
1111 2644 1247 2708 beatus
1268 2645 1340 2708 lla·

81 2743 183 2809 silins
207 2744 480 2809 Caesariensis
499 2743 733 2826 Episcopus,
766 2744 805 2808 in
826 2745 1014 2809 Oratione
1047 2746 1150 2810 ascri
1177 2748 1339 2821 ltltaris,

82 2863 175 2926 quem
209 2863 332 2928 paens
368 2847 576 2909 universus
597 2848 818 2926 frequentat
841 2846 996 2922 Oriona,
1033 2847 1137 2911 iuter
1166 2858 1340 2912 caetera:

80 2945 182 3022 lona,
205 2948 316 3029 inquit,
337 2947 492 3010 Domine
513 2947 697 3010 virtutem
719 2957 755 3010 et
778 2956 1045 3012 tutamentum:
1067 2947 1202 3024 malos,
1225 2969 1340 3031 quae·

81 3067 211 3126 sumas,
243 3049 367 3113 bonos
400 3050 535 3123 facito,
568 3048 689 3111 bonos
722 3047 959 3112 inienuitate
981 3068 1181 3124 conserva,
1215 3050 1340 3112 omnia

80 3151 163 3214 enim
182 3159 314 3232 potes,
336 3167 406 3214 neo
426 3159 486 3213 est
507 3150 570 3231 qui
593 3149 846 3212 contradicat
867 3150 956 3224 tibi,
986 3167 1065 3212 cum
1087 3150 1186 3213 enim
1208 3150 1341 3212 volue-

81 3252 127 3314 ris
152 3252 299 3327 salves,
331 3263 369 3314 et
389 3251 516 3315 nullus
539 3251 696 3315 resistit
716 3250 906 3314 uoluntati
929 3259 1042 3313 tuan·
1069 3250 1221 3314 Laudatus
1243 3260 1291 3313 est
1311 3251 1340 3313 is

81 3353 153 3417 loeus
169 3373 191 3416 e
213 3353 370 3435 plerisque
392 3352 566 3432 theologis,
588 3350 850 3432 nobilioribusque
872 3351 1003 3426 Griticis,
1024 3352 1275 3432 observatumque
1297 3350 1340 3413 si-

79 3455 128 3517 aul
148 3465 204 3530 est,
225 3473 263 3518 ea
289 3453 379 3518 verbe
401 3473 500 3535 nsque
521 3454 555 3516 in
576 3451 700 3516 Graecis
722 3452 879 3516 codicibus
901 3465 1012 3529 estare,
1044 3452 1195 3534 usquein
1217 3451 1341 3533 Syriaca

79 3557 199 3620 silesia
221 3556 429 3636 interpretatu,
452 3571 509 3618 nec
530 3555 562 3617 in
577 3555 713 3636 Coptica.
756 3555 966 3619 Verumtamen
988 3555 1151 3636 praecipua
1172 3555 1342 3618 sententiae

79 3675 145 3736 pers,
167 3675 305 3740 ancqus
326 3657 366 3718 ad
388 3656 594 3737 quaestionem
616 3675 633 3718 a
651 3657 742 3720 Petro
758 3657 901 3731 lliacono,
926 3666 958 3720 et
976 3657 1103 3739 reliquis
1124 3655 1269 3719 edesenus
1282 3657 1340 3718 Pes

78 3757 250 3838 logismorum
271 3757 417 3838 reliquias
439 3758 589 3837 agitatam,
610 3759 738 3822 maxime
760 3759 926 3839 spectabat,
947 3759 980 3822 in
995 3759 1111 3823 Graeco
1126 3766 1207 3822 textu
1222 3758 1339 3838 legitur,

78 3856 143 3937 ωὖς
161 3853 318 3946 ἀγαθοὺς
335 3852 374 3938 ,ἐν
394 3860 434 3945 τῇ
455 3849 643 3944 ipsumqeu
665 3852 875 3946 διπήρησον,
903 3855 982 3935 τοὺς
1001 3853 1169 3944 πονηροὺς
1189 3849 1341 3942 ἀγαθοὺς

77 3955 217 4048 ποίησον,
250 3955 287 4027 da
314 3952 511 4046 quosdsqri
529 3979 602 4038 ooo,
634 3969 719 4022 utet
739 3960 770 4022 in
792 3958 886 4024 veteri
907 3959 1046 4024 versione
1068 3961 1183 4033 Latina,
1214 3959 1340 4022 Bouos

3 4061 4 4082 l
78 4062 107 4124 iu
124 4064 305 4127 bonitate
325 4078 527 4126 conserva:
550 4060 670 4124 malos
691 4060 812 4124 bonos
833 4063 909 4140 lac,
924 4061 969 4124 ⁴iu
990 4061 1168 4126 bonitate
1190 4068 1263 4123 tua.
1296 4057 1342 4122 lia

3 4205 4 4208 ,
78 4163 132 4228 sole
151 4163 302 4248 particule
323 4163 397 4228 viris
418 4162 605 4226 doctissimis
626 4179 688 4224 nou
711 4161 878 4239 observate,
900 4163 1053 4227 dimovere
1074 4179 1128 4225 eos
1151 4180 1168 4224 a
1188 4159 1339 4241 praecipi·

3 4251 4 4320 J
78 4274 128 4328 tata
157 4285 287 4331 censure
321 4265 491 4329 debuisset:
524 4282 628 4328 omncs
659 4264 763 4338 enim,
782 4265 874 4329 etism
902 4283 1030 4345 quorum
1056 4261 1213 4342 diligentia
1231 4261 1342 4324 merita

3 4382 4 4411 l
77 4369 302 4443 commendatur,
332 4375 516 4446 neqsrernnt
537 4385 571 4430 ea
592 4365 693 4439 rerba,
728 4384 806 4446 quas
826 4367 935 4432 Patrue
957 4367 1106 4430 lliaoonns
1128 4362 1274 4443 allegarit,
1308 4362 1340 4425 iu

78 4465 216 4531 Basiliam
238 4469 376 4548 biturgia
398 4467 537 4549 reperiri.
566 4468 639 4531 lnde
661 4468 762 4531 statim
783 4467 1000 4542 iudicaverunt,
1022 4484 1084 4530 non
1105 4465 1284 4547 pervenisse
1303 4464 1345 4527 il-

78 4566 128 4630 lam
158 4570 193 4632 ad
221 4575 303 4644 uos,
324 4569 384 4632 uisi
405 4569 491 4632 valde
519 4569 744 4651 interpolatam:
778 4589 875 4653 neque
898 4570 977 4632 enim
999 4567 1112 4631 inventi
1134 4575 1206 4630 sunt
1227 4569 1279 4647 qui
1301 4568 1340 4630 ad

79 4667 168 4734 iorni
201 4671 386 4738 sententiam
413 4672 601 4738 accederent.
644 4673 674 4736 ls
697 4672 901 4755 quippedum
923 4668 1339 4750 ritamBasiliimlgnAms
