3336 5302
697 447 771 522 457

178 629 317 704 comos.
370 629 481 704 Gloriu
508 628 568 704 tihi
590 628 744 724 Domine,
770 632 861 705 Deus
888 641 1013 704 noster.

174 747 355 822 Diaconos.
407 748 637 822 Attendamus

177 865 317 940 Chorus.
369 866 459 940 Deus
486 867 643 964 loquitur.

173 983 344 1058 Diooonus
371 983 450 1080 lenit
477 983 704 1080 Eonnqelium.
715 982 737 1080 ¹)
765 985 890 1058 Dicunt
907 1010 1018 1060 omnen
1035 986 1175 1059 tectione
1193 985 1369 1060 ausinora.-

104 1085 211 1159 Gloria
238 1086 299 1158 tihi
325 1086 478 1180 Domine,
504 1085 595 1160 Deus
621 1097 746 1161 noster.

174 1205 219 1277 ut
246 1205 372 1278 dieitur
399 1203 599 1302 Symbolum.
652 1205 826 1278 Credimus
860 1205 894 1276 in
921 1204 1029 1277 Deum
1055 1204 1185 1278 Patrem
1220 1207 1371 1304 omnipo·

102 1316 236 1400 tentem,
255 1315 439 1380 creatorem
465 1307 548 1379 coeti
575 1319 752 1399 etterrae,
779 1306 1133 1380 visibiliumomnium
1162 1318 1195 1378 et
1221 1307 1370 1380 invisibi-

101 1409 190 1481 lium.
242 1409 286 1480 Et
311 1409 344 1480 in
372 1433 475 1481 unum
501 1408 680 1482 Dominum
706 1408 816 1481 iesum
844 1407 1025 1502 Christum,
1059 1408 1180 1481 Filium
1206 1408 1269 1480 Dei
1296 1409 1369 1482 uni·

101 1511 260 1606 genitum.
312 1509 354 1582 Et
380 1535 420 1582 ex
439 1511 534 1582 Patre
561 1521 674 1583 notum
702 1521 777 1582 ante
804 1511 1075 1601 omniaomnia,
1102 1511 1209 1583 Deum
1228 1512 1269 1582 de
1286 1511 1369 1603 Deo,

101 1613 211 1685 lumen
247 1612 287 1684 de
321 1612 458 1704 lumine,
487 1611 599 1694 Deum
625 1636 751 1703 verum,
786 1615 935 1707 genitum
963 1637 1029 1684 nnn
1057 1612 1192 1706 sactum,
1226 1612 1371 1686 oonsuh·

101 1714 285 1787 stentiolem
312 1713 414 1806 Petri,
439 1738 500 1810 per
526 1737 623 1810 quem
651 1715 761 1785 omnia
788 1715 873 1786 fonto
900 1714 1030 1786 suntin
1050 1716 1141 1786 coeto
1165 1715 1250 1786 etin
1269 1726 1370 1806 terro,

101 1816 241 1889 visibilia
270 1826 304 1888 et
329 1815 517 1889 invisibilia.
571 1814 635 1900 Qui
651 1827 797 1912 propter
823 1839 884 1887 nos
911 1815 1064 1887 homines
1092 1827 1126 1888 et
1149 1827 1285 1913 propter
1311 1839 1371 1887 no·

101 1929 201 1990 stram
229 1917 369 1990 sulutem
397 1917 568 1990 descendit
594 1917 634 1990 de
662 1917 774 2008 coelis,
813 1927 846 1988 et
871 1917 1062 1988 incarnatus
1089 1928 1141 1988 est
1166 1926 1200 1988 et
1224 1917 1371 2014 perfectu

102 2021 228 2091 ratione
256 2021 388 2116 genitus
414 2043 474 2117 per
500 2017 661 2114 Spiritum
688 2017 847 2090 Sanctum
874 2042 913 2090 ex
934 2017 1036 2090 Mario
1064 2017 1202 2114 virgine.
1239 2019 1372 2114 Er'qun

102 2145 247 2212 earnem,
269 2121 435 2218 ‚spiritum
462 2131 495 2193 et
521 2122 663 2194 unimam
692 2133 724 2192 et
750 2122 872 2212 omnin,
900 2145 983 2217 quoe
1011 2119 1180 2192 hominem
1208 2119 1370 2210 efficiunt,

101 2222 282 2320 assumpsit
306 2245 382 2294 vere
410 2235 441 2294 et
468 2246 535 2294 non
561 2248 622 2320 per
649 2222 804 2318 speciem.
851 2222 972 2294 Passus
1000 2233 1050 2293 est
1077 2232 1110 2293 et
1137 2221 1312 2294 crucifixus
1340 2215 1374 2292 et

101 2326 261 2422 sepultus.
298 2325 548 2397 Etresurrerit
574 2325 669 2398 tertia
698 2324 763 2416 die,
791 2323 939 2396 ascendit
964 2323 998 2395 in
1027 2325 1136 2396 coetos
1163 2325 1282 2396 eodem
1300 2347 1373 2395 cor·

101 2451 181 2522 pore
203 2439 237 2498 et
253 2427 348 2498 sedet
375 2427 414 2498 nd
442 2427 610 2500 dextoram
636 2426 753 2524 putris,
780 2425 869 2498 unde
896 2435 1055 2500 venturus
1083 2438 1133 2498 est
1161 2426 1279 2496 eodem
1300 2448 1373 2497 cor·

102 2553 182 2625 pore
217 2529 250 2600 in
278 2527 382 2622 glorie
409 2527 515 2602 Putris
543 2529 631 2600 vivos
659 2529 864 2601 iudicaturus
885 2531 924 2599 'et
949 2539 1116 2600 mortuos:
1155 2528 1250 2599 ouius
1277 2526 1372 2622 regni

103 2655 168 2714 uon
203 2629 268 2701 erit
299 2631 387 2702 sinis.
440 2630 613 2702 Credimus
649 2631 682 2702 in
717 2630 879 2726 Spiritum
912 2629 1084 2721 Sanctum,
1120 2629 1303 2701 increatum
1339 2639 1374 2700 et

102 2731 296 2829 perfeetum.
349 2730 414 2815 Oui
440 2731 571 2804 loeutus
597 2743 649 2804 ost
673 2733 708 2803 in
735 2732 819 2826 lege,
854 2735 886 2803 in
914 2731 1086 2828 prophetis
1113 2741 1147 2803 et
1172 2732 1206 2802 in
1234 2753 1396 2826 evange-2

102 2835 165 2905 iiis.
219 2833 283 2916 Qui
319 2833 491 2906 deseendit
524 2857 624 2931 super
656 2834 841 2925 Iordanem,
876 2833 931 2929 qni
966 2833 1167 2930 praedicavit
1194 2856 1282 2925 eum,
1316 2833 1373 2928 qui

102 2945 261 3006 venturus
294 2946 367 3006 erat
401 2944 435 3006 et
467 2936 501 3006 in
529 2935 659 3007 Sanctis
687 2935 853 3007 habitavit.
907 2934 1080 3008 Credimus
1108 2937 1141 3005 in
1171 2959 1270 3005 unum
1297 2957 1372 3005 suu·

104 3053 201 3127 cmm,
237 3036 430 3110 catholicam
458 3047 491 3108 et
516 3038 727 3133 apostoticam
756 3037 941 3127 ecetesiam,
976 3059 1079 3108 unum
1106 3035 1267 3130 baptisma
1293 3057 1375 3130 poe-

104 3140 275 3230 nitentiae,
301 3138 336 3208 in
355 3139 585 3210 remissionem
604 3149 826 3235 peecatorum,
853 3147 1059 3208 mortuorum
1078 3136 1371 3227 resurrectionem,

102 3253 276 3312 ueternum
304 3238 462 3313 iudicium
489 3241 672 3313 animarum
699 3250 733 3312 et
759 3261 948 3335 corporum,
975 3237 1010 3308 in
1036 3259 1177 3332 regnum
1205 3236 1373 3309 coelorum

103 3354 137 3414 et
162 3343 262 3413 vitum
289 3339 500 3436 deorumst)

180 3461 244 3545 Qui
272 3470 381 3532 autem
410 3460 571 3532 dixerint:
594 3459 744 3555 ,Tempus
762 3467 843 3549 erut,
871 3482 936 3554 quo
955 3481 1020 3528 non
1041 3467 1112 3529 erat
1128 3456 1232 3528 Filius
1249 3456 1374 3530 Dei-

104 3563 151 3633 vet
180 3563 279 3634 sirniii
299 3563 445 3633 ratione:
473 3561 617 3657 Tempus
635 3575 717 3652 erut,
744 3584 809 3657 quo
828 3583 894 3631 non
914 3569 985 3631 erat
1002 3558 1147 3656 Spiritus
1166 3558 1308 3630 Sanetus
1322 3599 1375 3610 -

106 3664 172 3735 ret:
210 3674 339 3735 creatos
373 3688 447 3736 esse
473 3663 595 3734 Filium
628 3673 662 3734 et
687 3663 849 3758 Spiritum
876 3686 917 3733 ex
942 3661 1046 3734 nihilo
1073 3703 1124 3714 -
1150 3661 1217 3732 vel:
1253 3660 1372 3732 Filium

192 3938 217 3996 1)
241 3936 338 3986 Nesto
356 3951 380 3998 p.
402 3933 464 3986 tto:
491 3934 541 3984 Tho
568 3935 673 3998 position
703 3934 731 3982 ot
755 3933 898 3982 thecterts
925 3933 945 3981 is
972 3933 1028 3981 this.
1064 3932 1114 3982 The
1142 3931 1218 3982 Prien
1244 3931 1264 3978 is
1287 3937 1310 3978 et
1334 3929 1374 3978 tho

107 4022 195 4071 middle
213 4022 296 4070 ottho
316 4020 388 4077 titur.
418 4020 455 4068 his
478 4033 522 4081 cro
548 4033 588 4077 on,
613 4019 658 4067 und
678 4019 716 4067 hir
734 4017 792 4068 hrch
811 4025 836 4067 to
853 4017 893 4065 the
911 4016 1015 4080 propte:
1042 4023 1087 4065 two
1109 4012 1374 4066 docuissentne

103 4107 175 4156 north
202 4106 249 4154 und
276 4105 348 4154 south
372 4105 437 4153 sides
460 4103 488 4152 ot
512 4103 552 4152 tho
578 4103 647 4154 henin
672 4099 845 4166 rotpertum„
866 4101 907 4149 the
933 4099 1050 4164 principii
1075 4099 1179 4158 horcon,
1202 4097 1312 4158 standing
1336 4101 1374 4145 to·

108 4191 184 4239 werdt
209 4190 249 4238 the
272 4191 342 4238 north
366 4189 427 4247 side,
451 4197 474 4237 ut
497 4189 537 4236 tho
560 4195 604 4249 top
627 4187 654 4235 ot
675 4187 716 4234 the
738 4195 814 4249 steps,
838 4185 923 4234 ohtnts
941 4187 981 4235 tho
1005 4184 1104 4249 (intret,
1129 4184 1207 4243 troing
1230 4189 1302 4230 west:
1328 4181 1374 4229 int-

109 4275 233 4336 medintety
251 4274 274 4322 in
294 4275 357 4322 tront
376 4273 476 4332 othim,
495 4272 542 4322 rud
560 4273 639 4332 nenne
657 4272 714 4330 him,
734 4271 755 4320 is
772 4269 873 4318 another
891 4269 985 4320 horcon
1004 4269 1059 4318 with
1078 4284 1090 4316 n
1110 4281 1202 4326 censer,
1219 4267 1273 4314 who
1291 4264 1375 4314 stands

107 4357 212 4407 huneco
242 4365 288 4408 tno
314 4357 484 4417 snodenoom,
511 4356 569 4406 each
598 4355 696 4416 holding
722 4368 734 4403 r
761 4362 844 4418 tuper3
869 4354 910 4404 tho
935 4354 1005 4403 other
1031 4353 1201 4411 Suhdeteons‚
1229 4365 1255 4400 os
1282 4349 1374 4408 hetone,

107 4443 175 4492 tund
196 4441 293 4491 behind.

192 4541 218 4604 2)
236 4543 288 4594 dc:
306 4541 374 4603 „wir
391 4543 493 4602 alintheo
512 4540 572 4591 uueh
591 4555 619 4590 un
639 4540 684 4590 den
704 4539 806 4601 heiligen
818 4541 891 4601 dotet,
910 4541 955 4590 den
975 4538 1172 4594 unorschtdenon
1191 4537 1238 4586 und
1257 4506 1375 4585 vdttttom-

112 4640 203 4684 menen.
228 4629 272 4677 der
294 4643 337 4677 roo
362 4619 416 4677 dein
435 4627 503 4676 Vrtur
521 4626 568 4675 und
586 4625 667 4674 Sohne
686 4624 795 4686 nosgeht.
830 4625 878 4675 Der
896 4626 992 4688 ger-edet
1011 4624 1050 4673 hut
1068 4623 1144 4674 durch
1162 4624 1205 4674 des
1223 4623 1308 4673 Gesett
1326 4619 1374 4670 ond

110 4710 147 4761 die
165 4713 300 4777 Prophetes
319 4712 368 4763 und
386 4712 425 4763 die
443 4709 616 4774 Ernngetuten.
652 4709 699 4759 tier
717 4709 852 4772 herabstieg
871 4711 895 4760 in
912 4710 958 4760 deu
975 4708 1073 4771 Jordan,
1091 4723 1146 4758 tto.
1157 4705 1205 4756 w.“
