3314 5304
663 430 735 504 3tt

83 608 246 706 σαρκικὰς
278 607 483 706 ε’τιιθυιιίας
507 609 847 711 καταπατήσαντες,
881 610 1135 738 πνευματικὴν
1159 613 1348 690 πολιτείαν

81 713 320 808 ιιετὲλθωιιεν,
354 709 479 786 πάντα
505 712 607 809 πρὸς
622 713 863 811 εὐαρέστησίν
890 739 959 790 σου
986 722 1250 842 φρονοῦντες
1277 714 1347 790 Σύ

81 814 165 940 γὰρ
181 812 221 886 εἶ
246 813 267 887 6
294 812 540 912 φωτισμὸς
564 823 657 890 τῶν
685 822 870 914 ψυχῶν,
897 816 975 892 καὶ
1000 825 1093 892 τῶν
1119 812 1349 911 σωιιοίτων

81 915 230 1010 ἡμῶν,
242 915 428 1012 Xptor6‘
410 945 430 991 ο
460 915 559 1005 Θεὸς,
594 916 671 991 καὶ
697 917 772 991 σοί
797 917 878 1014 τὴν
905 916 1095 1046 δόξαν
1075 918 1350 1013 αναπέιιπο-

82 1045 153 1110 μεν
177 1018 250 1110 (Mc.
272 1021 319 1115 5),
357 1016 428 1144 οὐν
460 1025 514 1115 τῷ
551 1015 705 1117 ἀνοίρχῳ
740 1044 809 1093 σου
805 1019 961 1146 πατρί,
994 1019 1136 1117 καὶτῷ
1133 1018 1349 1147 παναγίῳ,

83 1117 135 1191 καί
159 1117 311 1218 ἀγαθῷ,
338 1119 403 1192 καὶ
429 1089 598 1246 ζωόηοιῷ
625 1145 694 1196 σου
721 1117 918 1218 πνεύιιατι,
945 1129 1017 1198 νῦν
1041 1120 1105 1196 καί
1124 1121 1194 1210 ἀεὶ,
1220 1151 1283 1196 και
1272 1123 1351 1205 εἰς

82 1219 156 1302 τούς
181 1224 322 1304 οἰωνας
346 1229 425 1294 τῶν
451 1216 613 1296 αλαίνων.

153 1331 189 1400 Ὁ
219 1335 257 1402 δε
285 1333 441 1416 διὰκονος
465 1336 504 1404 τὸ
530 1334 757 1428 θυμιατήριον
779 1333 1004 1423 ἀποθέμενος,
1032 1335 1163 1427 ἔρχεται
1183 1337 1271 1424 πρὸς
1291 1337 1351 1426 τὴν

84 1433 171 1525 ίερέο,
192 1435 250 1504 καί
271 1432 452 1516 ὐποιλίνας
474 1433 564 1527 αὐτῷ
585 1437 644 1526 τὴν
665 1439 822 1529 κεφαλὴν,
846 1445 974 1527 κρατῶν
994 1439 1051 1507 καὶ
1071 1439 1110 1508 τὸ
1132 1434 1276 1527 ώρὰριον
1291 1439 1351 1507 σὺν

84 1543 122 1658 τη]
145 1533 228 1626 ἁγίῳ
255 1533 434 1661 εὐαγγελίῳ
464 1531 580 1628 ἷίκροις
606 1544 679 1620 τοῖς
706 1538 891 1622 δακτύλοις,
922 1537 1075 1630 δηλονότι
1104 1539 1138 1610 έν
1167 1537 1282 1629 ἐκείνῳ
1302 1546 1350 1630 ιη’

84 1635 165 1728 τόπηι
186 1645 246 1727 τῆς
267 1635 365 1725 ἁγίας
386 1641 562 1731 τραπέζης,
585 1640 690 1770 λέγει·

149 1739 375 1870 Εὐλρίγησυν,
402 1741 639 1834 δέσποτα,“
602 1773 669 1818 τον
694 1743 957 1882 εὐαγγελιρτὴν
974 1752 1041 1819 τοῦ
1060 1742 1171 1846 ἁγίου
1191 1742 1352 1820 ἁποστό

86 1852 152 1933 λου,
175 1843 239 1918 καὶ
266 1845 527 1945 εὐαγγελιστοῦ
549 1861 682 1943 (τοῦδε).
701 1857 811 1928 ‘odi‘
802 1857 1230 1950 ιερεύςοφραγίζωναύιὸν,
1245 1861 1349 1949 λέγει·

150 1961 192 2040 Ὁ
227 1961 316 2045 Θεὸς
356 1962 420 2037 διὰ
453 1965 663 2063 πρεσβειῶν
694 1971 763 2037 τοῦ
796 1963 906 2065 ἁγίου
940 1960 1094 2047 ἐνδόξου
1127 1961 1350 2054 ἀποστόλου,

85 2063 137 2138 καί
162 2065 430 2192 εὐαγγελιστοῦ
468 2064 619 2192 (τοῦδε)
629 2061 709 2162 δῴη
736 2091 794 2139 σοι
820 2070 918 2192 ῥῆιιρι
944 2072 997 2162 r6
1024 2063 1350 2194 εὐαγγελιζομένῳ,

86 2163 231 2260 δυνάμει
264 2173 392 2263 πολλῇ,
426 2173 477 2251 εἷς
507 2164 738 2263 ἐκπλήρωσιν
768 2173 838 2241 τοῦ
871 2137 1086 2268 εὐαγγελίου
1112 2173 1180 2242 τοῦ
1206 2167 1352 2269 ἀγαπη-

86 2275 141 2341 τοῦ
164 2269 250 2342 υἱοῦ
277 2267 409 2357 αὐτοῦ,
436 2269 580 2408 Κυρίου
599 2269 720 2396 ’ληροῦ
746 2273 927 2404 Χριστοῦ

156 2380 193 2450 ‘0
215 2379 423 2464 διάκονος
392 2385 498 2453 ειπών
518 2385 568 2466 τὸ,
594 2369 709 2466 ἀμὴν,
734 2383 792 2451 καὶ
812 2379 1039 2472 προςκυνήσας
1053 2381 1092 2450 τὸ
1107 2379 1201 2470 ἁγιον
1217 2379 1352 2470 εὐαγγέ-

86 2485 155 2608 λιρν,
182 2481 270 2609 αἴρει
301 2481 395 2554 αὐτό.
438 2486 509 2554 Καί
536 2485 685 2567 δξελθών
713 2486 771 2554 διὰ
790 2492 857 2553 τῶν
879 2481 981 2572 ἁγίων
1001 2489 1117 2605 θυρῶν
1137 2507 1352 2570 προπορευο-

86 2585 179 2668 μίιων
200 2583 293 2675 αὐτῷ
314 2584 557 2672 λαμπάδιον,”
534 2611 666 2676 ερχεται
686 2612 743 2656 και
734 2587 900 2655 ’ἵσταται
921 2585 956 2654 έν
977 2591 1024 2674 τῷ
1047 2578 1231 2670 ὐμβωνι,“
1209 2611 1229 2674 η
1253 2584 1352 2674 ἐντῷ

87 2687 257 2776 τεταγμένῳ
280 2686 387 2778 τόπῳ.
414 2685 453 2756 ‘0
475 2686 545 2758 66⁸
536 2689 642 2776 ιερεύς
663 2685 838 2774 ίοτόμενος
860 2685 1054 2800 ἔμπροσθεν
1074 2693 1135 2802 τῆς
1155 2682 1259 2800 ἁγίας
1272 2710 1353 2800 τρα-

88 2789 184 2880 πέζης,
205 2816 263 2858 και
253 2789 423 2874 βλέπων
443 2789 531 2904 πρὸς
553 2789 681 2902 δυσιιὰς
702 2789 862 2878 έκφωνεῑ·
897 2774 1041 2875 Σοφία,
1080 2775 1259 2872 ὄρθθι,
1239 2771 1353 2848 ακού-

89 2899 197 2972 σωιιεν
221 2885 291 2952 τοῦ
321 2876 431 2978 ἁγίου
457 2876 684 2979 εὐαγγελίου.

159 3009 228 3078 Καὶ
249 3006 268 3078 ὁ
292 3007 456 3136 διάκορος.
499 2998 560 3070 Ἕκ
584 3003 653 3069 τοῦ
678 2993 774 3068 κατὰ
797 3005 917 3091 (τόνδε)
940 2993 1050 3095 ἁγίου
1076 2989 1292 3093 εὐαγγελίου
1309 2989 1352 3064 τὸ

90 3093 324 3198 ἇναγνωσμίό·
353 3109 507 3200 ὁῖερεύς,
534 3095 767 3196 πρόσχωμεν.

159 3211 229 3279 Καὶ
250 3215 319 3302 πλη
342 3213 491 3294 ωθένιος
512 3220 573 3282 τοῦ
594 3206 796 3299 εὐαγγελίου,
820 3204 949 3296 λέγειε
931 3232 951 3275 ο
974 3206 1090 3297 ἱερεύς.
1127 3190 1267 3332 Εἲρήνη
1293 3217 1352 3264 σοι

90 3305 133 3394 ²6
156 3238 479 3401 6677660666
508 3314 578 3384 Καὶ
600 3306 802 3382 ἁπελθών“
784 3335 803 3379 ο
827 3306 981 3388 διάκονος
1003 3309 1067 3389 ἕως
1088 3315 1153 3376 τῶν
1172 3303 1274 3394 ἁγίων
1287 3313 1352 3374 θυ-

92 3420 154 3500 ρῶν,
175 3411 423 3485 ἁποδίδωσι“
389 3441 427 3484 το
450 3413 545 3504 όίγιον
567 3412 757 3503 εὐαγγέλιον
778 3418 826 3499 τῷ
849 3408 941 3499 treet.

162 3589 230 3662 XX·
275 3601 346 3669 Καὶ
367 3601 448 3681 στὰς
470 3602 505 3670 έν
526 3609 574 3690 τῷ
596 3597 737 3688 συνήθει
756 3595 855 3686 τόπῳ
877 3589 1013 3684 ὐρχεται
1034 3592 1150 3674 οὕτως.

604 3715 642 3786 ‘0
665 3715 828 3795 διάκονος.

156 3827 328 3917 Ελπωιιεν
353 3819 489 3905 πάντες
513 3823 552 3907 ἐξ
577 3821 660 3918 ὅλης
687 3829 751 3916 τῆς
775 3827 910 3917 ψυχῆς,
937 3817 999 3892 καὶ
1025 3820 1064 3902 ἐξ
1088 3815 1173 3910 ὅλης
1189 3821 1253 3910 τῆς
1270 3812 1355 3890 δια-

94 3920 183 4008 νοίας
205 3924 315 4021 ἡμῶν
340 3927 511 4019 εἴπωμεν.

165 4179 222 4244 (Ξιρ.
241 4179 288 4230 XX.
323 4179 353 4228 tt.
372 4181 400 4232 G
417 4180 473 4230 νεα.
493 4179 542 4230 687
571 4179 674 4228 orationi
698 4167 816 4240 Κόριεό
839 4165 945 4230 Θεδς“
932 4171 1014 4240 υμιίν
1042 4173 1102 4222 haee
1120 4169 1290 4236 praeminum.
1315 4161 1354 4216 ἔτι

96 4252 203 4327 δεόμεθα
220 4256 291 4329 ὑπὲρ
310 4261 364 4312 τῶν
381 4255 584 4328 εὐσεβεστάτων
601 4260 649 4311 καὶ
660 4249 1108 4357 θεοφολιίκτωνβασιλέωνημων,
1126 4244 1255 4346 ιιρὰιρυς,
1270 4251 1354 4314 νίκης,

96 4339 222 4411 διαμονῆς,
242 4336 359 4414 ελρὴνης,
382 4341 497 4413 ὑγιείας,
520 4346 656 4413 σωτηρίας
673 4337 829 4394 αὐτῶνκαὶ
846 4340 895 4392 τοῦ
911 4335 1017 4407 Κύριου
1036 4334 1084 4390 ιδν
1105 4327 1205 4388 Θεὸν
1192 4333 1272 4401 ημῶν
1290 4331 1354 4384 tm-

96 4426 167 4478 πλέοι
183 4429 359 4497 συνεργῆσαι,
376 4425 565 4482 κατευοδῶσαι
582 4427 675 4484 αὐτοῖς
692 4424 723 4478 ἐν
740 4425 808 4476 πᾶσι
826 4424 874 4475 καὶ
890 4415 1054 4482 ὐποιιίξαι“
1041 4416 1097 4473 υπδ
1115 4413 1177 4476 τούς
1194 4410 1284 4474 πόδας
1300 4411 1354 4466 αὐ-

97 4509 143 4559 τόν
157 4507 243 4564 πάντα
261 4511 365 4580 ἐχθρόν
381 4515 429 4564 ιιαλ
444 4514 588 4583 πολέμων.
609 4513 626 4562 Ε
645 4513 766 4564 contrario
784 4512 882 4562 silentio
894 4510 1102 4608 ριεειιιιοίιιιιιιι,
1117 4517 1180 4572 quat
1198 4503 1333 4566 teguntur·
1327 4518 1353 4554 ιο

98 4595 151 4646 edito
172 4600 230 4650 inter
254 4601 394 4652 cottectnm:
420 4591 506 4668 Κύριε
532 4590 636 4653 terte
653 4605 676 4650 et
694 4586 867 4663 ἔνφοίνησιν·
893 4587 934 4645 ὅτι
951 4581 1076 4660 ἐλεήμων
1091 4589 1149 4641 κτλ.
1185 4587 1225 4640 λε.
1244 4587 1355 4640 timiiiter

97 4679 203 4735 interserit
216 4687 350 4738 orationem
367 4701 412 4752 pro
430 4687 586 4751 imperatore,
605 4681 687 4734 missit
705 4695 759 4734 ettttt
769 4681 881 4734 Morellio
893 4682 1006 4732 etGotrtt
1021 4677 1144 4744 precibus,
1163 4691 1224 4743 ηοιε
1235 4675 1355 4741 excipiunt
