3556 5308
896 376 970 452 336

377 553 464 630 Εἶτα
487 551 686 648 μνημονεύει
711 556 769 628 καὶ
797 547 843 624 άν
867 554 1027 643 βούλεται
1054 551 1183 640 ζώντων
1207 554 1251 640 ,έν
1282 551 1382 647 ἑτέρᾳ
1412 552 1575 646 σφραγίδι

296 659 452 744 ώςαάτως
476 659 534 728 καὶ
560 657 679 750 τίθησι
705 658 766 739 τὰς
790 658 931 746 μερίδας
957 659 994 728 έν
1018 665 1067 748 τῷ
1093 653 1247 726 κάτωθεν
1273 655 1370 746 μέρει
1397 663 1457 724 τοῦ
1478 653 1574 746 άγίου

297 757 399 852 άρτου
429 760 540 851 ὥςπερ
567 761 625 830 καί
651 757 670 830 5
699 757 806 849 ἱερεὺς
826 760 884 830 καὶ
903 760 1015 847 λαβὼν
1035 760 1095 850 τὴν
1115 766 1245 846 μοῦσαν
1265 758 1438 828 συστέλλει
1457 757 1520 840 τὰς
1539 759 1575 826 ἐκ

296 871 344 954 τῷ
367 862 469 954 δίσκῳ
488 857 629 952 μερίδας
649 858 808 932 ὑποκάτω
829 870 891 932 τοῦ
912 860 1008 952 άγίου
1030 855 1144 950 άρτου,
1167 859 1249 944 ὥςτι
1270 855 1358 930 εἶναι
1378 861 1414 930 έν
1428 855 1576 952 ἀσφαλεῖ

295 966 418 1055 καὶμὴ
442 965 593 1034 ἐκπεσεῖν
614 990 659 1032 τι.

383 1155 441 1228 XI·
478 1163 564 1237 Εἶτα
591 1163 610 1238 5
639 1167 793 1248 διάκονος
814 1166 926 1252 λαβὼν
946 1166 986 1238 τὸ
1008 1163 1234 1256 θυμιατήριον
1254 1165 1312 1234 καί
1332 1161 1491 1252 θυμίαμα
1511 1171 1576 1252 βα-

298 1269 365 1337 λιὺν
385 1267 421 1338 ἐν
443 1265 533 1360 αὐτῷ
555 1269 645 1358 λέγει
665 1269 752 1358 πρὸς
771 1267 829 1336 τὸν
852 1265 959 1356 ἱερέα·

381 1369 600 1476 Εὒλόγησον
625 1371 786 1448 δέσποτα
812 1369 856 1447 τὸ
874 1369 1065 1466 θυμίαμα.

553 1501 666 1574 Καὶε
647 1531 666 1574 o
689 1502 795 1595 ἱερεὺς
814 1503 875 1594 τὴν
896 1501 991 1593 είχην
1012 1509 1073 1571 τοῦ
1094 1500 1321 1590 θυμιάματος.

387 1605 606 1706 Θυμίαμά
632 1632 705 1684 σοι
721 1609 1057 1708 προςφέρομεν
1081 1605 1267 1705 Χριστὲ
1249 1605 1423 1692 οθεὸς
1401 1611 1578 1706 ημῶνελς

301 1709 422 1807 ὀσμὴν
455 1709 614 1794 εὐωδίας
645 1719 913 1807 πνευματικῆς,
955 1709 975 1784 5
1010 1707 1385 1808 πρσςδεξάμενος
1424 1715 1489 1794 εἰς
1527 1711 1577 1784 τὸ

301 1809 651 1941 ὑπερουράνιόν
692 1836 777 1887 σου
810 1809 1181 1910 θυσιαστήριον,
1225 1808 1580 1907 ἂντικατάπεμ-

300 1935 393 2025 γιον
427 1913 539 2011 ἡμῖν
574 1913 660 2011 τὴν
690 1911 834 2013 χάριν
868 1921 950 1988 τοῦ
986 1913 1224 2016 παναγίου
1261 1936 1343 1988 σου
1368 1909 1581 2010 πνεύμα-

299 2044 379 2100 τος
405 2017 478 2111 ου.
499 2020 545 2114 ε).

825 2128 863 2198 ‘0
886 2128 1050 2212 διάκονος.

391 2241 467 2310 Τοῦ
492 2232 635 2334 Κυρίου
661 2233 871 2332 δεηθῶμεν.

302 2383 373 2454 Καὶ
401 2381 420 2453 5
449 2382 556 2473 ἱερεὺς
583 2382 757 2470 θυμιάσας
784 2384 841 2452 τὸν
869 2381 1062 2472 άστερίσκον
1091 2381 1226 2474 τίθησιν
1252 2380 1366 2452 έπάνω
1394 2389 1457 2472 τοῦ
1482 2379 1578 2470 άγίου

821 2479 922 2575 άρτου
945 2485 1069 2573 λέγων·

387 2589 462 2664 Καὶ
487 2587 613 2664 έλθάιν
640 2587 660 2664 5
687 2589 805 2689 ἀστὴρ
830 2591 915 2687 ἔστη
942 2587 1068 2664 ἐπάνω
1095 2581 1141 2666 05
1165 2583 1214 2686 ἦν
1239 2587 1282 2663 τὸ
1309 2587 1472 2664 παιδίον.

834 2737 873 2807 Ὁ
894 2736 1057 2820 διάκονος.

394 2849 470 2918 Τοῦ
495 2842 639 2943 Κυρίου
665 2843 874 2942 δεηθῶμεν.

302 2989 342 3062 ‘0
370 2989 477 3081 ἱερεὺς
502 2999 636 3080 θυμιῶν
662 2993 702 3062 τὸ
729 3000 862 3083 πρῶτον
889 2989 1060 3079 κάλυμμα,
1090 2989 1249 3076 σκεπάζει
1273 2991 1332 3060 τδν
1359 2989 1455 3080 άγιον
1484 2983 1584 3080 άρτον

744 3095 803 3163 σὺν
824 3099 872 3184 τά
894 3093 996 3184 δίσκῳ
1018 3092 1139 3183 λέγων·

358 3196 594 3327 ΟΚάρισς
619 3197 933 3298 έβασίλευσιν,’
897 3197 1115 3294 ευπρίπειαν
1140 3191 1401 3287 ἐνεδύσατο,έ
1384 3193 1585 3273 ἐνεδύσατο

309 3295 447 3399 Κύριος
481 3299 647 3398 δυναμιν
687 3299 751 3376 καὶ
784 3296 1041 3397 περιεζώσατο.
1095 3299 1170 3374 Καὶ
1204 3298 1278 3403 γάρ
1314 3299 1481 3397 ἐστέρησε
1518 3297 1587 3395 τὴν

309 3402 551 3499 ολκουμένην,
586 3402 666 3499 ἥτις
702 3403 747 3478 οὗ
784 3398 1064 3497 σαλευθὴσεται.
1130 3408 1191 3499 Τῷ
1230 3405 1319 3499 οἴκῳ
1355 3427 1425 3478 σου
1460 3400 1587 3529 πρέπει

310 3503 492 3631 άγίασμα,
526 3500 652 3602 Κύριε,
686 3509 737 3587 εἰς
767 3498 983 3599 μακρότητα
1015 3502 1178 3632 ἡμερῶν,
1211 3500 1383 3593 πάντοτε,
1417 3511 1491 3580 νῦν
1523 3500 1588 3577 καὶ

311 3605 381 3693 ἀεὶ,
408 3604 547 3682 καλεῖς
572 3604 659 3688 τοὺς
685 3609 824 3688 αἲιῖινας
849 3612 928 3681 τῶν
954 3601 1118 3695 αλιίνων,
1162 3601 1291 3706 Ἀμήν.

397 3877 455 3942 Cap.
473 3877 512 3928 XL
548 3877 573 3928 Ρ.
598 3875 660 3927 haud
680 3875 781 3927 dissidet
798 3892 811 3927 ε
829 3877 923 3941 vulgato
942 3890 1019 3943 neque
1038 3878 1063 3930 C.
1083 3879 1108 3928 in
1126 3877 1274 3941 gravioribus
1292 3878 1421 3944 discrepat.
1440 3903 1472 3913 -
1491 3902 1524 3913 -
1541 3871 1598 3924 καὶ,

314 3957 344 4010 εὶ
361 3956 438 4027 ἔχει
455 3955 618 4027 άστερίσκον
635 3961 745 4024 τίθησιν
761 3959 810 4010 καὶ
826 3955 911 4011 αὐτὸν
927 3957 1052 4028 ὕπερθεν
1068 3959 1117 4011 τοῦ
1134 3958 1231 4011 δίσκου
1249 3988 1283 3998 -
1301 3989 1333 4000 -
1352 3951 1410 4012 εἶτα
1427 3957 1540 4017 θυμιῶν
1557 3952 1588 4009 τά

314 4046 388 4112 μέγα
406 4043 568 4112 είλιμμίνον
585 4043 632 4094 καὶ
649 4045 793 4112 τιθέμενος
810 4041 943 4114 ἐπίμηκες
958 4045 1044 4112 λέγει·
1063 4037 1205 4111 ἐκάλυψεν
1222 4045 1278 4098 κτλ.
1303 4045 1334 4096 Μ,
1354 4049 1379 4098 C.
1398 4045 1513 4096 Ven.687
1532 4046 1589 4095 1ου-

314 4133 406 4195 giorem
426 4131 517 4182 ίεείυυι
533 4132 667 4182 orationem
691 4125 871 4198 θυμιάματος
888 4157 919 4168 -·
936 4157 971 4166 -
988 4124 1239 4197 άντικατάπεμψον
1255 4123 1324 4198 ἡμῖν
1341 4120 1459 4180 πλούσια
1478 4123 1589 4192 risum

314 4225 376 4278 σου,
401 4212 449 4264 καλ
471 4209 533 4271 τούς
549 4207 705 4282 οίκτιρμούς
721 4227 780 4278 σου,
804 4213 853 4264 καλ
869 4206 992 4282 διάρησαι
1010 4209 1077 4284 ἡμῖν
1094 4207 1165 4264 αὐτά
1182 4215 1239 4272 τοῖς
1256 4207 1364 4272 δούλως
1380 4226 1433 4264 σου
1451 4215 1508 4269 τοῖς
1525 4209 1590 4262 em-

313 4296 498 4366 καλουμένοις
519 4293 550 4348 τδ
573 4293 663 4368 ὄνομά
689 4313 740 4350 σου
763 4297 812 4349 τοῦ
834 4293 945 4368 πατρὸς,
968 4298 1016 4349 καλ
1033 4297 1081 4350 τοῦ
1098 4298 1166 4362 υἱοῦ,
1190 4297 1303 4351 καὶτοῦ
1320 4293 1402 4365 άγίου
1420 4292 1587 4368 πνεύματος,

314 4374 443 4446 πάντοτε,
466 4380 518 4434 νῦν
540 4381 589 4434 καὶ
609 4378 663 4448 ἀεὶ,
687 4383 795 4441 καλεῖς
817 4375 878 4440 τοὺς
894 4382 997 4441 αἰῶνας
1013 4381 1069 4433 τῶν
1086 4375 1204 4435 αἰώνων.
1228 4373 1324 4451 Ἀμήν.
1361 4385 1480 4449 Deinceps
1498 4384 1590 4434 addunt

316 4469 382 4518 voci:
399 4466 446 4516 καὶ
465 4461 556 4518 ἐλθών
573 4464 587 4520 ὁ
607 4462 734 4532 άσιήρ-
746 4461 864 4518 πάντοτε
882 4467 934 4520 νῦν
950 4468 998 4518 καλ
1015 4463 1140 4522 άείκιλ..·
1160 4471 1243 4522 eadem
1263 4471 1384 4521 adiecerat
1402 4469 1505 4520 orationi
1523 4466 1591 4517 σκί-

315 4561 408 4600 νιασον
425 4543 497 4620 ἡμᾶς
513 4549 545 4606 έν
562 4551 592 4624 τῇ
609 4556 697 4623 σκεπη
714 4551 767 4604 τῶν
784 4567 828 4604 τιτ.
847 4564 898 4606 σου
916 4546 931 4606 5
952 4551 1020 4612 Θεὸς
1036 4547 1124 4620 ἡμῶν,
1139 4557 1182 4608 sed
1199 4557 1296 4608 silentio
1315 4556 1509 4622 praetermittunt
1527 4565 1591 4620 quau

315 4647 457 4702 sequuntur.
