3336 5302
712 363 786 438 379

110 543 149 612 sd
170 543 212 611 ve
234 539 438 634 προςαόατρ,
464 542 515 612 sd·
530 538 652 612 dernier
679 539 911 634 dlipyogsirnt
939 540 992 612 ὅτι
1020 539 1041 631 ἡ
1076 541 1211 629 πάπρα
1241 547 1302 610 τοῦ
1335 540 1382 611 ie-

111 643 196 730 ρέας
225 649 415 730 manasei
446 643 504 713 διὰ
532 649 592 733 τῆς
623 640 726 735 ζώνης
745 643 823 732 rope
843 643 1049 732 netgucptorig
1068 651 1128 732 τῆς
1143 641 1274 732 σαρκός.
1309 649 1382 712 buo.

115 752 162 824 12,
184 751 236 813 35.
245 749 267 825 ¹)

194 866 298 929 Induit
318 859 361 929 cdi
381 860 643 947 ἐπιμανίκια,
677 883 802 947 quorum
825 883 914 947 snpra
939 866 1051 955 mentio
1073 863 1181 928 iniecta
1206 876 1266 929 est:
1297 868 1381 928 dein-

112 985 183 1048 ceps
212 975 296 1050 aptet
322 967 408 1029 lateri
445 962 497 1030 Τὸ
516 960 816 1049 ‘Yrroyoro'rrtov
838 968 883 1030 tel
904 959 1200 1050 Ἐπιγονάτιον.
1244 969 1298 1030 Est
1320 969 1381 1029 lor·

111 1089 176 1132 mae
204 1067 461 1149 quadrangularis,
489 1067 581 1148 peimi
609 1075 640 1129 et
666 1067 783 1130 dimidii
812 1087 846 1130 ex
875 1087 1055 1149 unoquoque
1084 1069 1176 1131 latere
1203 1080 1233 1131 et
1262 1068 1381 1130 eZone

111 1179 246 1259 gegtatog
280 1182 456 1250 appensum.
491 1168 622 1231 ¹Siureon
651 1167 804 1232 Thessal:
841 1201 880 1213 -—
904 1163 939 1232 dr
964 1171 1004 1254 τῇ
1033 1162 1115 1255 ζώνῃ
1141 1164 1180 1234 τὸ
1208 1163 1391 1253 λεγόμενον,

110 1261 365 1355 dereyoseictoad
388 1261 782 1356 ίερόρχηςαεριτίθεται.
804 1263 985 1352 ἐξαρτήσας
1010 1265 1029 1333 b'
1049 1266 1109 1354 τὴν
1128 1265 1213 1334 κατὰ
1233 1274 1293 1334 τοῦ
1314 1273 1383 1334 eo-

110 1366 211 1435 νάτου
239 1365 329 1456 νίκην
354 1365 413 1434 καὶ
438 1364 499 1455 τὴν
526 1363 724 1455 ἀφθαρσίαν
743 1371 803 1456 τῆς
825 1363 986 1455 ἡμετέρας
1006 1364 1138 1456 φύσεως
1158 1367 1215 1436 καί
1236 1367 1274 1436 τὸ
1295 1367 1382 1455 μέγα

109 1475 170 1557 τῆς
187 1475 251 1537 soii
272 1473 358 1536 θεοῦ
380 1464 491 1549 ἰσχύος
510 1466 595 1535 κατὰ
615 1473 675 1554 τῆς
694 1474 755 1535 τοῦ
775 1474 923 1554 πονηροῦ
943 1465 1135 1555 τυραννίδος
1157 1466 1313 1558 ἐμφαίνει
1327 1468 1382 1536 ded

109 1571 164 1638 καὶ
186 1575 297 1657 σχῆμα
318 1565 489 1657 ῥομφαίας
511 1565 654 1650 ἔχεικαὶ
675 1566 734 1636 ἐπὶ
755 1574 815 1657 τῆς
835 1561 963 1658 ίσφαος
994 1567 1201 1658 ἐκκρέμαται,
1235 1567 1321 1638 ἔνθα
1342 1569 1382 1637 τὸ

111 1670 282 1739 δύνασθαι
308 1661 491 1754 ἄνθρωπον
520 1663 606 1738 εἶναι
632 1666 745 1758 φασίν.
787 1674 914 1754 Proprie
949 1676 1079 1754 pertinet
1107 1687 1313 1738 ornamentum
1344 1660 1399 1738 ed'

110 1777 281 1857 Episcopus
303 1775 348 1836 vel
371 1775 493 1848 omnino
515 1775 552 1836 ad
575 1775 717 1854 dignitate
740 1777 849 1837 ceteris
871 1775 1085 1838 eminentiores
1108 1786 1140 1838 nt
1161 1779 1197 1838 ad
1220 1777 1381 1856 Protosyn-

110 1879 204 1941 cellos
241 1875 444 1950 (consiliarios
479 1875 525 1938 vel
563 1877 730 1939 Canonicos
762 1869 1004 1956 Episcoporum),
1039 1878 1239 1958 Protopopas,
1276 1877 1380 1941 troti-

109 1977 276 2040 mandritas
299 1996 325 2039 e.
349 1996 375 2040 a.
419 1978 456 2040 At
488 1995 568 2050 vero,
601 1993 667 2038 cum
700 1978 777 2058 apud
802 1973 969 2039 Orientales
991 1977 1030 2038 ab
1058 1975 1197 2041 omnibus
1220 1981 1380 2041 omnistu·

110 2081 162 2146 din
183 2090 215 2141 et
236 2077 401 2140 ambitione
423 2077 594 2158 Epigonatii
622 2077 720 2140 bonor
740 2086 905 2160 appetatur,
935 2079 1043 2140 iactum
1072 2086 1119 2141 est
1146 2089 1179 2141 ut
1206 2080 1297 2142 bodie
1327 2081 1380 2144 Sa·

110 2181 250 2245 cerdotes
279 2179 419 2260 permulti
447 2179 501 2242 illo
527 2187 702 2242 ornamento
731 2181 792 2242 sint
813 2179 1003 2261 spectabiles.

189 2292 353 2388 Postremo
375 2298 483 2375 ceteris
504 2297 637 2359 vestibus
661 2298 882 2378 superimponit
902 2293 941 2362 sb
956 2290 1165 2362 maturior
1187 2291 1380 2376 (moditor,

113 2392 278 2484 Φελιίνης,
304 2391 494 2475 &creditore
517 2417 575 2478 syr.
597 2398 753 2478 pbaino,
776 2409 855 2478 copt.
876 2398 1082 2475 albornoz),
1104 2398 1233 2461 tunicam
1257 2409 1381 2482 propter

110 2500 307 2582 expandenda
330 2499 452 2562 brachia
474 2499 520 2562 rel
541 2500 700 2563 commode
715 2499 860 2562 movenda
876 2519 891 2561 n
908 2499 1052 2563 lateribus
1067 2501 1262 2576 conscissam,
1286 2511 1380 2563 toturn

113 2653 404 2677 --—---—--—--—--d¹

196 2755 223 2818 1)
239 2752 409 2804 lienaudot
426 2753 445 2802 1.
464 2768 487 2818 p.
500 2746 562 2804 llil:
580 2753 676 2816 „ilabet
693 2755 756 2804 iuter
774 2754 925 2805 Christianos
936 2753 1072 2805 orientales
1090 2754 1238 2818 singularem
1257 2770 1380 2806 sommen-

110 2841 241 2900 dstiouem,
266 2851 293 2888 ex
310 2838 404 2887 ratione
418 2852 483 2910 'qnae
501 2837 550 2888 illis
567 2839 665 2902 propria
684 2847 729 2898 est,
753 2852 780 2888 ex
798 2853 846 2904 quo
864 2839 909 2888 snb
929 2838 1157 2890 llubsmedanorum
1175 2841 1276 2904 imperio
1295 2842 1380 2890 ritant.

110 2921 281 2974 llamcslilae
299 2921 419 2981 nonnulli,
437 2930 460 2971 et
477 2921 517 2973 elii
537 2921 660 2986 Principes
678 2923 820 2986 praesertim
839 2923 863 2971 ia
880 2925 993 2986 Aegypto,
1013 2923 1087 2973 mults
1105 2929 1249 2985 statuerunt,
1269 2934 1294 2974 nt
1311 2925 1381 2974 Cbri-

111 3007 181 3057 stiani
205 3007 270 3056 notis
287 3005 445 3056 exterioribus
463 3021 477 3055 a
495 3005 674 3070 liubsmedanis
693 3007 905 3069 distinguerentur,
931 3015 982 3056 tum
1000 3007 1082 3062 colore
1101 3009 1210 3070 restium,
1235 3010 1382 3070 cogebantur

110 3094 172 3142 enim
196 3091 279 3158 pullus
296 3095 389 3140 tantnut
412 3091 525 3142 induere:
549 3100 599 3142 tum
625 3092 734 3153 maxime,
758 3092 812 3155 qnia
831 3105 890 3140 rona
908 3105 983 3155 super
1000 3099 1079 3152 togam
1099 3093 1241 3142 exteriorem
1259 3094 1381 3156 praecingi

111 3193 154 3228 eoa
170 3176 307 3240 oportebat.
341 3175 368 3225 id
392 3176 544 3226 severissime
567 3175 596 3225 ab
615 3175 675 3240 ipsis
693 3183 800 3226 exactum
818 3182 856 3224 est
872 3174 902 3224 ab
922 3174 1027 3223 ilaltemo
1046 3174 1122 3226 Celila
1140 3175 1237 3239 beggpti
1256 3177 1380 3240 Patimids,

111 3269 134 3312 et
151 3277 164 3310 a
182 3258 346 3310 Salabsddiuo
365 3259 509 3312 iubidarum
527 3259 682 3310 Sullanorum
701 3260 794 3324 primo:
812 3274 873 3324 quae
891 3259 1012 3308 distinctio
1031 3272 1084 3308 crim
1103 3258 1207 3324 aliquem
1226 3260 1380 3320 ignominiam

112 3347 263 3397 coniunctam
288 3344 376 3394 babere
401 3344 528 3406 rideretur,
552 3345 690 3406 grsrissimr
709 3343 851 3394 Christianis
868 3341 1025 3392 indicabatur.
1060 3341 1085 3391 st
1104 3344 1157 3406 quis
1176 3343 1238 3408 spud
1257 3343 1381 3408 Principes

112 3432 184 3492 grstia
203 3435 227 3478 st
244 3429 372 3478 autoritate
389 3427 501 3492 polleret,
519 3443 547 3479 ea
565 3429 683 3490 utebatur,
701 3436 728 3478 ut
744 3428 916 3491 immunitatem
936 3426 1016 3477 Zonae
1033 3427 1146 3476 terendae
1164 3427 1290 3478 obtineret.
1314 3428 1381 3478 istud

112 3529 165 3565 tero
188 3514 253 3563 inter
270 3511 458 3563 setsmedaoos
474 3500 673 3586 christianosque
697 3527 725 3563 et
749 3513 830 3562 babitn
855 3512 985 3562 discrimen
1003 3511 1137 3576 Episcopus
1162 3526 1210 3561 non
1235 3526 1380 3578 magnopere

113 3597 286 3657 mumorebst,
304 3609 358 3646 cunt
377 3595 432 3646 inde
451 3597 530 3646 mines
548 3597 682 3661 pericnlum
702 3597 840 3647 commercii
859 3595 985 3646 iumiiiaris
1003 3609 1057 3644 cum
1075 3593 1297 3656 lutldelibnsesset,
1317 3599 1380 3662 quod

113 3698 182 3748 ssepe
200 3680 346 3733 Christianis
363 3688 387 3731 et
404 3679 482 3730 iraudl
500 3681 612 3732 eteritis
631 3689 689 3731 eret.
724 3681 807 3745 ltaque
825 3681 854 3730 ad
873 3679 974 3730 istorum
993 3679 1183 3729 consolationem
1203 3679 1275 3730 mults
1294 3679 1317 3730 in
1332 3679 1380 3732 iio-

113 3767 191 3828 miliis‚
215 3765 406 3829 uamadbnsqne
429 3763 595 3829 spirituelibns
620 3765 682 3815 diets
708 3773 765 3815 snnt
787 3765 817 3815 sd
835 3763 915 3814 Zonue
938 3764 1077 3825 dignitatem
1105 3765 1329 3827 commendandam,
1354 3779 1380 3816 ex

114 3851 253 3916 Scriptnris,
276 3849 359 3900 basilii
377 3848 475 3912 Regalis
496 3849 574 3899 lusins
591 3847 727 3912 displrtstis,
752 3858 775 3899 et
793 3847 848 3899 aliis
865 3849 987 3898 tscetisis.
1022 3847 1083 3898 'lum
1101 3849 1170 3913 quasi
1188 3849 1225 3899 lex
1243 3851 1380 3912 constituta,

114 3949 181 3999 quatu
199 3936 277 3984 refert
294 3933 441 3984 libasssalns
458 3933 482 3983 iu
501 3931 627 3996 Principiis
645 3925 709 3992 tidel,
728 3939 753 3982 nt
771 3932 800 3982 ud
819 3933 951 3982 cretionem
971 3933 1015 3982 rite
1033 3933 1166 3982 laciendum
1177 3933 1304 3984 Christiani
1315 3933 1380 3982 Zona

113 4019 241 4084 praecineti
265 4017 421 4069 accederent:
446 4015 510 4082 qnod
529 4018 600 4068 etiam
620 4018 729 4080 esposuit
747 4015 849 4066 Serenus
868 4015 1002 4080 Episcopus
1021 4018 1205 4078 lscbmoninae,
1223 4017 1247 4066 in
1268 4018 1379 4067 Tractstn

114 4103 141 4154 tle
158 4103 278 4154 exercitiis
297 4101 495 4154 Christianorum.
530 4101 556 4150 lu
575 4101 623 4150 alio
643 4101 766 4166 Opnsoulo
785 4099 814 4150 de
831 4103 897 4161 igno
916 4099 1023 4151 Pascbaii
1043 4102 1194 4161 Stcerdotes,
1217 4101 1302 4164 inquit,
1320 4101 1379 4150 ilde-

115 4185 155 4249 les,
182 4187 281 4240 calceos
299 4187 324 4237 in
341 4185 442 4250 pedibus
460 4185 557 4244 babent,
583 4185 639 4234 dnm
658 4195 800 4236 consecrent
817 4199 906 4250 corpus
918 4185 1016 4246 Christi,
1033 4185 1128 4248 signum
1147 4192 1268 4234 externum
1288 4185 1322 4234 rei
1342 4185 1379 4235 in·

114 4279 207 4322 ternae:
230 4273 294 4321 sient
311 4271 381 4320 stiam
401 4271 465 4335 qnod
483 4269 556 4320 Zonis
574 4270 767 4332 praecinguntur,
784 4271 879 4332 signum
898 4278 935 4319 est
951 4269 1136 4334 praecinctionis
1154 4268 1282 4318 interioris.
1319 4269 1379 4328 Ouia

116 4369 165 4406 reru
183 4371 243 4421 prse
261 4357 363 4406 caeteris
380 4355 543 4406 Orientalibus
560 4354 665 4416 Aegyptii
683 4353 748 4402 Zone
767 4354 796 4402 sb
814 4353 868 4405 aliis
886 4353 1101 4416 distinguebentur,
1117 4353 1205 4404 idcirco
1224 4367 1236 4401 a
1255 4353 1379 4404 nonnullis

116 4441 161 4488 seri
178 4439 300 4504 sequioris
317 4437 441 4489 autoribus
459 4437 586 4489 Christiani
605 4437 794 4502 praecincturas,
812 4446 854 4488 ant
870 4437 900 4488 de
918 4439 1013 4501 cingulo
1030 4435 1145 4501 appellati
1161 4441 1230 4486 sunt:
1249 4437 1318 4487 cuins
1335 4437 1379 4486 de·

117 4523 283 4574 nominetionis
307 4539 379 4574 sensa
402 4537 451 4573 uon
474 4523 533 4574 setis
556 4519 691 4582 intellecta,
714 4523 881 4584 nugacissimis
904 4523 986 4574 multis
1008 4521 1246 4586 interpretationibus
1269 4521 1379 4572 occasio·

118 4605 273 4658 uemdedit.“
