3336 5302
106 558 132 657 ἡ
173 558 324 657 ἀπαρχὴ
358 566 437 638 τῶν
472 558 637 638 αἰωνίων
672 561 849 664 ἀγαθῶν,
884 559 907 658 ἡ
945 559 1122 652 ζωοποιὸς
1157 559 1331 658 δύναμις,
1356 563 1389 661 ἡ

107 661 213 764 πηγὴ
248 669 317 737 τοῦ
353 661 558 764 ἀγιασμοῦ·
595 663 677 760 παρ’
715 655 760 739 οὗ
796 669 898 738 πᾶσα
930 661 1048 748 κτίσις
1087 660 1212 766 λογική
1252 659 1291 738 τε
1325 669 1405 748 καὶ,

106 764 228 862 νοερὰ
260 761 527 862 δυναμουμίνη
562 765 620 839 σοί
654 760 832 860 λατρεύει,
863 761 926 839 καὶ
959 764 1019 840 σοί
1049 764 1118 862 τὴν
1142 763 1268 842 ἀίδιον
1295 763 1403 842 ἀνα-Ι

107 865 247 960 πέμπει
281 863 516 967 δοξολογίαν·
552 865 609 942 ὅτι
641 865 688 940 τὰ
722 864 921 962 σύμπαντα
955 865 1073 943 δοῦλα
1100 864 1159 942 σοί.
1212 865 1274 941 Σὲ
1292 869 1388 996 γὰρ

110 971 340 1044 αἰνοῦσιν
366 969 575 1070 ἄγγελοι,
610 965 915 1070 ἀρχοίγγελοι,
940 965 1134 1065 θρόνοι,
1167 997 1388 1066 κυριοτη-

108 1097 204 1160 τες,
242 1067 404 1164 ἀρχαὶ,
437 1067 669 1161 ἐξουσίαι,
703 1065 951 1164 δυνάμεις,
982 1069 1062 1144 καὶ
1091 1069 1147 1146 τὰ
1179 1068 1388 1169 πολυόμ-

109 1169 517 1268 ματαΧερουβίμ,
545 1169 618 1246 σοί
643 1170 963 1269 παρίστανται
988 1171 1140 1270 κύκλῳ
1165 1171 1220 1246 τά
1235 1179 1388 1271 Σερα-

109 1271 223 1372 φίμ,
258 1273 303 1356 ἓξ
334 1264 561 1374 πτέρυγες
584 1281 645 1372 τῷ
672 1273 760 1364 ἐνὶ,
792 1272 870 1347 καί
897 1273 941 1358 ἓξ
964 1273 1187 1375 πτέρυγες
1209 1303 1232 1347 τ
1299 1273 1388 1364 ἑνὶ,

108 1372 191 1448 καὶ
233 1379 335 1457 ταῖς
372 1374 457 1470 μὲν
496 1372 605 1449 δυσὶ
636 1371 1051 1450 κατακαλύπτουσι
1083 1375 1138 1450 τὰ
1170 1301 1388 1470 πράςωπα

109 1477 316 1565 ἑαυτῶν,
349 1481 452 1561 ταῖς
484 1473 534 1550 δὲ
568 1475 680 1550 δυσὶ
710 1475 817 1560 τοὺς
849 1475 1015 1565 πόδας,
1049 1477 1254 1562 καὶτοῖς
1279 1476 1388 1553 δυσὶ

109 1573 367 1672 πετόμενα,
399 1579 627 1680 κέκραγεν
660 1577 820 1673 ἕτερον
851 1578 964 1673 πρὸς
996 1578 1046 1654 τὸ
1078 1580 1241 1677 ἕτερον
1273 1579 1388 1654 ἀκα-

108 1675 406 1764 ταπαύστοις
432 1676 649 1774 στόμασι,
676 1675 918 1780 ἀσιγήτσις
943 1677 1250 1782 δοξολσγίαις.

575 1807 749 1903 Ἐκφεόνως
770 1809 788 1882 o‘
812 1809 927 1900 ἱερεύς.

204 1914 293 1991 Τὸν
319 1901 551 1990 ἐπινίκιον
577 1915 726 2010 ὕμνον
752 1915 949 2014 ᾄδοντα,
985 1917 1193 2014 βοῶντα,
1220 1945 1387 2016 κεκρα-

109 2013 250 2120 γότα,
275 2017 353 2092 καὶ
378 2017 584 2119 λέγοντα.

661 2145 699 2216 Ὁ
748 2174 767 2216 ο
827 2202 835 2219 .

110 2353 129 2428 ὃ
158 2353 362 2450 οὐρανὸς
385 2383 463 2429 και
487 2383 511 2450 η
535 2360 590 2454 γῆ
616 2361 696 2451 τῆς
714 2351 852 2452 δόξης
871 2379 976 2444 σου,
1002 2353 1192 2430 ῶσαννὰ
1217 2358 1267 2432 ἐν
1286 2363 1386 2442 τοῖς

109 2454 341 2550 ὑψίστοις.
395 2455 719 2558 Εὐλογημένος
755 2454 775 2529 ὁ
811 2453 1062 2554 ἐρχόμενος
1101 2458 1149 2530 ἐν
1185 2454 1385 2554 ὀνόματι

109 2557 302 2653 Κυρίου.
351 2556 553 2634 Ὡσαννὰ
579 2561 628 2633 ἐν
647 2563 744 2642 τοῖς
769 2557 988 2656 ὑψίστοις
1015 2560 1089 2654 (lae.
1107 2561 1180 2656 28).

195 2670 384 2744 Κάνταῦθα
420 2670 438 2742 ὁ
474 2671 628 2755 διάκονος
664 2674 707 2744 τὰ
738 2669 830 2754 αὐτὰ,
857 2679 954 2743 ποιεῖ
987 2679 1027 2764 τῇ
1055 2681 1115 2742 τοῦ
1142 2672 1385 2764 Χρυσοστόμου

109 2770 308 2866 λειτουργίᾳ.
894 2807 912 2848 ι

470 2871 664 2960 Ἐπεύχεται
682 2881 849 2961 μυστικῶς
870 2872 889 2943 ὁ
913 2872 1028 2964 ἱερεύς.
1112 2885 1118 2900 ’

194 2977 308 3054 Μετὰ
333 2975 479 3054 τούτων
504 2986 583 3054 τῶν
607 2980 805 3074 μακαρίων
831 2976 1045 3072 δυνάμεων,
1072 2977 1233 3056 δέσποτα
1251 2977 1385 3079 φιλοίν-

109 3083 255 3176 θρωπε,
280 3079 344 3155 καί
368 3079 472 3175 ἡμεῖς
497 3081 531 3154 οἱ
558 3079 772 3177 ἁμαρτωλοὶ
795 3081 950 3176 βοῶμεν
973 3079 1037 3154 καί
1053 3079 1216 3182 λέγομεν.
1233 3080 1385 3181 ’Ἄγιος

109 3181 148 3256 εί
181 3185 240 3266 ῶς
273 3182 460 3279 ἀληθῶς
491 3181 570 3256 καί
602 3178 834 3283 πανόγιος
860 3181 974 3276 (Clem.
1006 3182 1077 3279 13),
1110 3180 1174 3254 καί
1207 3183 1275 3258 οὐκ
1307 3184 1384 3258 ἔστι

109 3285 247 3381 μέτρον
278 3292 324 3380 τῇ
357 3282 648 3386 μεγαλοπρεπείᾳ
681 3291 746 3380 τῆς
778 3282 978 3383 ἀγιοσύνης
1011 3307 1093 3372 σου,
1128 3280 1192 3356 καί
1218 3282 1318 3368 ὅσιος
1342 3287 1384 3361 ἐν

109 3393 201 3460 πᾶσι
226 3391 304 3467 τοῖς
329 3386 450 3485 ἔργοις
475 3410 557 3474 σου,
594 3385 650 3459 ὅτι
676 3387 717 3461 ἐν
743 3381 961 3480 δικαιοσύνῃ
986 3383 1049 3459 καὶ
1075 3383 1193 3482 κρίσει
1219 3384 1382 3483 ἀληθινῇ

109 3482 232 3562 πάντα
258 3482 437 3589 ἐπήγαγες
460 3485 562 3583 ἡμῖν.
590 3483 748 3570 Πλοίσας
772 3485 845 3589 γὰρ
870 3485 939 3562 τὸν
965 3487 1174 3582 ἄνθρωπον
1195 3493 1293 3580 χοῦν
1318 3493 1385 3562 λα-

108 3587 193 3684 βῶν
225 3588 300 3664 ἀπὸ
332 3597 398 3685 τῆς
428 3596 508 3688 γῆς,
542 3587 621 3662 καί
646 3585 797 3664 εἰκόνι
821 3595 873 3683 τῇ
902 3595 954 3684 σῇ
981 3586 1002 3662 ὃ
1031 3585 1139 3672 Θεὸς
1163 3583 1382 3685 τιμήσας,

109 3691 330 3774 τέθεικας
354 3695 401 3766 ἰν
426 3697 487 3786 τῷ
514 3688 786 3788 παραδείσῳ
811 3697 892 3785 τῆς
911 3687 1383 3786 τρυφῆςάθανασίαν

111 3791 243 3888 ζωῆς,
279 3791 359 3868 καί
392 3788 656 3867 ἀπόλαυσιν
690 3789 894 3868 αἰωνίων
929 3792 1127 3918 ἀγαθῶν
1153 3793 1201 3868 ἐν
1227 3799 1278 3887 τῇ
1304 3819 1384 3889 τη-

110 3889 239 3992 ρήσει
263 3901 356 3970 τῶν
381 3897 586 3970 ἐντολῶν
612 3920 694 3967 σου
712 3895 1112 3995 ίπαγγειλαμενος
1130 3892 1267 3989 αὐτῷ.
1287 3891 1384 3968 Ἀλ-

108 3994 160 4069 λά
195 3992 564 4091 παρακούσαντοί
602 4018 684 4069 σου
720 4001 803 4068 τοῦ
839 3995 1076 4090 ἀληθινοῦ
1116 3997 1258 4082 Θεοῦ,
1300 4001 1383 4068 τοῦ

108 4095 358 4180 κτίσαντος
390 4095 554 4186 αὐτὸν,
588 4094 668 4170 καί
701 4103 754 4191 τῇ
790 4091 941 4190 ἀπάτη
974 4101 1058 4169 τοῦ
1091 4095 1241 4192 όφεως
1265 4091 1383 4168 ὑπα-

106 4198 287 4292 χθέντα
320 4198 560 4293 νεκρωθίντα
586 4226 625 4271 τε
650 4202 728 4280 τοῖς
753 4196 897 4279 οἰκείοις
924 4195 1042 4272 αύτοά
1067 4190 1380 4292 παραπτώμασιν,

110 4295 332 4396 ίξιόρισας
358 4298 500 4376 αὐτὸν
526 4302 640 4394 (Clem.
656 4302 714 4396 12)
741 4301 782 4374 ἐν
807 4305 852 4394 τῇ
880 4295 1126 4394 δικαιοκρισίρι
1146 4319 1227 4384 σου,
1254 4294 1382 4381 ὃθεδς

108 4402 146 4475 ἐκ
175 4409 247 4476 τοῦ
279 4399 508 4498 παραδείσου
542 4406 592 4484 εἰς
617 4398 685 4476 τὸν
709 4396 853 4495 κόσμον
877 4407 1027 4486 τοῦτον,
1059 4398 1122 4474 καὶ
1147 4395 1381 4494 ἀπόστρεψας

109 4505 155 4585 εἰς
178 4502 249 4600 τὴν
275 4510 360 4605 γῆν,
387 4506 426 4588 ἐξ
448 4495 494 4597 ἧς
517 4499 676 4600 ἐλήφθη,
706 4506 916 4594 οἰκονομῶν
942 4497 1139 4596 αὐτῷτὴν
1166 4506 1381 4601 παλιγγενε-

110 4605 186 4690 σίας
213 4603 496 4705 σωτηρίαντὴν
522 4607 562 4680 ἐν
588 4604 691 4700 αὐτῷ
717 4611 771 4701 τῷ
797 4607 953 4702 Χριστῷ
979 4624 1061 4678 σου.
1108 4599 1165 4677 Οὐ
1189 4599 1263 4702 γὰρ
1290 4601 1380 4676 ἀπε-
