3560 5306
914 421 986 496 148

315 604 378 682 καὶ
409 600 597 703 μακάριόν
630 627 699 680 σου
730 603 897 700 θίλημα,
939 604 1246 700 όρθοτομοῦντας
1277 601 1345 681 τάν
1378 601 1491 707 λόγον
1523 615 1590 705 τῆς

317 705 513 806 ἀληθείας,
548 703 620 782 οὐν
652 713 768 782 πᾶσιν
801 701 1021 803 όρθοδόξοις
1051 703 1280 796 ἐπισκόποις,
1312 708 1589 807 πρεσβυτέροις,

317 804 504 892 διακόνοις
536 803 827 903 [ύποδιακόνοις]
862 803 1133 908 ἀναγνιόσταις,
1167 804 1338 906 ψάλταις,
1371 808 1443 886 οὐν
1474 811 1590 888 παντὶ

316 919 370 1039 τρῑ
397 904 614 1009 πληρώματι
639 919 703 1006 τῆς
728 906 850 1012 ἁγίας,
881 911 1084 1006 καθολικῆς
1105 907 1170 986 καὶ
1196 911 1438 1008 ἀποστολικῆς
1462 914 1590 1042 ίκκλιγ-

318 1020 428 1106 σιας.]
470 1011 544 1096 Τὰς
568 1009 850 1114 ἐπισυναγωγάς
873 1009 983 1108 ἡμῶν
1007 1009 1110 1108 κύριε
1134 1007 1353 1114 εὐλόγησαν·
1381 1011 1447 1098 δός
1473 1014 1592 1098 αὐτας

318 1109 516 1200 ἀκωλύτως
554 1112 617 1187 καὶ
651 1109 931 1209 ἀνεμποδίστως
961 1113 1139 1215 γενέσθαι
1172 1111 1267 1190 κατὰ
1300 1112 1343 1188 τὸ
1376 1111 1486 1216 ἅγιόν
1519 1137 1589 1190 σου

316 1215 477 1312 θέλημα.
532 1217 666 1298 Οἴκους
696 1214 831 1311 εὐχῶν,
864 1219 987 1300 οἴκους
1019 1214 1199 1316 εὐλογιαῖν
1230 1213 1321 1311 ἡμῖν
1352 1244 1392 1290 τι
1423 1215 1489 1292 καὶ
1512 1222 1592 1300 τοῖς

318 1315 409 1414 μεθ’
438 1315 537 1413 ἡμᾶς
561 1311 707 1399 δούλοις
731 1339 801 1392 σου
826 1320 877 1400 οἷς
901 1314 969 1391 τόν
995 1321 1116 1392 αλῶνα
1141 1312 1322 1414 δυίρησαι.

387 1416 618 1520 Ἔξιγίρθηιι
643 1413 745 1515 κύριε
769 1415 833 1492 καὶ
858 1413 1261 1516 διασκορπισθήιωσαν
1286 1417 1322 1492 οἱ
1346 1415 1479 1513 ἐχθροί
1502 1441 1590 1495 σου·

320 1517 544 1622 φυγέιωσαν
584 1515 718 1603 πάντες
756 1519 792 1592 οἱ
829 1526 1025 1614 μισοῦντες
1058 1518 1102 1594 τό
1138 1517 1258 1615 ὄνομά
1291 1542 1361 1594 σου
1392 1517 1436 1594 τό
1470 1517 1592 1621 ἅγιον.

325 1620 401 1696 Τόν
426 1617 467 1695 δὲ
493 1615 585 1696 λαόν
610 1643 679 1696 σου
704 1617 772 1696 τόν
796 1617 928 1696 πιστόν
951 1621 1014 1696 καὶ
1035 1617 1245 1718 ἀρθόδοξον
1262 1617 1480 1722 εὐλόγησαν·
1508 1619 1592 1698 ποί-

320 1747 414 1820 ησον
446 1719 563 1798 αὐτόν
595 1725 645 1805 εἰς
674 1716 846 1816 χιλιάδας
875 1721 939 1796 καὶ
969 1718 1175 1820 μυριάδας·
1208 1719 1271 1798 καὶ
1302 1722 1355 1818 μὴ
1387 1719 1591 1819 κατισχύση

320 1819 490 1907 θάνατος
514 1820 699 1919 ἁμαρτίας
722 1822 814 1897 καθ’
841 1821 964 1920 ἡμῶν,
998 1822 1093 1920 μηδὲ
1126 1824 1221 1898 κατὰ
1247 1823 1386 1909 παντὸς
1404 1831 1473 1899 τοῦ
1497 1831 1593 1898 λαοῦ

322 1947 404 2014 σου,
427 1921 552 2020 χάριτι
575 1922 639 1998 καὶ
665 1929 866 2021 οἰκτιρμοῒς
890 1923 953 1999 καὶ
978 1924 1246 2026 φιλανθρωπίᾳ
1271 1933 1341 2001 τοῦ
1365 1933 1595 2026 μονογενοῦς

323 2051 392 2104 σου
416 2025 513 2101 υἱοῦ.
548 2034 731 2129 Ἐκφοίνως.
778 2025 829 2101 δι’
859 2019 905 2101 οὗ
930 2027 993 2101 καὶ
1016 2027 1107 2124 μεθ’
1139 2019 1184 2103 οὗ
1210 2025 1269 2102 σοὶ
1293 2027 1316 2126 ἡ
1343 2024 1435 2114 δόξα
1459 2025 1523 2103 καὶ
1548 2025 1593 2101 τὸ

320 2125 457 2228 κράτος
483 2124 553 2203 σύν
578 2134 632 2224 τῷ
658 2123 830 2229 παναγίιρ
854 2127 919 2204 καὶ
944 2129 1083 2230 ἀγαθῷ
1108 2128 1171 2204 καὶ
1197 2127 1366 2228 ζωοπυιῷ
1392 2154 1462 2206 σου
1482 2125 1596 2206 πνεύ-

322 2257 425 2328 ματι.

475 2408 486 2441 Ι

392 2415 533 2511 Ἅμα·

401 2595 541 2698 Εἰρήνη
566 2603 691 2673 πᾶσιν.

878 2692 916 2764 ‘0
947 2695 1038 2780 λαός.

402 2781 477 2858 Καὶ
508 2789 561 2884 τῷ
596 2779 779 2881 πνεύματί
810 2808 890 2859 σου.

843 2912 882 2984 Ὁ
905 2914 1068 2996 διάκονος.

402 3021 558 3096 Βλέπετε
583 3017 690 3118 μήτις
714 3025 794 3093 τῶν
817 3019 1115 3116 κατηχουμὲνων.

404 3153 476 3224 Καὶ
497 3152 684 3246 ψάλλουσιν
705 3149 739 3220 οἱ
757 3153 917 3241 χιρουβίμ
936 3158 1112 3238 μυστικῶς.
1228 3183 1233 3190 ·

405 3293 445 3367 X·
483 3301 521 3372 ‘0
544 3303 649 3393 ἱερεὺς
668 3300 786 3390 βάλλει
806 3301 964 3392 θυμίαμα
985 3301 1035 3384 είς
1054 3303 1093 3373 τό
1114 3299 1268 3386 Είςόδιον
1289 3302 1346 3374 καί
1367 3295 1505 3388 εὐχεται.

403 3407 517 3508 Κύριε
545 3408 565 3483 ό
590 3408 680 3492 θεὸς
703 3407 813 3504 ἡμῶν
839 3407 858 3481 ὃ
884 3404 1039 3483 πάντων
1065 3405 1276 3506 ἀπροσδεής,
1285 3410 1308 3508 ¹)
1334 3407 1436 3493 δέξαι
1459 3406 1503 3481 τὸ
1522 3411 1601 3482 θυ-

328 3508 453 3608 μίαμα
476 3517 599 3598 τοῦτο,
628 3511 666 3594 ἐξ
690 3507 846 3593 ἀναξίου
859 3507 981 3605 χειρὸς
999 3507 1309 3608 προςφερόμενον,
1336 3509 1399 3584 καί
1415 3517 1480 3606 τῆς
1495 3509 1599 3606 παρὰ

330 3620 399 3688 σοῦ
425 3610 592 3714 εὐλογίας
616 3611 759 3696 πάντας
781 3609 881 3708 ἡμᾶς
906 3609 1075 3694 ἀξίωσον.
1127 3611 1190 3687 Σύ
1214 3611 1287 3715 γάρ
1313 3609 1345 3686 εί
1371 3611 1390 3686 ὃ
1416 3610 1605 3713 ἁγιασμὸς

328 3713 450 3812 ἡμῶν,
475 3713 539 3788 καὶ
564 3711 622 3786 σοὶ
647 3711 715 3809 τὴν
740 3707 856 3796 δόξαν
882 3711 1175 3811 ἀναπίμπομεν]

407 3845 479 3914 Καὶ
505 3842 703 3933 είςίρχονται
722 3844 766 3911 τά
787 3841 867 3938 ἀγια
887 3842 936 3925 είς
955 3844 994 3914 τό
1014 3843 1266 3936 θυσιαστήριον,
1298 3844 1356 3915 καὶ
1376 3842 1396 3914 ό
1419 3843 1524 3934 ίιρεύς
1545 3837 1609 3936 τότ

329 3971 424 4032 χιται
444 3944 559 4026 οὐτως.

400 4067 514 4170 ’Ἅγια
541 4065 686 4163 ύψιστε,
720 4066 870 4166 φοβερά,
905 4065 991 4144 ὁίν
1016 4066 1134 4169 ἁγίοις
1159 4063 1454 4155 ἀναπαυόμενος,
1484 4063 1610 4166 κύριε,

333 4168 447 4253 αὐτὸς
471 4167 570 4264 ἡμᾶς
595 4166 766 4268 ἁγίασον,
797 4170 862 4244 καὶ
887 4169 1049 4255 ἀξίωσον
1073 4177 1138 4266 τῆς
1162 4171 1328 4269 φοβερᾶς
1352 4194 1421 4244 σου
1445 4166 1603 4268 ἱερωσύ-

331 4299 410 4367 νης,
443 4269 506 4344 καὶ
536 4264 743 4372 προσάγαγε
766 4268 867 4367 ἡμᾶς
890 4279 945 4369 τῷ
970 4270 1081 4368 τιμίῳ
1106 4297 1176 4348 σου
1203 4269 1474 4370 θυσιαστηρίῳ,
1507 4265 1608 4368 μετά

331 4369 451 4467 πάσης
483 4367 726 4468 συνειδήσεως
756 4373 922 4477 ἀγαθῆς·
958 4373 1022 4449 καὶ
1046 4371 1259 4472 καθάρισον
1283 4373 1392 4471 ἡμῶν
1417 4399 1484 4457 τας
1509 4399 1608 4470 καρ-

419 4509 443 4570 1)
460 4511 546 4558 Fnhrlc.
563 4503 742 4576 ἀπροςειδιιίς.

332 4617 641 4632 -ι-ιηι--ῌ

419 4680 476 4746 Cap.
495 4680 521 4732 X.
558 4680 604 4731 λιι.
625 4679 664 4730 16.
