3336 5302
668 435 740 508 387

154 621 217 682 lana
246 637 317 681 raro
344 611 488 704 σφραγίς
516 619 615 682 excisa
638 619 749 684 Christi
776 617 857 682 reiut
884 619 951 698 agni
978 618 1151 682 immolandi
1179 619 1260 682 vices
1284 637 1336 682 nn-

70 739 199 802 menque
228 718 359 784 sustinet
387 729 415 782 al
444 728 475 784 ut
498 729 642 784 mactatur
664 731 763 784 crusta
786 722 913 794 inversa,
943 722 1020 782 mica
1043 739 1161 784 sursum
1183 730 1337 800 spectante

70 822 99 884 iu
121 822 211 897 diseo
230 821 312 884 velut
333 839 428 900 agnus
448 820 584 900 supinus,
605 821 697 884 ictum
721 820 908 902 praestolans
932 821 1109 884 ext'euditur.
1144 822 1251 900 Pangit
1273 840 1337 884 eam

70 923 213 984 sacerdos
234 921 349 994 lancea,
373 923 521 986 adiunctis
544 923 690 995 lormulis,
714 941 790 1004 quae
812 922 849 985 ad
865 923 1115 1002 significationem
1131 923 1251 993 Christi,
1274 923 1338 984 lan·

70 1043 121 1086 cea
145 1023 377 1088 uansrerberati
400 1034 432 1086 et
452 1023 518 1086 aliis
541 1024 699 1105 suppliciis
721 1023 853 1098 lacerati,
883 1024 1062 1090 referuntur.
1105 1023 1214 1086 lncidit
1236 1029 1266 1086 et
1286 1024 1337 1086 de·

71 1133 173 1186 caraem
195 1125 281 1204 panis
305 1124 412 1204 supine
433 1123 560 1188 iacentis
581 1126 689 1188 micam
712 1126 893 1188 eminentem
917 1123 1015 1186 crucis
1037 1125 1067 1186 io
1083 1125 1214 1200 modum,
1237 1132 1269 1185 ut
1284 1141 1338 1204 po·

70 1233 132 1288 stea
161 1225 282 1286 facilius
311 1225 406 1306 lraogi
435 1226 532 1304 possit
564 1227 684 1305 (lduralt
705 1227 735 1290 iu
758 1227 900 1288 Leridio:
929 1226 1039 1298 „doch.
1057 1244 1102 1299 ao,
1130 1225 1199 1288 dass
1228 1243 1261 1286 es
1289 1225 1338 1286 die

71 1325 166 1391 lliude
188 1326 267 1388 noch
291 1327 566 1404 zusammenhatr‘).
609 1329 745 1409 lienique
766 1328 893 1390 vertitur
913 1319 1065 1412 σφραγίς,
1095 1337 1128 1390 ut
1154 1326 1261 1388 iterum
1287 1343 1338 1408 ap-

71 1435 174 1506 pareat
194 1427 294 1488 crucis
315 1427 424 1506 imago.

153 1527 299 1607 Sequitur
325 1527 501 1590 simultanea
530 1528 590 1591 rini
619 1529 701 1592 rubri
725 1539 753 1592 et
776 1547 870 1609 aquae
892 1528 1018 1608 frigidae
1041 1527 1188 1608 (roipert
1216 1527 1339 1602 infusio,

72 1629 146 1692 lacta
170 1647 186 1690 a
210 1629 355 1700 Diacono,
378 1629 478 1692 dextra
500 1629 562 1692 riui
585 1631 706 1694 sinistra
729 1649 825 1711 aquae
847 1629 1006 1715 ampullam
1031 1638 1160 1692 tenente.
1205 1629 1242 1690 Et
1264 1629 1340 1690 hanc

72 1729 248 1792 missionem
270 1747 375 1792 omnes
398 1729 621 1794 ecclesiasticae
644 1730 840 1796 Orientalium
862 1731 945 1809 leges
968 1729 1186 1810 praescribunt,
1208 1729 1341 1810 exeeptis

73 1830 220 1904 Armenia,
243 1810 294 1911 nii
317 1830 385 1894 rino
408 1833 613 1894 consecrando
636 1851 743 1913 aquam
765 1850 826 1894 non
848 1831 1055 1906 admiscent²t

153 1931 317 2012 Exponunt
331 1931 511 1994 Graecorum
527 1933 714 1997 Rubricistae
736 1933 815 1995 hanc
836 1932 962 2012 primam
984 1931 1044 1994 riui
1068 1938 1099 1992 et
1119 1931 1205 2010 panis
1221 1931 1250 1994 iu
1268 1917 1339 1992 Pro-

74 2031 149 2096 thesi
178 2031 374 2106 oblationem,
402 2033 580 2096 adumbrare
603 2034 715 2106 Christi
736 2035 921 2098 nativitatem
944 2044 974 2094 et
995 2033 1120 2112 primam
1143 2031 1222 2092 iuter
1243 2031 1340 2092 homi-

74 2151 125 2194 ues
147 2133 418 2197 conversationem.
462 2140 499 2197 At
518 2145 601 2198 recte
623 2136 748 2198 miratur
769 2135 894 2207 Gnarus,
929 2133 1008 2214 qttod
1030 2135 1061 2194 io
1085 2131 1181 2212 ipsius
1201 2131 1340 2220 liturgiae

74 2233 174 2297 limine
192 2234 330 2300 christae
353 2235 420 2314 agui
437 2237 558 2300 nomine
573 2237 753 2310 immolatus,
775 2235 974 2317 spectantium
990 2234 1139 2298 mentibus
1156 2232 1340 2296 exhiheatur.

75 2335 150 2398 Sana
172 2334 355 2415 subiungere
378 2346 503 2417 poterat,
526 2337 637 2402 nullum
662 2349 777 2402 exstare
799 2336 958 2415 liturgiam,
982 2355 1057 2416 quae
1080 2343 1139 2396 tam
1161 2334 1236 2410 viris
1259 2334 1340 2397 cole·

76 2436 156 2498 ribus
184 2447 392 2518 repraesentet
418 2439 568 2502 Christum
597 2438 781 2502 vulneratum
810 2448 841 2501 et
862 2437 1055 2528 perforatum
1079 2445 1249 2518 tannmque
1271 2453 1340 2516 pre·

77 2535 150 2600 leret
182 2538 263 2602 inter
285 2539 434 2602 Christum
469 2539 622 2604 dominum
655 2548 686 2600 et
707 2558 814 2621 panem
838 2555 955 2616 sacrum
978 2537 1241 2602 necessitudinem.
1283 2537 1340 2600 lla·

77 2639 232 2718 spondent,
255 2639 366 2704 Christi
390 2641 569 2717 sacrificium
592 2640 763 2704 nullatenus
784 2641 834 2704 bie
856 2639 1019 2719 signilioari
1041 2639 1094 2702 sed
1117 2638 1192 2710 eius,
1220 2646 1253 2701 ut
1274 2655 1342 2702 mox

78 2750 237 2820 muceptus
258 2750 291 2803 et
312 2738 399 2804 datus
422 2753 468 2806 est
490 2751 521 2806 et
541 2744 661 2824 propria
686 2751 794 2823 sponte
817 2742 935 2804 oblatus
957 2741 1029 2813 Deo,
1052 2740 1145 2802 animi
1167 2739 1341 2820 dispositio·

79 2858 141 2902 nem
169 2855 200 2904 et
229 2842 316 2921 quasi
345 2843 381 2904 ad
411 2845 591 2913 sacrificium
613 2844 852 2924 designationem
875 2841 1020 2906 exhiheri.
1064 2842 1166 2922 ltaque
1189 2841 1221 2901 in
1242 2841 1341 2904 olllcio

79 2939 300 3026 conmonachis
327 2962 386 3006 non
412 2946 445 3008 lit
467 2947 599 3025 perlecta
622 2946 769 3008 donorum
791 2943 912 3018 oblatio,
935 2943 989 3006 sed
1012 2959 1115 3006 eorum
1138 2960 1154 3004 a
1176 2941 1340 3004 communi-

80 3042 131 3104 bus
157 3041 199 3106 et'
215 3043 352 3124 prolenis
382 3045 459 3108 cibis
487 3047 667 3125 segregatio.
711 3045 772 3110 Sed
800 3046 841 3108 uti
870 3044 936 3106 lieri
965 3043 1058 3118 solet,
1092 3041 1226 3120 argutius
1253 3059 1342 3122 quam

82 3144 174 3206 terim
202 3145 319 3225 prolata
349 3145 496 3210 ridentur.
539 3147 611 3210 hlihi
640 3146 760 3228 quidem
788 3145 864 3208 haee
890 3144 1014 3224 mystica
1043 3139 1269 3225 προςκομιδῆς
1294 3142 1338 3204 io·

81 3246 249 3325 terpretatio
278 3246 373 3325 magis
401 3248 480 3328 sapit
508 3255 733 3330 praeposteram
767 3247 915 3327 quandam
945 3243 1095 3324 sequioris
1122 3243 1266 3322 temporis
1287 3243 1341 3303 do·

82 3346 211 3420 etrioam,
234 3365 323 3427 quam
346 3348 439 3428 prisci
462 3351 526 3412 aeri
548 3348 780 3430 simplicitatem.
816 3348 919 3427 Neque
941 3345 1123 3409 haerendum
1146 3354 1192 3406 eat
1213 3344 1244 3405 in
1268 3361 1342 3406 non·

82 3447 165 3510 nullm
197 3448 324 3510 vocibus
357 3469 433 3530 quae
465 3462 567 3532 aparte
600 3459 739 3531 spectant
768 3450 805 3512 ad
832 3448 982 3512 Christum
1012 3456 1112 3508 natum
1139 3444 1185 3507 vel
1208 3463 1224 3507 a
1246 3445 1342 3524 magis

82 3548 245 3639 adoratum3
271 3568 348 3624 nam,
371 3570 438 3613 curu
461 3552 491 3613 io
515 3553 695 3614 eucharistia
719 3551 816 3614 denuo
839 3548 975 3612 Christus
998 3543 1224 3632 ὲνσαρκοῦται,
1246 3545 1342 3610 allini-

84 3648 145 3710 tatis
165 3651 239 3730 quid
262 3649 374 3714 hahent
395 3653 452 3728 (uti
474 3653 562 3716 etiam
585 3653 664 3734 apud
686 3654 850 3726 Romanos)
873 3650 971 3714 officia
993 3649 1162 3713 Natiuitatis
1184 3648 1342 3712 etCnenae

83 3749 253 3814 dominicae.

164 3901 233 3984 Cap.
259 3901 399 3966 vlt-x.
442 3904 724 3967 Particularum
751 3905 976 3966 Sanctarum
1005 3902 1043 3963 in
1070 3901 1184 3964 Disco
1207 3899 1342 3980 llispo-

86 4001 182 4065 sitio.
211 4004 410 4084 Aggredimur
432 4007 655 4080 caerimoniam,
679 4004 801 4070 Graecis
822 4023 947 4087 prorsus
969 4003 1150 4084 peculiarem
1174 4019 1260 4082 quam
1282 4015 1342 4060 non

87 4163 324 4178 κῆρ-ν..-

166 4259 188 4321 l)
210 4261 309 4312 lleale
327 4261 373 4312 lc.
392 4259 491 4328 pata:
515 4259 562 4310 llot
585 4259 721 4324 classicellg
745 4259 804 4310 used
822 4260 845 4309 in
863 4259 903 4308 tha
921 4271 992 4308 aenea
1010 4258 1037 4307 ol
1052 4257 1122 4314 nine,
1139 4262 1223 4318 except
1240 4253 1294 4301 with
1313 4266 1342 4301 aa

88 4341 183 4404 tpithrt:
201 4361 227 4396 aa
244 4347 317 4396 Arist.
336 4346 428 4396 Eccles.
444 4344 481 4396 ld.
499 4338 581 4400 crocle
598 4357 625 4393 ar
643 4340 752 4408 καρποῦ
767 4343 882 4407 βακχίου
899 4355 927 4390 aa
946 4333 1068 4408 νάματος
1086 4329 1203 4404 πλήρεις.

165 4425 189 4488 l)
207 4429 269 4480 Cura
289 4445 390 4496 prorsus
407 4428 522 4493 singulari
542 4427 650 4493 Coptitaa
668 4436 691 4477 et
709 4427 837 4492 Aethiopes
855 4435 938 4492 parant
957 4428 1034 4476 riuum
1054 4423 1246 4474 eucharisticum.
1283 4419 1343 4487 lirqa

91 4521 168 4570 passm
192 4514 234 4563 aad
252 4528 301 4563 noa
320 4515 418 4565 omnine
437 4527 550 4563 exsuccos
569 4513 684 4575 colligant
703 4511 779 4576 iisque
797 4526 882 4576 aquam
901 4510 1033 4569 adundant,
1060 4508 1125 4573 paria
1143 4521 1196 4556 cum
1215 4505 1276 4569 ipsis
1294 4504 1343 4554 uria

91 4593 208 4653 malene:
233 4598 264 4648 ita
289 4599 429 4650 commixtas
452 4597 574 4648 solaribus
590 4597 664 4646 radiis
683 4595 848 4661 pertriduum
866 4605 907 4646 aet
924 4594 1027 4658 amplius
1045 4581 1166 4656 adponant
1182 4591 1271 4655 quique
1288 4589 1344 4640 iada

91 4674 113 4724 lt
128 4681 235 4732 lorcnlari
253 4689 407 4750 extergantur
425 4682 512 4748 liquor,
530 4683 608 4734 duem
628 4690 733 4743 roratur,
750 4679 796 4732 soli
815 4681 903 4732 minua
920 4677 1039 4732 notam
1057 4683 1233 4744 praeparatam.
