3336 5302
932 407 1007 488 tte

329 587 460 678 πατρός
485 591 582 670 κτλ.“)
627 593 755 665 bianum,
786 594 811 654 si
842 611 918 673 qnae
949 593 1024 656 lorte
1053 593 1198 674 particula
1229 593 1272 655 illi
1303 594 1490 668 adbaeserit,
1518 615 1593 659 sarra

330 697 456 778 spongia
485 687 715 775 diligentissime
742 694 774 756 iu
803 693 888 758 disco
918 694 1092 775 abstergunt
1118 713 1155 758 ac
1177 693 1305 758 similem
1327 697 1498 760 cautionem
1520 699 1593 760 adbi-

329 798 402 862 bent
423 797 455 859 iu
478 797 609 860 bibendo
633 796 751 858 Domini
775 795 932 876 sanguiue.

415 898 547 980 Spongia
579 891 749 980 (σπόγγος)
778 916 867 978 quam
890 898 979 962 modo
1003 899 1312 970 commemoravimus,
1336 918 1371 960 ex
1395 917 1431 960 eo
1456 899 1486 961 iu
1508 903 1591 962 sacris

306 1012 498 1085 usurpatur,
530 999 599 1081 quia
628 997 767 1062 sacrificii
796 998 913 1062 cruenti
942 998 1101 1061 aCbristo
1131 999 1221 1061 oblati
1252 1019 1324 1081 pars
1353 1000 1408 1064 loit
1439 1010 1470 1063 et
1491 1001 1590 1066 instru-

328 1112 472 1172 mentum,
497 1101 621 1182 eiusque
643 1101 674 1162 iu
697 1099 847 1164 sacrificio
871 1100 1030 1163 incruento
1053 1099 1227 1162 memoriam
1250 1101 1382 1163 refricat.
1427 1103 1590 1166 Purilicato·

329 1202 366 1264 nii
390 1202 487 1265 Latini
516 1219 625 1266 monus
655 1201 731 1280 agit:
760 1202 876 1280 colligit
898 1201 977 1264 sacri
1000 1201 1088 1282 panis
1110 1202 1275 1280 fragmenta
1298 1222 1324 1268 s.
1344 1198 1547 1288 μαργαρίτας
1564 1206 1590 1267 in

329 1320 431 1376 uurrm,
453 1303 580 1383 detergit
603 1303 729 1374 discum,
753 1303 941 1366 exsiccatos
965 1304 1248 1366 communicantium
1263 1314 1319 1366 etc.

357 1391 358 1398 ά
413 1407 557 1486 lienique,
581 1404 607 1465 si
631 1403 731 1465 adsint
753 1423 788 1464 ex
810 1404 898 1484 plebe
921 1404 971 1484 qui
994 1406 1090 1466 sacris
1112 1403 1296 1486 participare
1317 1405 1419 1480 velint,
1442 1406 1590 1470 Celebrant

327 1507 485 1589 portiones
500 1506 539 1569 Nl
563 1517 593 1568 et
608 1507 656 1568 lid
680 1504 786 1567 dividit
807 1505 837 1567 in
855 1506 960 1586 frusta,
983 1505 1266 1569 communicantium
1283 1526 1406 1570 numero
1424 1509 1589 1572 couvenien-

328 1608 387 1684 tia;
411 1609 481 1670 dein
504 1627 562 1671 una
584 1625 651 1670 cum
674 1605 849 1686 fragmentis
872 1607 903 1668 in
919 1607 1009 1668 llisco
1033 1607 1161 1670 forsitan
1185 1607 1329 1680 collectis,
1362 1609 1456 1671 mittit
1475 1611 1507 1672 in
1528 1611 1589 1672 cali·

329 1709 435 1788 cem.¹)
479 1709 518 1772 Et
538 1716 711 1772 reserantur
732 1727 837 1772 sacrae
858 1709 950 1772 iores.

413 1863 484 1942 Cap.
507 1861 634 1924 XXXVI.
678 1861 897 1924 Communio
927 1859 1049 1922 Laica.
1094 1861 1168 1922 llum
1192 1860 1300 1924 Clerici
1324 1863 1542 1924 communicant
1560 1854 1588 1926 ir

325 1963 374 2048 aqi
402 1954 485 2048 ἁγίῳ
511 1955 648 2048 βήματι,
677 1961 760 2024 Laici
790 1963 840 2043 qui
869 1962 905 2026 ad
936 1979 1021 2023 sacra
1050 1963 1192 2025 accedere
1222 1963 1355 2044 cupiunt,
1384 1964 1514 2026 instante
1538 1965 1587 2026 ian

327 2064 548 2128 communionis
570 2073 705 2145 ternpore
728 2065 765 2126 ad
788 2065 909 2138 ostium,
939 2061 990 2126 ubi
1013 2063 1156 2126 sacerdos
1178 2081 1263 2126 sacra
1286 2064 1414 2146 peragit,
1438 2067 1587 2147 appropin-

327 2175 429 2248 quant,
463 2166 600 2246 facieque
622 2166 658 2228 ad
682 2177 780 2228 ortum
803 2184 958 2240 conversa,
988 2165 1114 2246 genibus
1137 2165 1168 2227 in
1202 2174 1309 2228 terram
1343 2169 1487 2246 prostrati
1508 2169 1587 2230 ileum

327 2267 462 2332 adorant.
507 2266 622 2330 [lebino
644 2267 681 2329 ad
706 2285 846 2330 occasum
869 2285 937 2329 sese
960 2277 1138 2330 corrrertunt
1159 2285 1193 2329 ac
1216 2265 1300 2330 llesis
1323 2267 1450 2348 genibus
1473 2269 1518 2332 bis
1532 2287 1588 2332 rer·

325 2367 373 2432 bis
395 2370 550 2432 adstantes
573 2367 770 2450 compellant:
794 2361 1026 2454 συγχωρήσατε
1040 2359 1252 2455 Χριστιανσί.
1295 2369 1339 2432 ad
1361 2389 1440 2451 quae
1457 2389 1587 2451 praesen·

325 2480 371 2534 tes
393 2470 593 2552 respondent:
617 2461 635 2534 ὁ
654 2465 740 2546 Θεὸς
760 2463 952 2557 συγχωρήσῃ
976 2487 1041 2532 σοι.
1072 2469 1145 2532 Post
1167 2468 1204 2532 ad
1226 2469 1440 2534 meridionales
1456 2471 1586 2536 ecclesiae
1651 2537 1652 2556 ρ

324 2580 425 2654 partes
447 2590 516 2636 sese
539 2581 665 2644 vertunt,
690 2571 811 2634 easdem
834 2570 941 2636 iisdem
966 2571 1076 2652 quibus
1091 2582 1178 2634 antea
1195 2572 1325 2635 curratis
1341 2572 1477 2652 genibus,
1501 2573 1586 2635 uerbis
1651 2571 1652 2574 ’

325 2673 525 2755 alloquentes.
567 2673 704 2766 lioudem
732 2674 764 2736 iu
791 2673 912 2736 modona
941 2673 972 2734 in
1001 2673 1152 2736 borealem
1176 2672 1292 2756 plagam
1316 2676 1454 2738 conversi
1476 2677 1587 2739 eandem

327 2793 415 2856 quam
438 2795 453 2838 a
477 2771 627 2850 ceter·is.³)
671 2779 768 2855 Atque
789 2775 837 2836 bis
859 2776 990 2858 peractis
1013 2775 1050 2838 ad
1073 2793 1175 2838 sacras
1198 2776 1280 2838 iores
1313 2777 1494 2840 consistunt
1535 2778 1586 2839 lam

413 2981 434 3042 l)
454 2983 536 3034 Goar
554 2981 570 3032 l.
583 2997 604 3032 o.
623 2997 647 3046 p.
660 2981 723 3031 150:
743 2981 924 3030 [intinctionem
943 2989 1036 3044 ponunt
1055 2980 1137 3032 Graeci
1156 2979 1219 3029 inter
1234 2969 1586 3049 parridooaretprerrilqprr:

327 3065 387 3116 baec
408 3067 472 3116 enirn
491 3067 624 3128 sangoinis,
650 3065 691 3116 illa
710 3065 827 3116 Dominici
847 3065 966 3128 corporis,
991 3073 1028 3115 est
1045 3065 1182 3114 communio
1201 3064 1305 3126 (uolgato
1324 3065 1380 3114 licet
1399 3065 1511 3130 loquendi
1528 3078 1586 3114 mors

324 3150 449 3215 utriusque
467 3151 630 3216 sumptionem
649 3159 734 3201 roccnt
750 3141 917 3217 μετάληψιν,
936 3149 985 3199 sire
1002 3140 1224 3216 μεταλάμβασιν)
1243 3149 1305 3198 unde
1324 3163 1378 3199 curn
1391 3147 1497 3200 Diacnno
1509 3161 1585 3212 corpas

323 3235 412 3288 Christi
431 3236 659 3310 suscipienti,ldiait
676 3236 810 3286 Sacerdos:
827 3229 1005 3301 peaoedtdnpt
1019 3245 1063 3282 unt
1081 3226 1111 3282 sd
1129 3233 1228 3299 ιίμισν,
1246 3236 1281 3282 sel
1301 3235 1324 3284 in
1342 3235 1448 3298 passivo,
1466 3247 1496 3284 ne
1512 3241 1584 3282 ancta¹

323 3322 417 3372 ritatem
441 3322 488 3372 sibi
514 3321 587 3371 ullam
613 3335 726 3384 arrogare
744 3320 859 3371 rideatur.
893 3312 1074 3384 μεταδίδωσι
1091 3313 1129 3381 aqi
1145 3313 1214 3368 δεῖνι
1234 3309 1364 3382 διακόνῳ,
1381 3317 1439 3368 arri.
1456 3326 1532 3382 prout
1548 3315 1584 3366 lol.

322 3403 356 3456 93
375 3405 404 3454 ad
422 3406 546 3468 sanguinis
565 3405 773 3470 participationem
792 3406 908 3465 admisso,
927 3405 959 3454 ait
975 3391 1184 3468 μεταλαμβάνει
1201 3393 1215 3452 ὀ
1232 3397 1330 3458 δοῦλος
1347 3401 1393 3452 aori
1406 3395 1584 3461 Oecdddrirs,

322 3487 379 3538 arri..
398 3489 546 3554 Frequenter
563 3499 702 3555 propterea,
721 3489 785 3554 qnod
803 3499 827 3538 et
845 3489 902 3539 alibi
921 3497 1051 3536 annotasse
1070 3487 1177 3544 maurini,
1196 3487 1285 3537 cbristi
1305 3487 1399 3538 llomini
1411 3489 1535 3538 l'ontillciia
1551 3501 1584 3536 ra-

322 3576 400 3625 stibus
417 3575 505 3635 ornati,
523 3583 547 3625 st
564 3589 648 3625 sacrae
668 3589 766 3625 mensae
784 3573 913 3624 assidentis
931 3573 955 3622 in
975 3573 1026 3635 ipsa
1045 3571 1128 3622 altaris
1147 3574 1238 3622 concba
1257 3573 1342 3623 Graeci
1363 3571 1496 3638 depingunt
1511 3569 1584 3632 imagi·

322 3673 387 3720 neon,
411 3673 472 3724 quae
496 3660 607 3710 manibus
632 3659 655 3710 io
680 3673 776 3710 crucem
794 3657 938 3717 decussatis,
962 3657 1044 3708 dextra
1063 3657 1169 3721 quidem,
1194 3657 1232 3707 cni
1250 3671 1292 3708 roa
1309 3645 1467 3722 μειάιὶηψις
1483 3656 1583 3718 inscripta

322 3751 373 3804 est,
397 3743 497 3794 calicem
522 3745 630 3805 sinistra,
654 3744 693 3794 nbi
719 3759 761 3796 roa
785 3744 832 3794 alia
849 3730 1000 3809 μετάδοσις
1017 3741 1112 3806 legitor,
1136 3756 1222 3808 pauern
1242 3743 1358 3806 porrigit:
1381 3742 1435 3792 eins
1453 3755 1506 3791 sero
1523 3737 1583 3803 capiti

322 3827 406 3880 titulos
424 3829 550 3892 potestatis
568 3828 731 3878 sacerdotalis
748 3836 916 3892 argumentum
936 3836 973 3878 est
990 3829 1121 3892 appictum,
1140 3817 1155 3876 ὁ
1170 3825 1262 3892 μέγας
1278 3820 1431 3894 ἀρχιερεὺς.

406 3910 430 3973 2)
450 3912 583 3963 Particulac
602 3905 670 3978 p‘nnis
688 3913 822 3964 consecrati
841 3913 939 3976 aspris,
958 3911 1058 3976 Coptitis
1078 3927 1106 3961 ac
1121 3911 1278 3976 Aethiopibus
1297 3911 1415 3976 appellari
1434 3911 1511 3962 solent
1526 3921 1581 3958 car·

321 3999 423 4048 borres
441 4013 460 4047 r.
480 3999 597 4048 carbones
615 3997 777 4064 propitiatorii
796 3997 906 4062 corporis
925 4004 949 4046 et
966 3996 1200 4059 saugrrinisilbristi,
1219 3997 1274 4061 quia
1293 3996 1356 4060 spnd
1375 3997 1514 4061 prophetam
1530 3993 1580 4054 legi·

321 4090 361 4134 tur
378 4083 434 4144 (las.
453 4083 494 4144 or:
519 4083 545 4133 ln
571 4097 642 4132 mauu
661 4083 789 4147 Sarapbirn
814 4081 931 4142 calculus,
956 4097 1026 4146 qoem
1045 4081 1137 4146 forcipe
1156 4080 1244 4130 tulerat
1261 4080 1291 4131 de
1316 4081 1394 4132 altari.
1430 4081 1459 4132 Et
1476 4079 1542 4140 tetigit
1557 4087 1580 4124 rs

322 4183 401 4220 nasum
426 4177 449 4219 at
473 4168 546 4220 dixit:
571 4168 632 4218 Ecca
656 4168 732 4230 teu'git
757 4169 804 4218 boc
827 4167 890 4216 labia
918 4175 957 4218 tus
976 4175 999 4218 et
1016 4167 1139 4221 suferetur
1157 4165 1270 4232 iniqnitas
1287 4174 1327 4218 tas
1346 4175 1370 4217 st
1387 4175 1507 4231 peccaturo
1524 4172 1578 4212 lanu

321 4252 484 4304 mundabitur.

406 4335 432 4396 3)
455 4337 546 4388 Similia
572 4339 701 4388 observant
724 4337 868 4388 Sacerdotes
894 4337 917 4387 in
942 4335 1092 4385 Sanctoario.
1129 4335 1211 4386 Goar
1228 4351 1252 4400 p.
1268 4334 1331 4386 tta:
1357 4335 1419 4395 Quin
1439 4334 1505 4386 etiam
1522 4331 1577 4394 ipsos

319 4419 464 4472 Sacerdotes
481 4438 534 4471 anm
555 4424 663 4482 rnirotos,
682 4437 752 4470 sacro
771 4421 948 4474 communionis
967 4419 1090 4484 mysterio,
1108 4434 1120 4469 a
1139 4419 1270 4486 praecipuo
1289 4419 1428 4472 celebrante
1446 4421 1488 4471 iam
1505 4417 1576 4466 inma-

320 4505 391 4555 nibus
416 4516 523 4572 accepto,
547 4507 577 4555 ad
602 4507 708 4557 destruas
733 4506 872 4570 laenamque
896 4505 1046 4570 (priusquam
1066 4506 1126 4555 lusis
1144 4505 1174 4554 sd
1193 4503 1266 4555 lleom
1285 4503 1400 4568 praeibas
1418 4503 1475 4555 illod
1493 4501 1524 4552 ori
1539 4496 1576 4546 atl-

320 4592 453 4650 mererent)
470 4599 542 4657 caput
559 4599 660 4654 vertera,
678 4599 701 4642 et
719 4591 749 4642 de
766 4591 814 4641 boc
832 4590 878 4640 rito
896 4589 1026 4656 inquirenti
1044 4589 1182 4640 nunciatum
1201 4600 1252 4641 est:
1270 4589 1427 4654 praecipuum
1439 4585 1575 4639 Sacerdottfl

320 4673 491 4738 celebrantem,
505 4691 553 4726 non
571 4677 639 4741 prins
656 4678 734 4728 sacris
752 4689 852 4740 operam
872 4674 939 4738 dare,
957 4688 1029 4741 quana
1047 4675 1110 4726 iusta
1129 4671 1253 4738 liturgieas
1270 4675 1389 4737 rubricas,
1407 4683 1489 4740 pacata
1501 4665 1575 4722 siltt·
