3336 5302
895 377 969 452 426

373 657 511 738 Ἑλαιον
536 656 693 762 εἰρήνης,
717 560 880 738 θυσίαν0
890 553 1071 745 6:666.

752 808 921 941 Ὁίερεῦς
941 807 1132 902 έυφοίνοις.

374 912 425 990 Η
441 911 551 1013 χάρις
575 924 644 990 τοῦ
668 913 859 1012 Κυρίου
827 923 947 1044 ημῶν
963 915 1085 1011 Ἰησοῦ
1099 917 1280 1012 Χριστοῦ,
1305 943 1369 990 ιιαι
1393 945 1417 1012 η
1428 943 1553 1042 αγαπη

295 1023 366 1091 τοῦ
387 1019 480 1092 Θεοῦ
504 1045 569 1145 κρι
555 1016 750 1113 πατρὸς,
775 1015 840 1092 ιιαὶ
864 1015 887 1115 ἡ
912 1014 1091 1096 κοινωνία
1115 1023 1184 1092 τοῦ
1210 1014 1321 1118 ἁγίου
1346 1013 1553 1130 πνεύματος,

296 1120 351 1215 είη
376 1118 469 1210 μετὰ
494 1115 649 1196 πάντων
672 1117 792 1216 ἡμῶν.

845 1248 885 1319 ‘0
912 1246 1020 1342 χορός.

374 1353 449 1462 Καὶ
480 1354 575 1454 μετὰ
608 1352 819 1452 πνεύματός
851 1379 931 1430 σου.

845 1484 883 1556 Ὁ
906 1484 1022 1577 ἱερεύς.

375 1591 473 1666 ’Ἇνοι
500 1599 650 1702 σχῶμεν
674 1592 741 1678 τὰς
762 1590 932 1690 ιιαρδίας.

847 1721 886 1792 ‘0
911 1721 1021 1814 χορός.

378 1827 535 1926 Ἕχομεν
559 1827 651 1928 πρὸς
675 1826 743 1906 τὸν
767 1824 921 1929 Κύριον.

849 1974 888 2046 ‘0
910 1973 1027 2066 ἱερεύς.

384 2079 723 2182 Εὐχαριστήσωμεν
747 2089 802 2182 τῷ
827 2081 968 2180 Κυρίῳ.

856 2211 894 2282 ‘0
913 2209 1023 2302 χορός.

377 2317 500 2402 ’Ἀξιον
534 2317 598 2394 καὶ
633 2316 782 2395 δίκαιόν
815 2321 892 2396 ἐστι
924 2321 1143 2413 προςνννεῖν
1173 2315 1334 2413 πατέρα,
1372 2315 1456 2393 υἱὸν
1462 2373 1474 2406 ,
1505 2314 1565 2390 καί

303 2417 411 2520 ἅγιον
436 2427 596 2518 πνεῦμα,
621 2415 760 2516 τριάδα
785 2416 986 2517 ὄμοούσιον
1010 2417 1074 2494 καί
1099 2415 1319 2516 ἄχιύριστον.

556 2565 596 2636 ‘0
618 2566 725 2659 ίερεῦς
743 2565 933 2656 κλινάμενος
954 2567 1130 2654 ἐπεύχεται
1148 2574 1324 2655 μυστικῶς.

267 2769 268 2772 ¹
382 2669 508 2747 Θῦν
534 2669 695 2748 δέσποτα
720 2670 847 2773 Κύριε,
879 2673 946 2749 θεὲ
978 2673 1106 2773 πατέρ,
1140 2669 1398 2802 παντοκράτορ
1420 2699 1569 2771 προςιιυ-

303 2770 454 2869 νητί,α
430 2773 589 2858 ἀξιον“
560 2803 612 2859 ως
637 2776 802 2906 ἀληθοῦς,
834 2804 898 2852 ιιαι
886 2775 1071 2852 δίκαιον
1095 2774 1159 2854 καί
1183 2775 1323 2873 πρέπον
1346 2782 1392 2872 τῇ
1419 2781 1567 2903 μεγαλο-

303 2873 456 3004 πρεπείᾳ
476 2883 541 2972 τῆς
561 2875 760 3008 ἁγιοσύνης
781 2901 864 2967 σου,
886 2875 926 2952 σὲ
950 2883 1081 2967 αἰνεῖν,
1108 2875 1147 2952 σὲ
1167 2875 1315 2974 ὑμνεῖν,
1342 2875 1382 2951 σὲ
1400 2876 1568 3004 εὐλογεῖν,

305 2975 345 3050 σὲ
371 2983 601 3075 προςιιυνεῖν,
629 2979 688 3054 σοὶ
704 2979 948 3077 εὐχαριστεῖν,
975 3004 1014 3054 σε
1006 2974 1150 3070 δοξάζ
1127 2977 1203 3070 ζειν
1218 2977 1286 3054 τὸν
1302 2974 1483 3074 μόνον,
1462 3003 1569 3058 ουτως

306 3079 397 3152 ὄντα
426 3078 530 3167 Θεὸν,
548 3079 620 3155 καὶ
645 3080 704 3156 σοὶ
728 3081 947 3211 προςφέρειν
972 3085 1013 3158 ἐν
1022 3079 1176 3210 καρδίη
1202 3079 1494 3178 συντειριμμένη
1513 3105 1570 3153 ιιαι

304 3176 488 3310 πνεύματι
520 3179 775 3312 ταπεινοίσερις
809 3177 879 3280 τὴν
911 3182 1062 3312 λογικὴν
1086 3180 1227 3280 ταύτην
1252 3180 1427 3280 λατρείαν
1451 3181 1568 3278 ἡμῶν

306 3280 364 3355 ὅτι
399 3281 446 3356 σὺ
465 3281 566 3356 εί
548 3313 578 3367 ο
597 3283 849 3382 χαρισάμενος
873 3283 965 3384 ἡμῖν
990 3285 1059 3381 τὴν
1083 3283 1286 3412 ἐπίγνωσιν
1309 3290 1374 3380 τῆς
1399 3291 1467 3380 σῆς
1492 3282 1571 3410 ἀλη-

305 3380 427 3472 θείας,
451 3383 515 3458 καὶ
539 3385 596 3470 τίς
620 3386 748 3470 ἱκανὸς
773 3395 927 3482 λαλῆσαι
952 3386 1019 3471 τὰς
1045 3384 1266 3470 δυναστείας
1282 3406 1364 3475 σου,
1390 3381 1570 3463 ἀκουστάς

306 3493 457 3580 ποιῆσαι
489 3483 611 3572 πάσας
642 3488 710 3572 τὰς
743 3487 897 3572 αλνέσεις
930 3511 1020 3577 σου,·
1052 3519 1075 3586 η
1058 3485 1361 3616 διηγησασθαι
1381 3485 1507 3562 πάντα
1528 3480 1571 3556 τδι

306 3583 509 3682 θαυμάσιά
535 3612 603 3663 σου
629 3591 671 3667 ἐν
695 3590 809 3665 παντί
833 3599 965 3719 καιρῷ,
993 3589 1154 3666 δέσποτα
1179 3597 1258 3664 τῶν
1284 3584 1478 3678 ἁπάντων,
1503 3580 1571 3660 Κύ

308 3715 362 3784 ριε
397 3687 563 3784 ούρανοῦ
594 3691 659 3765 και
653 3699 770 3820 γῆς,
806 3692 870 3767 καὶ
901 3689 1022 3791 πάσης
1054 3690 1258 3776 ιιτίσειος*
1240 3689 1429 3819 ορωμένης
1453 3718 1494 3764 τε
1516 3682 1572 3762 καί

309 3789 388 3883 οὐχ
412 3787 612 3917 ὃρωμένης,
646 3792 667 3867 6
699 3790 913 3890 καθήμενος
937 3723 1003 3870 ἐπί
1020 3791 1169 3890 θρόνου
1194 3789 1316 3890 δόξης,
1348 3791 1412 3868 καὶ
1439 3785 1572 3890 ἐπιβλέ-

307 3913 391 3966 ποιν
425 3887 635 3988 ἀβύσσους,
669 3896 833 4026 άναργε,
862 3893 1009 4024 ῦόρατε,
1038 3891 1286 4024 ἀκατάληπτε,
1320 3891 1572 4010 ἀπερίγραπτεί

309 3993 592 4084 ἄναλλοίωτε,“
574 4024 595 4071 ο
620 3997 741 4096 πατὴρ
766 4005 835 4073 τοῦ
859 3995 1049 4124 Κυρίου
1028 4005 1138 4096 ημῶν
1157 3999 1279 4094 Ἰησοῦ
1298 3999 1489 4124 Χριστοῦ,
1512 3993 1572 4066 τοῦ

308 4091 472 4195 μεγάλου
501 4100 594 4172 θεοῦ
619 4127 683 4180 ιιαι
708 4107 872 4196 σωτῆρος
895 4107 961 4198 τῆς
981 4097 1164 4185 ἐλπίδος
1142 4105 1269 4228 ημῶν·
1297 4096 1338 4182 ὅς
1353 4099 1456 4173 ἐστιν
1473 4091 1572 4171 ελιιδν

308 4225 373 4323 της
398 4205 463 4294 σῆς
489 4193 737 4328 ἀγαθύτητος,
763 4200 925 4331 σφραγις
950 4199 1171 4299 ίσύτητος,’
1155 4225 1197 4278 εν
1222 4202 1344 4328 έαυτηλ
1370 4195 1516 4280 δεικνύς
1538 4214 1572 4264 ⁰⁶

308 4295 377 4374 τὸν
402 4307 555 4398 πατέρα,
581 4298 689 4404 λόγος
715 4301 804 4394 ζῶν,
834 4302 921 4388 θεὸς
947 4303 1127 4401 ἀληθινὸς
1151 4301 1224 4400 πρὸ
1251 4299 1415 4390 αίοίνοιν,
1453 4292 1569 4428 σοφίαι

311 4397 400 4495 ζωὴ,
433 4399 629 4501 ἁγιασμὸς,
663 4401 836 4500 δύναμις,
872 4404 916 4481 τὸ
942 4433 1024 4505 φας
1048 4405 1092 4480 τὸ
1117 4400 1319 4502 ἀληθινόν·
1354 4429 1432 4500 παρ
1469 4393 1513 4476 οὗ
1534 4419 1572 4466 το

311 4509 458 4590 πνεῦμα
490 4504 533 4582 τὸ
559 4504 668 4604 άγιου
693 4503 863 4606 ἐξεφάνη,
896 4506 940 4581 τὸ
965 4515 1030 4605 τῆς
1055 4506 1233 4604 ἀληθείας
1257 4513 1418 4599 πνεῦμα,
1451 4501 1493 4576 τὸ
1516 4501 1571 4588 τῆς

311 4599 505 4690 υἱοθεσίας
533 4605 715 4706 χάρισμα,
752 4607 773 4683 6
806 4608 873 4708 666
853 4605 985 4708 ραβδιν
1009 4617 1075 4706 τῆς
1099 4606 1301 4706 μελλούσης
1324 4598 1570 4705 κληρονοράαιι
