3378 5302
714 417 762 492 95

144 597 276 697 .‘Ym'0
311 597 496 697 σωτηρίας
527 597 592 674 καὶ
624 595 931 700 ἇντιλήψεωςπα
879 599 1019 686 παντὸς
1042 609 1110 679 τοῦ
1118 601 1378 772 φιλοχρᾶντου

99 708 205 797 λαομ,
231 697 403 798 δεόμεθά
429 725 499 776 σου
524 696 791 778 ἐπάκουσον.ι

170 801 277 900 Ὑπὲρ
302 809 373 878 τοῦ
397 802 622 929 ῥυσθήναι“
601 810 700 899 ημᾶς
716 802 790 878 ἀπὸ
806 799 926 902 πάσης
943 803 1164 902 θλίψεως,’
1148 812 1273 934 οργῆς,
1297 831 1380 881 κιν-

100 902 220 979 δύνου
244 903 310 979 καὶ
306 903 513 1032 ἀνάγκης,
540 904 807 1032 αἰχμαλωσίας,
832 913 966 1004 πικροῦ
991 903 1178 997 θανάτου,
1211 906 1381 984 καὶτῶν

101 1007 273 1098 ἀνομιῶν
296 1003 420 1101 ἡμῶν,
447 1003 615 1103 δεόμεθά
642 1030 712 1081 σου
736 1004 957 1084 ἐπάκουσον.

170 1106 296 1236 Ὑπὲρ
312 1115 381 1182 τοῦ
413 1115 654 1238 περιεστῶτος
679 1115 771 1183 λαοῦ
795 1137 860 1183 και
847 1107 1181 1236 ᾂπεκδεχομίνσυ
1205 1109 1249 1185 τὸ
1274 1109 1377 1208 παρὰ
1452 1157 1456 1164 =

102 1217 170 1284 σοῦ
200 1203 382 1285 πλούσιον
412 1208 476 1284 καί
500 1207 597 1311 με’γα
621 1209 778 1299 ἔλεος,“
762 1206 973 1308 ικετειίομὲν
998 1236 1051 1300 σε,
1079 1211 1378 1314 σπλαγχνίσθητι

102 1309 163 1385 καί
187 1309 347 1407 ίλίησσν.

177 1411 364 1487 Σιῦσον*
344 1440 365 1486 ο
395 1409 545 1496 Θεὸς
506 1438 576 1487 τον
600 1408 693 1488 λαόν
718 1435 801 1502 σου,
836 1412 900 1488 καὶ
925 1363 1127 1514 εὐλόγησαν
1151 1412 1221 1512 τήν
1244 1423 1379 1529 κληρο-

103 1513 239 1608 νομίαν
264 1537 346 1588 σου.

170 1613 387 1715 Ἐπίσκεψαι
412 1613 480 1689 τὸν
505 1611 648 1712 κόσμον
675 1637 745 1690 σου
769 1617 811 1691 ἐν
836 1615 923 1690 ίλὲει
947 1613 1012 1690 καὶ
1037 1617 1248 1714 σίκτιρμοῖς.

165 1715 342 1815 Ὓψωσον
373 1716 482 1814 κέρας
506 1721 750 1816 Χριστιανῶν
784 1724 830 1813 τῇ
868 1714 1028 1813 δυνάμει
1058 1723 1129 1792 τοῦ
1162 1716 1288 1813 τιμίου
1313 1716 1381 1794 καί

106 1817 284 1908 ζωσποιοῦ
291 1826 497 1946 σταυροῦι

171 1915 394 2015 Ἱκετειίομίν
418 1943 459 1994 σε
485 1918 652 1995 πολυὲλεε
667 1913 793 2016 Κύριε,
819 1912 1074 1994 ἐπάκουσον
1052 1923 1163 2015 ημῶν
1188 1917 1379 2016 δεομένων

107 2020 273 2112 σου,καί
300 2021 460 2118 ἐλέησον.

190 2143 199 2161 ’
563 2149 602 2220 ‘0
624 2151 706 2232 λαὸς
727 2149 763 2222 ἐκ
783 2151 906 2240 τρίτον.

175 2237 291 2339 Κύριε
316 2238 475 2335 ἐλέησον.

625 2350 850 2433 Ὁδιάκονος.

169 2458 277 2588 Υπὲρ
304 2458 471 2557 ἀφέσεως
496 2456 693 2555 ἁμαρτιῶν
716 2457 839 2554 ἡμῶν,
874 2455 938 2530 καὶ
964 2453 1233 2588 συγχωρήσεως
1257 2466 1382 2588 πλημ-

105 2557 337 2658 μελημάτιαν,
362 2559 520 2636 καὶτοῦ
544 2557 779 2656 ῥωσθῆναι
757 2563 856 2680 ημᾶς
881 2556 956 2632 ἀπὸ
972 2556 1092 2655 πάσης
1108 2557 1331 2656 θλίψεως,’
1315 2590 1382 2664 ορ·

104 2673 178 2764 γῆς,
203 2659 402 2751 κινδύνου,
427 2689 491 2736 και
477 2657 704 2788 ἀνάγκης,
719 2688 787 2736 του
772 2659 957 2758 Κυρίου
983 2657 1194 2757 δεηθωμεν.

178 2763 311 2861 Τήν“
289 2762 434 2891 ημέραν
459 2771 587 2838 πᾶσαν
610 2761 766 2852 τελείαν,
800 2761 927 2889 ἁγίαν,
963 2761 1163 2858 εἰρηνικὴν,
1194 2762 1259 2836 καὶ
1284 2763 1380 2840 ἂνα-

105 2863 293 2964 μάρτητον
318 2865 354 2940 οί
378 2859 514 2948 πάντες
537 2864 640 2960 παρὰ
665 2869 735 2939 τοῦ
760 2863 903 2962 Κυρίου
932 2861 1097 2938 διελθεῖν
1122 2862 1379 2960 αἰτησαίμεθα.

167 2969 347 3096 Ἄγγελον
370 2963 527 3092 εἰρήνης,
554 2964 686 3040 πιστὸν
712 2965 865 3068 ὁδηγὸν,
880 2961 1042 3093 φύλακα
1066 2970 1146 3041 ταῖν
1162 2971 1300 3064 ψυχων
1316 2965 1381 3042 καί

105 3075 179 3146 τιόν
204 3065 395 3192 σωμάτων
419 3094 542 3164 ημων,
568 3066 670 3164 παρά
696 3077 766 3142 τοῦ
791 3063 935 3188 Κυρίου
961 3063 1216 3164 αἰτησαίμεθα

178 3164 424 3298 Συγγνωμην
449 3168 513 3245 καὶ
538 3169 674 3294 ἄφεσιν
700 3167 898 3296 ἁμαρτιων
922 3166 985 3242 καὶ
1009 3195 1089 3243 των
1113 3165 1381 3266 πλημμελημά-

106 3300 178 3347 των
202 3271 326 3367 ήμαίν,
352 3269 455 3366 παρὰ
479 3273 548 3346 τοῦ
571 3255 716 3366 Καρίου
741 3266 996 3366 αἰτησαίμεθα.

182 3373 237 3449 Τὰ
264 3371 362 3447 καλὰ
385 3370 456 3446 καὶ
475 3373 715 3500 συμφέροντα
740 3377 821 3454 ταῖς
845 3375 985 3468 ψυχαῖς
1001 3367 1124 3466 ἡμῶν,
1149 3397 1213 3444 και
1201 3367 1381 3471 εἰρήνην

107 3479 157 3572 τῷ
180 3471 325 3572 κόσμῳ,
351 3471 454 3570 παρά
478 3477 547 3549 τοῦ
572 3471 716 3570 Κυρίου
742 3469 996 3570 αἰτησαίμεθα.

183 3577 260 3652 Τὸν
298 3571 503 3650 ὑπόλοιπον
539 3571 679 3674 χρόνον
718 3578 784 3672 τῆς
817 3572 964 3670 ζωῆς“
942 3600 1053 3671 ημων
1084 3575 1125 3648 εν
1158 3568 1283 3673 εἰρήνη
1317 3573 1382 3650 καί

110 3675 224 3778 ὑγιείᾳ
250 3677 444 3766 ἐκτελέσαι,
470 3675 574 3803 παρὰ
598 3705 667 3752 του
651 3675 835 3773 Κυρίου
862 3673 1118 3804 αἰτησαίμεθα.

177 3777 391 3877 Χριστιανοὶ
423 3776 471 3851 τὰ
502 3777 585 3875 τέλη
617 3779 682 3876 τῇς
714 3775 862 3906 ζωής*
840 3781 963 3873 ημαῖν,
998 3773 1247 3868 ἀνώδυνα,
1226 3776 1381 3855 ανεπαί-

112 3903 260 3974 σχαντα,
286 3907 350 3954 και
337 3877 493 3976 καλήν
517 3879 723 3982 ἀπολογίαν
746 3878 815 3976 τὴν
840 3878 900 3954 ἐπὶ
924 3883 994 3956 τοῦ
1019 3881 1187 3980 φοβεροῦ
1211 3879 1276 3955 καὶ
1292 3878 1383 3980 φρί-

111 3989 195 4057 κτοῠ
218 3977 390 4080 βήματος
414 3985 484 4055 τοῦ
507 3985 689 4124 Χριστοιλ,
717 3977 971 4077 αἰτησαίμεθα.

175 4255 275 4307 Most
291 4255 331 4305 Ει.
351 4253 472 4304 Ιίἱιιοοαι
498 4253 562 4304 dicit.
597 4253 714 4304 Vacemus
732 4253 830 4304 intente.
865 4255 892 4305 ln
909 4269 969 4319 ριιι
988 4254 1114 4306 Dominum
1134 4267 1240 4304 oremus.
1266 4253 1381 4320 sequnn-

114 4347 150 4388 ιατ
163 4341 306 4404 ριῑὶιίοαιετ
324 4329 397 4403 ὑπὲρ
415 4337 460 4400 τῆς
476 4329 588 4387 ἄνωθεν
604 4329 713 4404 εἰρήνης
730 4345 754 4386 ει
769 4329 839 4402 ὑπὲρ
857 4335 903 4400 τῆς
919 4327 1028 4402 εἰρήνης
1036 4335 1085 4386 τοῦ
1093 4327 1380 4406 σύμπαντοςκόσμαυ,

116 4437 170 4486 ραι
193 4425 297 4476 occurrit
319 4422 427 4474 inedito
451 4420 515 4472 αλλ
533 4429 555 4473 et
573 4421 652 4472 dein
646 4437 670 4472 ια
688 4421 759 4472 Missa
778 4421 896 4474 Fidelinm
914 4421 990 4474 αλλ.
1026 4421 1135 4473 adnectit
1158 4435 1244 4486 ρταοιι
1261 4423 1332 4486 nlius,
1355 4425 1380 4476 in

116 4506 174 4558 edito
190 4523 235 4560 non
254 4509 344 4560 obvias.

191 4592 268 4645 λιιι·
287 4590 336 4644 καί
353 4583 464 4650 διδάξαι
480 4592 588 4658 Ιλααρία
604 4605 743 4644 sermonem
760 4591 846 4656 innuit,
870 4593 940 4645 οαίοε
955 4592 980 4644 in
998 4589 1053 4643 ιΙιίι
1076 4545 1162 4642 οίαιίίι
1186 4591 1253 4646 nullu
1272 4592 1381 4646 occurrit

119 4675 203 4728 ιιιαιίο.
