3416 5290
920 434 993 507 688

318 618 478 704 βασιλεῖς,
500 610 540 705 ἤν
562 638 597 702 γε
617 614 663 704 μη
686 607 744 697 είς,
767 611 853 683 ἀλλὰ
874 613 1012 695 πλείους
1032 607 1105 684 είσι.
1140 608 1452 700 Συναναβαίνουσαι
1474 615 1512 686 δέ
1536 613 1595 683 αδ-

320 724 392 844 τρῖς
411 717 468 786 καί
490 742 526 786 αι
514 713 728 803 ςβασιλίδες,
749 715 945 800 καθίζουσιν
964 716 1023 784 ἐπί
1036 713 1235 804 θρόνων,“
1201 741 1237 785 αι
1250 715 1312 802 μέν
1326 717 1596 806 πραιστεμμέναι

318 820 362 888 τά
389 819 562 905 στέμματα
590 817 826 906 περικείμεναι,
856 815 876 907 ἦ
904 817 1073 903 μέλλουσα
1101 817 1139 885 δέ
1161 827 1475 944 στεφανηφοροῦσα.
1518 819 1593 909 Πρὸ

320 921 360 991 δέ
386 928 446 1011 τῆς
471 926 533 988 τοῦ
560 918 729 1008 τριςαγίου
756 918 858 999 θείας
885 913 1127 1005 όμνολογίας”
1104 941 1230 987 ανεισιν
1252 918 1367 987 ἐπί
1332 945 1390 988 τον
1412 915 1593 1006 όίμβωναό

319 1022 527 1114 πατριάρχης
546 1027 612 1088 τῶν
633 1017 762 1090 δδότων
783 1017 889 1102 ἐξιών.
917 1019 1177 1104 Συνανέρχονται
1199 1020 1238 1088 δέ
1259 1016 1350 1110 αὐτῷ
1370 1022 1428 1090 καί
1448 1029 1516 1090 τῶν
1536 1028 1595 1110 τῆς

321 1121 492 1216 ἐκκλησίας
519 1120 743 1211 άρχόντων“
711 1148 745 1191 οι
773 1121 1042 1210 ἐπιφανέστεροι,
1069 1122 1130 1201 τὰς
1151 1119 1243 1206 ἱεράς
1263 1121 1320 1189 καί
1342 1119 1440 1191 αὐτοι
1430 1123 1594 1192 ἐνδεδυ-

319 1226 416 1312 μένοι
436 1223 573 1305 στολάς·
601 1217 661 1304 οίίς
682 1220 897 1292 ἀποστέλλων
918 1223 1155 1310 προςκαλεῖται
1174 1222 1252 1303 τούς
1271 1224 1444 1308 βασιλέας.
1493 1222 1538 1293 Οἱ
1560 1221 1593 1292 δ’

319 1325 423 1408 εὐθὺς
444 1325 694 1412 ἐξανιστάμενοι
714 1331 780 1392 τῶν
800 1323 942 1412 θρόνων,
965 1325 1024 1393 ἐπί
1045 1324 1102 1393 τόν
1124 1318 1262 1410 άμβωνα
1281 1332 1437 1408 χωροῦσι.
1472 1326 1591 1414 Σιωπῇ

320 1429 358 1498 δέ
378 1434 507 1515 βαθεῖα
528 1427 584 1497 καί
606 1424 769 1515 ἀταραξία
789 1424 827 1492 τό
849 1426 985 1512 πλῆθος
1005 1426 1135 1509 κατέχει
1155 1431 1234 1495 πᾶν.
1264 1423 1302 1493 Ὁ
1325 1428 1364 1495 δέ
1383 1423 1592 1550 πατριάρχης

319 1530 380 1610 τὰς
407 1529 467 1598 ἐπὶ
492 1528 600 1654 χρίσει
624 1535 690 1596 τῶν
716 1527 836 1614 βασιλέ
837 1551 882 1593 ων
904 1527 1161 1652 συντεθειμένος
1182 1524 1357 1596 δίεισιν’
1322 1528 1428 1611 ευχάς,
1451 1527 1513 1608 τὰς
1532 1529 1591 1612 μέν

319 1628 421 1722 ἡσυχῇ
441 1627 558 1699 καθΗ
544 1629 672 1712 ταυτὸν,
695 1625 857 1698 ἔστιδ’
846 1654 886 1708 ας
906 1627 963 1696 καὶ
984 1625 1032 1708 είς
1053 1626 1197 1715 ἐπήκοον
1218 1626 1362 1712 πάντων,
1384 1628 1442 1698 καί
1463 1635 1589 1718 τῷχρι-

319 1731 518 1821 σθησομὲνῳ
540 1729 747 1813 ἐξιλάσκεται
766 1731 805 1798 τὸ
827 1723 934 1799 θεῖον.
963 1728 1066 1797 Μετὰ
1085 1735 1184 1856 τρῦτο
1206 1726 1283 1798 δέ’
1264 1756 1284 1798 ο
1305 1731 1435 1816 μέλλων
1448 1729 1590 1818 χρισθῇ-

318 1841 444 1902 σεσθαι
463 1832 676 1918 βασιλεὺς
641 1858 680 1900 το
702 1829 961 1956 ἐπικείμενρν,”
942 1857 971 1913 ο,
986 1857 1020 1899 τι
1042 1823 1134 1922 ἐνῇ,
1156 1837 1196 1922 τῇ
1216 1828 1386 1922 κεφαλῇ’
1366 1837 1519 1920 αφαιρεῖ,
1541 1855 1590 1898 νε-

318 1933 473 2021 νόμισται
501 1931 535 2002 δ’
559 1931 677 2002 αὐτίκα
698 1931 837 2016 πάντας,
864 1932 941 2002 ὅσοι
962 1931 1119 2020 πάρεισιν
1139 1932 1233 2014 ἐντὸς
1252 1940 1313 2002 τοῦ
1333 1939 1425 2015 ναοῦ,
1454 1939 1591 2020 γυμναῖς

318 2038 374 2106 καί
396 2033 516 2116 αὐτοὺς
537 2033 674 2104 ἑστάναι
693 2038 865 2124 κεφαλαῖς.
885 2032 923 2104 ‘O
944 2031 1149 2124 πατριάρχης
1166 2035 1204 2104 δέ
1217 2041 1265 2125 τῷ
1278 2032 1367 2125 θείην
1379 2032 1475 2124 μόρῳ
1490 2059 1591 2102 σταυ-

318 2139 456 2226 ροειδῶς
476 2135 561 2226 χρίει
580 2137 640 2226 τὴν
660 2137 826 2221 βασιλέως
845 2137 1002 2226 κεφαλὴν,
1025 2135 1189 2224 ἐπιλέγων
1209 2133 1334 2228 μεγάλη
1352 2143 1463 2226 φωνῇ·
1486 2133 1589 2223 ι’ίγιος.

316 2237 559 2326 Διαδεχόμενοι
580 2239 618 2307 δέ
640 2236 673 2306 οἱ
696 2238 756 2306 ἐπὶ
775 2242 835 2306 τοῦ
857 2231 1011 2324 άμβωνος
1033 2234 1205 2323 ἱστάμενοι
1225 2237 1284 2325 τὴν
1306 2237 1429 2327 φωνην,
1462 2238 1500 2306 ἐκ
1519 2235 1589 2326 τρί-

315 2366 376 2409 του
403 2341 460 2410 καί
488 2337 584 2410 αὐτοὶ
606 2342 773 2428 λέγουσιν·
802 2337 906 2428 ἅγιος.
947 2335 1085 2429 Ἐφεξῆς
1106 2339 1144 2408 δέ
1165 2337 1222 2408 καί
1242 2345 1312 2406 πᾶν
1330 2339 1371 2406 εδ
1393 2339 1530 2428 πλῆθος
1549 2337 1589 2406 εδ

317 2439 398 2512 αὐτὸ
422 2443 632 2533 ἐπιφωνοῦσι
652 2437 860 2521 τοσαυτάκις.
903 2441 1004 2509 Μετὰ
1024 2447 1123 2509 τοῦτο
1142 2447 1209 2508 τῶν
1229 2437 1360 2509 όδότων
1381 2441 1477 2521 ἐντὸς
1495 2439 1590 2526 παρὰ

317 2543 479 2612 διακόνων
504 2543 565 2624 τὰς
592 2540 684 2628 ίερός
705 2541 926 2628 ἐνδεδομένων
947 2542 1069 2623 στολὰς
1087 2540 1303 2628 κατεχόμενον
1323 2542 1362 2610 τό
1384 2541 1518 2626 στέμμα
1539 2538 1589 2624 (οὔ

315 2645 378 2732 γάρ
401 2645 460 2713 ἐπί
480 2651 539 2733 τῆς
561 2642 661 2731 ἱερᾶς,
685 2641 730 2723 δίς
750 2645 838 2724 τινές
859 2667 956 2734 φασι,
977 2643 1143 2733 τραπέζης
1162 2649 1281 2725 κεῖται)
1304 2637 1440 2732 άγοεσιν
1459 2643 1521 2712 ἐπί
1533 2643 1589 2712 τόν

316 2741 466 2831 άμβωνα.
509 2744 580 2812 Καὶ
608 2741 676 2833 ε’ίγε
702 2741 846 2832 πάρεστι
872 2745 1138 2834 προεοτεμμένος
1163 2744 1330 2832 βασιλκδς,
1359 2742 1431 2830 ἅμα
1451 2749 1500 2832 τῷ
1522 2771 1589 2812 πα·

315 2844 452 2938 τριάρχη
473 2846 511 2914 τὸ
534 2845 666 2933 στέμμα
686 2843 853 2932 λαβόντες,
882 2845 1081 2916 ἐπιτιθέασι
1101 2853 1142 2937 τῇ
1162 2849 1290 2936 κεφαλῇ
1310 2852 1371 2914 τοῦ
1391 2847 1470 2914 νέου
1491 2853 1587 2931 βασι-

315 2947 400 3029 λέως
424 2948 482 3016 καί
514 2947 656 3040 ἐκφανεῖ
682 2944 700 3016 ό
728 2945 949 3038 πατριάρχης·
983 2943 1088 3030 άξιος.
1130 2945 1372 3033 Διαδεχόμενοι
1400 2948 1438 3016 δέ
1467 2945 1503 3016 οί
1531 2947 1587 3016 ἐπὶ

314 3055 374 3118 τοῦ
403 3042 566 3135 άμβωνος,
595 3050 631 3118 ἐκ
656 3048 770 3137 τρίτου
797 3049 948 3136 λέγουσιν
976 3047 1073 3118 αάτοί
1098 3073 1140 3118 τε·
1162 3049 1219 3118 καί
1240 3055 1310 3118 πᾶν
1330 3048 1368 3118 τό
1391 3051 1532 3137 πλῆθος
1550 3043 1586 3116 δν

313 3149 440 3239 τρόπον
467 3150 527 3220 ἐπὶ
555 3157 615 3218 τοῦ
639 3146 757 3240 μόρου.
799 3145 884 3219 Rha
913 3151 1062 3239 ἐπιλέγει
1089 3149 1193 3220 πάλιν
1220 3147 1238 3220 ό
1260 3147 1470 3240 πατριάρχης
1491 3148 1586 3234 εδχὰς

312 3251 370 3320 καί
396 3252 590 3338 κατέρχεται
615 3257 675 3320 τοῦ
703 3247 857 3338 όμβωνος
876 3249 896 3320 ό
917 3253 1084 3338 βασιλεὺς,
1113 3249 1172 3320 οὐκ
1193 3253 1231 3336 ἐξ
1251 3244 1355 3340 οὗπερ
1378 3248 1508 3340 άνῆλθι
1525 3253 1586 3338 μέ-

314 3377 401 3441 ρους,
425 3350 495 3421 ἀλλ’
518 3353 554 3422 ἐκ
574 3359 636 3421 τοῦ
655 3353 742 3442 πρὸς
762 3353 819 3422 τὸν
841 3355 969 3423 σωλέαν
990 3354 1223 3442 τετραμμένου.
1252 3351 1296 3421 Εἰ
1315 3353 1378 3440 μέν
1398 3347 1459 3421 οὖν
1479 3360 1585 3444 συμβῇ

311 3453 358 3544 μὴ
386 3451 456 3522 κατ’
479 3453 603 3523 ἐκεῖνον
629 3456 688 3522 τὸν
715 3455 832 3540 καιρόν
859 3453 944 3539 ἐχειν
971 3460 1109 3543 γυναῖκα
1136 3457 1194 3524 τόν
1219 3455 1372 3542 βασιλέα,
1401 3451 1508 3536 εὐθὺς
1529 3455 1584 3524 &aa

313 3551 373 3644 τήν
400 3552 600 3644 άναβάθραν
626 3553 737 3638 δνιδιν,
765 3556 825 3626 ἐπί
852 3563 912 3624 τοῦ
938 3555 1066 3645 θρόνου
1092 3557 1227 3640 καθίζει
1247 3556 1366 3626 πάλιν·
1395 3555 1427 3625 εί
1448 3553 1485 3625 δ’
1508 3554 1584 3640 ἔχει,

312 3654 389 3722 τότε
422 3657 479 3724 καί
506 3654 608 3748 αὐτὴν
639 3654 761 3748 ἀνάγκη
788 3664 981 3748 στεφθῆναι
1004 3665 1109 3728 πᾶσα.
1152 3660 1218 3728 Διὸ
1245 3659 1303 3728 καί
1330 3658 1586 3748 ἐξανισταμένην

312 3763 373 3824 τοῦ
398 3755 535 3844 θρόνου,
562 3756 624 3828 δίο
649 3765 715 3828 τῶν
735 3757 964 3850 γνησιωτάτων
985 3757 1191 3848 ἑκατέρωθεν
1212 3759 1393 3847 λαβόμενοι
1414 3767 1585 3848 συγγενῶν,

311 3853 334 3947 ἢ
361 3856 392 3928 εί
417 3859 462 3948 μή
490 3857 642 3950 γνησίους
669 3857 750 3946 έχοι,
779 3857 930 3946 ἐκτομίαι
951 3869 1107 3932 τοσοῦτοι
1127 3869 1186 3950 τῆς
1207 3858 1405 3948 άναβάθρας
1424 3885 1464 3929 τε
1484 3859 1586 3930 κατά-

311 3982 408 4046 γουσι
427 3960 485 4030 καί
505 3962 664 4053 φέροντες
685 3960 802 4031 ίσταῦσι
822 3963 891 4052 πρὸ
912 3970 974 4031 τοῦ
994 3964 1135 4059 σωλέου.
1161 3961 1412 4049 Κατερχόμενος
1434 3963 1473 4032 δέ
1487 3961 1507 4031 ό
1522 3969 1584 4049 βα-

310 4062 432 4145 σιλεὺς,
459 4063 498 4132 τό
527 4063 575 4132 δι’
598 4060 699 4154 αδτὴν
725 4060 985 4190 ηὐτρεπισμένον
1006 4065 1136 4152 στέμμα
1157 4064 1335 4152 λαμβάνων
1355 4061 1424 4133 ὑπὸ
1446 4063 1585 4154 γνησίων

310 4169 408 4231 τινῶν
434 4159 457 4288 ῇ
486 4165 646 4252 ἐκτομιῶν
672 4163 888 4251 κατεχόμενον
914 4166 972 4234 καί
999 4165 1081 4234 αὐτὸ
1109 4165 1288 4290 ἐπιτίθησι
1314 4173 1354 4256 τῇ
1374 4168 1506 4256 κεφαλῇ
1526 4171 1584 4255 τῆς

308 4263 479 4350 γυναικός·
507 4265 527 4357 ἡ
559 4268 597 4337 δέ
622 4268 681 4336 τόν
708 4261 813 4356 ανδρα
832 4293 890 4337 και
881 4267 1052 4392 βασιλέα
1073 4273 1258 4355 προςκυνεῖ,
1285 4263 1440 4336 δουλείαν
1462 4265 1583 4354 ὁμολο-

307 4371 424 4452 γοῦσα.
465 4363 503 4436 ‘O
507 4368 738 4498 πατριάρχης
762 4370 800 4438 δε
827 4369 922 4458 παρὰ
949 4369 1007 4437 τὸν
1036 4367 1202 4438 οωλέαν“
1190 4367 1366 4493 ιστάμενρς
1392 4369 1450 4438 καί
1472 4365 1580 4448 αὐτὸς,

311 4465 516 4592 ἐπιλέγει’
482 4473 577 4560 ευχῆν
598 4470 684 4562 ὑπέρ
705 4496 742 4540 τε
762 4477 823 4540 τοῦ
842 4471 1010 4557 βασιλέως
1028 4497 1085 4540 και
1076 4469 1274 4595 βασιλίδος
1286 4471 1344 4540 καί
1357 4477 1419 4540 τοῦ
1431 4467 1580 4560 ἐπηκόου

309 4566 445 4650 παντός.
493 4570 590 4642 Οίίτω
616 4574 677 4658 μεν
705 4565 763 4642 σόν
791 4599 848 4648 και
876 4569 894 4641 δ
922 4572 1078 4660 βασιλεὺς
1104 4599 1163 4664 την
1184 4571 1274 4643 ίδίαν
1295 4578 1432 4661 γυναῖκα
1453 4572 1581 4664 στέφει.

310 4665 353 4738 Εἰ
380 4672 418 4740 δέ
439 4679 548 4764 συμβῇ
570 4673 835 4764 προεστεμμένον
858 4669 944 4744 εἶναι
964 4675 1195 4762 τὸνβασιλέα,
1222 4674 1282 4746 ἐπί
1301 4679 1361 4765 τῆς
1381 4679 1447 4744 τῶν
1467 4671 1580 4763 γάμων
