3560 5306
928 407 1000 480 124

324 583 475 680 ἡμῶν,
504 587 620 664 ἀλλὰ
644 593 784 686 ῥῦσαι
807 588 929 685 ἡμᾶς
955 587 1391 686 ἁπὸτοῦπονηροῦ,
1416 588 1605 666 καὶτῶν

326 686 477 787 έργων
512 691 679 780 αὐτοῦ,
716 687 865 787 πὰσης
889 689 1110 822 ἐπηρείας
1134 719 1211 766 και
1198 688 1496 787 μεθοὰείας
1521 691 1605 766 αὐ-

325 796 427 879 τοῦ,
454 789 531 866 ἁιὰ
558 791 608 869 τὸ
635 789 783 889 ὄνομά
810 818 893 869 σου
918 792 969 868 τὸ
996 791 1153 895 ἅγιον,
1180 791 1230 868 τὸ
1257 791 1605 889 ἐπικληθὲνὲπι

325 888 410 985 τὴν
433 890 667 994 ἡμετέραν
691 891 991 972 ταπείνωσιν

857 1040 1070 1136 Ἔκφιίνησις.

393 1141 478 1219 Ὅτι
515 1169 583 1220 σου
619 1144 721 1223 ἐστὶν
755 1146 778 1245 ἡ
815 1145 999 1244 βασιλεία,
1036 1145 1099 1221 καὶ
1124 1177 1147 1274 η
1134 1141 1347 1243 ’δύνασις
1374 1174 1436 1221 και
1462 1176 1485 1243 η
1471 1143 1605 1232 δόξα

326 1250 394 1318 τοῦ
421 1247 587 1346 Πατρὸς,
623 1247 780 1324 καὶτοῦ
812 1250 912 1339 rios),
938 1248 1095 1326 καὶτοῦ
1122 1248 1232 1350 ἁγίου
1259 1244 1495 1346 Πνεύματος,
1532 1255 1607 1324 νῦν
1708 1267 1712 1274 ’

326 1373 391 1418 και
378 1344 481 1421 ἁεί.

885 1444 924 1517 ‘0
952 1445 1044 1528 λαός.

397 1528 526 1629 Ἀμήν.

876 1647 949 1719 “0
938 1648 1054 1739 ιερεύς.

407 1735 558 1812 XXXIX
602 1734 740 1835 Εὶρήνη
765 1745 891 1812 πᾶσιν.

887 1883 925 1953 0
954 1883 1045 1958 λαό.

405 1971 480 2046 Καὶ
513 1981 568 2071 τῷ
601 1970 784 2070 πνεύματι
820 1997 899 2048 σου.
1019 1913 1036 1968 ς

333 2219 338 2228 .
851 2118 889 2190 ‘0
912 2120 1076 2203 διάκονος.

408 2223 501 2320 [Τὰς
525 2224 689 2325 κεφαλὰς
712 2225 822 2323 ἡμῶν
847 2233 902 2324 τῷ
927 2229 1056 2324 Κυρίῳ
1081 2224 1276 2322 κλίνωμεν.

887 2372 925 2443 Ὁ
957 2373 1050 2456 λαός.

408 2458 496 2550 Σοί,
523 2457 646 2559 Κύριε.

665 2607 737 2679 “0
725 2610 832 2700 ιερεὺς
854 2609 1031 2696 ἐπεύχεται
1051 2607 1209 2697 λέγων
1177 2607 1275 2679 ου’τω.

408 2713 484 2788 Σοὶ
508 2711 764 2811 ἐκλίναμεν“
729 2745 764 2789 οι
791 2714 919 2791 δοῦλοί
945 2739 1026 2804 σου,
1053 2711 1180 2814 Κύριε,
1205 2714 1293 2798 τοὺς
1317 2712 1515 2810 ἡμετέρους
1541 2713 1611 2788 αὐ-

330 2814 442 2911 χένας
478 2813 637 2894 ἐνώπιον
671 2825 740 2892 τοῦ
766 2817 877 2944 ἁγίου
904 2843 973 2892 σου
999 2815 1294 2946 θυσιαστηρίου,
1323 2813 1610 2911 ἀπεκδεχόμενοι

334 2915 382 2992 τὰ
408 2917 510 3016 παρὰ
536 2926 605 2992 σοῦ
631 2916 790 2994 πλούσια
816 2920 913 3016 ἐλέη·
942 2917 1126 2994 πλουσίαν
1150 2918 1220 3014 τὴν
1241 2913 1357 3015 χάριν
1375 2943 1444 2992 σου
1461 2915 1525 2992 καὶ
1541 2945 1610 3044 την

334 3018 512 3150 ευλογίαν
540 3044 609 3094 σου
635 3017 936 3105 έξαπόστειλον“
915 3027 1018 3117 ημῖν,
1053 3021 1236 3108 Δέσποτα,
1269 3049 1334 3096 και
1359 3017 1532 3148 ἁγίασον
1543 3018 1611 3102 τὰς

332 3121 458 3248 ψυχὰς
491 3121 601 3217 ἡμῶν
633 3121 697 3195 καὶ
731 3121 779 3196 τὰ
816 3119 973 3217 σώματα
1008 3121 1072 3196 καὶ
1103 3121 1151 3194 τὰ
1184 3117 1392 3222 πνεύματα,
1425 3123 1489 3196 ἵνα
1516 3121 1611 3206 ἄξιοι

332 3219 535 3350 γενοίμεθα
570 3222 745 3299 κοινωνοὶ
779 3223 843 3298 καὶ
877 3225 1026 3321 μέτοχοι
1061 3223 1239 3350 γενέσθαι
1274 3231 1353 3300 τῶν
1388 3222 1509 3351 ἁγίων
1541 3247 1610 3297 σου

333 3323 564 3423 μυστηρίων,
591 3326 691 3410 εἲς”
666 3351 803 3424 αφεσιν
829 3325 1026 3425 ἁμαρτιῶν
1050 3323 1113 3400 καὶ
1139 3329 1189 3408 είς
1215 3323 1315 3422 ζωὴν
1336 3321 1500 3399 αἰώνιον.

861 3472 914 3543 Ἐκ
944 3501 989 3542 ων
1011 3499 1073 3555 τις.

413 3575 475 3650 Σὺ
500 3575 574 3677 γὰρ
601 3577 884 3676 προςκυνητὸς
815 3499 942 3653 καί)
963 3501 1333 3673 ἁέὰοξασμένοςΗ
1257 3573 1444 3674 ὑπάρχεις,
1474 3577 1493 3651 ὃ
1524 3575 1611 3660 Θεὸς

336 3675 456 3773 ἡμῶν,
491 3678 554 3751 καὶ
588 3679 607 3753 ὃ
639 3677 843 3810 μονογενής
877 3706 944 3754 σου
979 3679 1072 3770 Υἱὸς,
1105 3680 1167 3756 καί
1199 3679 1241 3753 τὸ
1269 3676 1432 3774 Πνεῦμοί
1467 3703 1535 3754 σου
1567 3707 1603 3752 τ(

336 3776 534 3881 πανοίγιον,
561 3788 634 3857 νῦν
658 3779 722 3855 καὶ
748 3779 815 3856 ἀεί.

893 3909 931 3981 Ὁ
961 3912 1054 3996 λαός.

406 3996 534 4094 Ἀμήν.

804 4095 875 4166 “0
865 4100 971 4190 ιερεὰς
990 4101 1141 4191 ἐκφανεῖ.

414 4198 488 4274 Καὶ
521 4201 622 4276 ἔσται
647 4232 669 4298 η
692 4199 818 4310 χοίρις
826 4203 889 4277 καί
914 4203 960 4278 τὰ
993 4204 1070 4300 ελέη
1096 4213 1160 4300 τῆς
1185 4201 1295 4305 ἁγίας
1318 4201 1382 4278 καὶ
1407 4201 1610 4298 ὃμοσυσίου

337 4302 400 4377 καὶ
427 4299 603 4378 ἁκτίστου
638 4303 701 4382 καὶ
727 4314 984 4402 προςκυνητῆς
1006 4303 1165 4404 Τριοίὰος
1189 4307 1288 4403 μετὰ
1309 4333 1466 4380 παντων
1490 4331 1599 4400 η

343 4483 409 4492 -ο-

381 4541 385 4551 Ι
424 4573 596 4640 ΕυρΧΧΧΙΧ.
631 4577 694 4629 Mhi!
720 4577 792 4629 hahet
816 4579 909 4644 proprii
927 4576 957 4629 M.
977 4580 1036 4630 eod.
1055 4580 1081 4630 R.
1100 4581 1202 4630 οτιιιοοί
1221 4579 1364 4640 dominicae,
1383 4579 1484 4644 reliquis
1502 4585 1611 4644 praetet-

340 4659 429 4724 ωἰτιίι,
447 4662 569 4726 subiungit
587 4663 791 4714 ετοΙεωτιίοτειο.
828 4661 885 4710 Καὶ
900 4657 976 4714 ἔστιν
992 4656 1008 4726 ἡ
1022 4655 1106 4732 χάρις
1122 4673 1146 4716 τι
1164 4665 1278 4730 deinceps
1296 4671 1321 4714 ut
1340 4666 1363 4716 in
1381 4665 1453 4716 edito.
