3336 5302
894 399 975 471 ‘4144

306 583 459 680 ληθείας
484 584 623 671 ἐλθεῖν,
649 579 852 678 ἐπέβλεψαν
877 581 936 656 ἐπὶ
960 580 1049 713 τρὺς
1073 577 1232 665 ιλοείλους
1257 578 1328 658 σου
1351 579 1440 666 τοὺς
1464 611 1572 678 κατη

301 684 522 780 χσυμένους,
558 682 621 758 καί
657 679 843 812 λύτρωσαι
879 682 1019 768 αὐτοὺς
1050 689 1116 780 τῆς
1140 690 1300 767 παλαιᾶς
1323 681 1479 780 πλοίνης,
1514 683 1573 759 καί

303 792 368 882 τῆς
392 782 595 882 μεθοθείας
619 793 687 860 τοῦ
714 785 986 880 ἀντικειμένου·
1013 784 1076 861 καὶ
1079 781 1343 914 προςκάλεσαι
1369 784 1510 870 αὐτοὺς
1526 791 1573 870 ελς

304 887 373 1015 τὴν
407 881 577 984 ζωὴν
538 916 608 983 την
643 883 810 976 αλοίνιον,
844 886 1019 1015 φωτίζφν
1045 885 1173 962 αὐτῶν
1197 885 1265 972 τὰς
1288 887 1416 986 φιηηάς
1439 915 1504 967 και
1492 886 1571 962 τιλ

303 984 474 1084 σώματα,
500 986 564 1065 καὶ
590 989 914 1118 συγκαταριθμῶν
940 986 1082 1073 αὐτοὺς
1101 996 1145 1086 τῇ
1173 995 1299 1090 λογικῇ
1326 1012 1396 1064 σου
1421 988 1570 1086 ποίμνη,

302 1089 406 1188 &fl
385 1119 433 1188 ην
458 1088 501 1164 τὸ
529 1089 650 1187 ὄνομοί
677 1115 746 1166 σου
771 1087 814 1166 τὸ
840 1087 949 1191 ἅγιον
974 1088 1210 1188 ἐπικέκληται.

759 1269 831 1340 Η0
820 1272 927 1361 ιερεὺς
947 1270 1124 1365 έκφοίνεος·

368 1391 449 1468 Ἵνα
485 1393 548 1469 καὶ
584 1393 691 1468 αὐτοὶ
717 1394 789 1469 σὺν
813 1393 905 1491 ἡμῖν
930 1391 1177 1485 δοξάζουσι
1139 1425 1183 1470 το
1208 1390 1396 1488 πάντιμον
1420 1423 1483 1468 κατ
1507 1423 1568 1490 με·

300 1494 540 1623 γαλοπρεπες
559 1491 680 1582 ὅνομοί
705 1519 787 1586 σου,
824 1503 892 1572 τοῦ
917 1495 1067 1595 πατρὸς,
1102 1495 1258 1572 καὶτοῦ
1283 1497 1382 1586 υἱοῦ,
1418 1495 1482 1570 καί
1504 1501 1567 1570 τοῦ
1653 1543 1654 1556 1

301 1592 412 1724 ἁγίου
447 1593 669 1694 πνεύματος,
706 1605 778 1674 νῦν
812 1597 876 1672 καί
911 1597 981 1687 ἀεὶ,
1016 1597 1080 1673 καί
1115 1587 1166 1684 ελς
1199 1627 1287 1682 τους
1322 1603 1465 1681 αλῶνας
1495 1604 1567 1672 τῶν

302 1693 463 1773 αλαίναιν.

820 1828 859 1900 ‘0
881 1828 1053 1913 διάκονος·

373 1931 481 2010 Ὅσοι
506 1930 788 2031 κατηχούμενοι,
822 1935 1036 2036 προέλθετε·
1074 1935 1109 2012 οἱ
1134 1931 1417 2032 κατηχούμενοι,
1444 1931 1561 2034 προέλ

302 2037 404 2109 θετε·
443 2035 521 2111 ὅσοι
557 2033 839 2132 κατηχούμενοι,
871 2038 1086 2132 προέλθετε·
1124 2033 1176 2133 μή
1207 2065 1263 2120 τις
1287 2045 1366 2112 τῶν
1391 2063 1564 2134 κατηχου-
1617 2082 1630 2104 .

300 2163 436 2334 gevam.
469 2137 576 2215 Ὅσοι
602 2137 740 2226 πιστοι,
764 2140 817 2212 έτι
842 2138 905 2214 καὶ
930 2141 983 2214 ἑτι
1008 2141 1050 2214 έν
1075 2135 1203 2236 είρήνῃ
1226 2145 1293 2213 τοῦ
1319 2139 1463 2236 Κυρίου
1488 2135 1563 2234 δεη-

333 2267 444 2312 ωαεν.

356 2377 502 2438 Ταῦτα
522 2370 676 2459 λέγονται
695 2369 798 2458 μόνον
817 2371 915 2460 μέχρι
934 2378 995 2462 τῆς
1014 2367 1128 2463 τρίτης
1145 2378 1206 2490 τῆς
1227 2369 1269 2441 δ’.
1287 2368 1561 2460 Ἕβδομάδοςτιῖι

299 2477 465 2563 νηστειῶν.

380 2584 467 2658 Ἀπὸ
496 2589 534 2658 δέ
562 2596 621 2679 τῆς
647 2587 807 2682 τετάρτης
832 2597 892 2682 τῆς
916 2589 1174 2683 μεσονηστίμου,
1202 2591 1287 2679 μετὰ
1307 2590 1358 2674 τὸ,
1388 2576 1471 2654 lvd
1506 2577 1561 2654 καὶ

299 2674 426 2764 αὒῐθι,
452 2690 606 2779 λέγονται
627 2691 721 2780 παρὰ
742 2699 802 2762 τοῦ
824 2691 980 2763 διακόνου
1001 2694 1058 2762 καί
1078 2693 1121 2762 τὰ
1142 2691 1302 2781 επόμενα.

370 2791 479 2869 Ὅσοι
504 2791 786 2892 κατηχούμενοι,
823 2799 1039 2894 προέλθετε·
1073 2800 1109 2874 οἱ
1133 2793 1416 2895 κατηχούμενοι,
1443 2797 1562 2898 προέλ

297 2897 402 2970 θετε·
440 2894 520 2970 ὅσοι
553 2897 644 2994 πρὸς
675 2895 718 2973 τὸ
752 2896 941 3028 φοίτεσμα,
978 2901 1194 2998 προέλθετε·
1231 2899 1456 2984 ευξασθε“
1420 2929 1456 2974 οι
1481 2899 1563 2998 πρὸς

295 2994 339 3072 τὸ
365 2991 560 3095 φαίτισμα·
586 3003 654 3074 τοῦ
678 2999 824 3129 Κυρίου
850 2998 1060 3098 (λεηθιόμεν.

383 3099 431 3175 Οἱ
456 3099 590 3188 πιστοὶ,
617 3099 721 3198 ὑπὲρ
735 3111 814 3179 τῶν
838 3103 930 3200 πρὸς
954 3101 1049 3179 τὸ“
1024 3132 1133 3233 αγιον
1159 3099 1335 3203 φώτισμα
1360 3101 1559 3197 εὐτρεπιζο-

295 3228 422 3376 gemm(
448 3199 635 3300 ἀδελφῶν,
662 3203 824 3311 καὶτῆς
840 3205 1023 3303 σωτηρίας
1048 3205 1188 3296 αὐτῶν,
1220 3212 1289 3280 τοῦ
1314 3203 1459 3302 Κυρίου
1485 3202 1560 3300 δεη-

329 3329 441 3398 οιμεν

367 3403 495 3488 Ὅπως
519 3399 701 3502 Κύριος
682 3435 702 3480 ο
724 3407 856 3492 Θεὸςε
834 3415 944 3504 ημῶν
970 3407 1118 3506 στηρίξη
1145 3405 1293 3496 αὐτους,
1319 3405 1426 3484 καλέ
1409 3405 1559 3482 ἐ-νδυνα

294 3500 418 3600 μοίση,
443 3513 512 3580 τοῦ
536 3507 683 3636 Κυρίου
706 3506 917 3605 ἀεηθῶμεν.

379 3606 533 3702 Φωτίση
570 3607 707 3694 αὐτοὺς
743 3618 926 3710 φωτισμῷ
962 3606 1136 3712 γνώσεως
1167 3609 1231 3684 καὶ
1254 3608 1465 3722 εὐσεβείας,
1497 3613 1557 3682 τοῦ

295 3705 438 3804 Κυρίου
465 3705 678 3838 ‹56ququ

377 3805 597 3906 Καταξιαίση
634 3809 771 3896 αὐτοὺς
805 3814 846 3888 έν
880 3818 998 3910 καιροῦ
1034 3809 1178 3910 εὐθέτῳ
1213 3817 1283 3886 τοῦ
1318 3818 1477 3908 λουτροῦ
1500 3816 1556 3904 τῆς

294 3911 583 4040 παλιγγενεσίας,
609 3919 674 4008 τῆς
698 3913 865 4012 ἀφέσεως
888 3921 967 3989 τῶν
991 3911 1201 4010 ἁμαρτιῶν,
1226 3911 1289 3987 καὶ
1314 3941 1385 3988 του
1365 3908 1555 4010 &evam

295 4039 357 4096 τος
381 4019 445 4110 τῆς
471 4013 702 4112 ἀφθαρσίας,
729 4024 798 4090 τοῦ
824 4015 967 4112 Κυρίου
993 4013 1228 4142 (λεηθῶμεν.

364 4113 614 4217 Ἀναγεννήση
649 4116 786 4202 αυτοὺς
811 4115 855 4192 δι’
885 4114 1023 4201 ὕδατος
1047 4116 1110 4192 καὶ
1136 4111 1358 4212 πνεύματος,
1394 4122 1462 4190 τοῦ
1486 4119 1554 4188 Κυ-

294 4215 378 4324 ρίου
405 4214 615 4316 (λεηθῶμεν.

338 4319 587 4414 Χαρίσηται
624 4317 751 4404 αὐτοῖς
775 4319 844 4418 τὴν
869 4314 1074 4424 τελειότητα
1100 4348 1165 4416 της
1189 4316 1357 4407 πίστεως,
1393 4326 1461 4393 τοῦ
1484 4321 1552 4390 Κυ·

294 4417 386 4515 ρίου
403 4417 612 4516 δεηθῶμεν.

348 4517 727 4647 Συγκαταριθμήση
765 4521 956 4606 αὐτοὺςτ
957 4519 1113 4624 ῇὰγίηι
1150 4519 1269 4597 αὑτοῦ
1312 4518 1376 4596 καὶ
1418 4517 1549 4608 ἐκλεκτῇ

293 4620 445 4719 ποίμνη,
471 4630 539 4699 τοῦ
566 4624 707 4723 Κυρίου
732 4622 944 4722 δεηθοιμεν.
