3336 5302
931 435 1005 512 456

407 621 472 697 Pro
497 618 877 695 nomino'sancussimo
904 635 1019 696 nostro
1042 621 1232 695 Patriarcha
1259 623 1441 722 (Narcisso)
1467 649 1523 722 pro
1546 651 1588 698 sa·

330 727 398 800 lute
426 738 460 798 et
487 724 715 822 redemptione
742 725 872 796 animae
899 725 981 798 eius.
994 723 1016 821 ¹)

407 827 470 900 Pro
498 827 748 923 archiepiscopo
771 838 902 900 nostro.

407 928 471 1002 Pro
491 927 646 1001 omnibus
663 927 874 1020 WartabedS,
901 927 1154 1020 Sacerdotibus,
1179 926 1351 1024 Diaconis,
1371 926 1587 1022 Subdiaconis‚

295 1057 301 1074 ·
332 1043 365 1104 et
391 1031 481 1103 omni
511 1028 642 1124 clero.²)

406 1131 471 1206 Pro
500 1133 715 1229 [imperatore
742 1141 776 1202 et
801 1131 1011 1226 imperatoris
1038 1132 1156 1246 stirpe]
1184 1131 1304 1228 petatio
1331 1143 1365 1204 et
1390 1127 1566 1226 exercitat

407 1235 472 1306 Pro
507 1233 680 1306 animabus
714 1232 958 1348 defunctorum,
995 1258 1079 1330 quae
1107 1234 1140 1304 in
1168 1256 1244 1304 vera
1271 1243 1304 1304 et
1329 1231 1512 1306 orthodoxa
1534 1233 1586 1305 tide

331 1335 595 1426 obdormierunt,
623 1333 836 1430 requiescant
860 1333 895 1406 in
924 1333 1068 1408 Christo.

407 1438 451 1509 Et
477 1439 597 1509 iterum
623 1459 683 1532 pro
712 1435 836 1507 unitate
863 1459 959 1507 verae
987 1447 1020 1508 et
1045 1447 1177 1509 sanctae
1204 1434 1293 1508 fidei.

408 1539 638 1635 Nosmetipsos
666 1537 806 1609 invicem
833 1539 1105 1612 commandamus
1132 1537 1204 1629 tibi,
1230 1536 1373 1609 Domine
1395 1536 1586 1632 omnipotens

332 1640 434 1712 Deus.

411 1741 550 1814 Chorus.
603 1739 742 1812 Nosmet
768 1739 859 1836 ipsos
886 1739 947 1812 tibi
975 1739 1258 1834 commendamus,
1285 1730 1438 1813 Domine.

408 1842 589 1916 Diaconos.
643 1840 715 1913 Una
740 1865 820 1912 voce
848 1841 1015 1914 dicamus:
1043 1842 1080 1914 ln
1106 1842 1336 1937 magnitudine
1355 1837 1582 1913 misericordiae

331 1955 420 2038 tuae,
448 1945 609 2016 miserore
635 1943 733 2016 nobis
759 1943 913 2036 Domine,
940 1943 1032 2016 Deus
1059 1955 1183 2017 noster.

412 2045 551 2117 Chorus.
604 2044 746 2117 Domine
773 2046 933 2118 miserere
960 2056 1023 2118 ter.

408 2143 589 2219 Diaconos.
643 2146 785 2218 Domine
811 2146 962 2219 benedic.

409 2247 576 2321 Sacerdos
610 2248 768 2322 attollens
801 2273 919 2321 mnus
952 2249 1035 2321 dicit
1068 2257 1217 2321 secreto:
1258 2245 1402 2318 Domina
1428 2246 1513 2318 Deus
1535 2266 1582 2313 no·

332 2360 401 2422 ster
427 2349 667 2422 intentissimas
678 2348 701 2445 4)
729 2350 928 2422 famulorum
955 2361 1089 2423 tuorum
1115 2350 1247 2445 suscipe
1273 2371 1390 2445 preces
1426 2357 1458 2419 et
1485 2367 1583 2418 secun·

333 2451 412 2523 dum
446 2451 692 2524 multitudinem
724 2451 976 2524 misericordiae
1013 2463 1089 2524 tuae
1124 2451 1285 2524 miserere
1318 2449 1417 2522 nobis
1450 2472 1487 2520 ac
1509 2445 1581 2518 omni

331 2553 452 2649 populo
482 2563 551 2644 tuo,
579 2554 636 2650 qui
662 2553 818 2625 fiduciam
845 2577 941 2626 suom
965 2555 1062 2650 ponit
1086 2553 1121 2624 in
1148 2552 1348 2625 abundantia
1376 2551 1582 2646 gratiae-tuae.

332 2653 434 2725 diluta
468 2678 566 2726 voce:
599 2653 763 2738 Quoniam
796 2655 887 2728 Deus
921 2655 1112 2728 misericors
1146 2679 1182 2727 es
1217 2663 1250 2727 et
1276 2654 1442 2748 benignus
1469 2661 1499 2723 et
1522 2651 1582 2722 ideo

332 2764 388 2827 tua
415 2765 465 2826 est
492 2755 609 2850 gioria,
637 2755 744 2829 honor
770 2768 803 2828 et
828 2757 975 2854 potentia
1002 2758 1036 2830 in
1063 2757 1194 2830 saecula
1216 2756 1437 2829 saeculorum.
1486 2755 1582 2826 Amen.

411 2856 541 2930 OErorue
567 2867 681 2930 cuntot
707 2857 878 2932 Psalmnm
904 2859 1015 2958 officio
1041 2860 1295 2932 couvenientes.

409 2958 524 3032 Lectio
550 2958 762 3056 Prophetico.

370 3054 522 3132 Lectio
547 3060 709 3158 Apostoli.
762 3062 807 3134 Et
834 3061 974 3134 lectione
998 3063 1095 3160 finite
1120 3061 1256 3134 conitm
1280 3058 1439 3132 Alleluia.

409 3161 496 3233 Dein
513 3161 680 3235 Sacerdos
698 3189 877 3236 conuersus
895 3163 940 3236 od
952 3163 1115 3262 populum
1132 3163 1243 3258 eipnot
1260 3185 1334 3234 eum
1352 3184 1452 3234 craece
1469 3158 1583 3229 dicam

409 3263 477 3336 Pax
501 3264 595 3336 robis
628 3266 793 3338 omnihus.

412 3365 551 3440 Chorus.
604 3365 746 3464 Etcum
775 3367 893 3464 spiritu
920 3378 989 3439 tuo.

409 3467 590 3541 Diaconos.
642 3448 763 3540 Audite
800 3468 908 3540 devoti
946 3478 1096 3540 sanctum
1124 3465 1329 3561 evangelium
1355 3456 1582 3538 secundumN.

334 3568 421 3665 quod
449 3568 542 3640 robis
568 3569 700 3666 legitur.

333 3729 643 3742 ————-——

422 3805 445 3864 1)
462 3805 514 3856 AC:
534 3807 580 3856 rur
599 3821 688 3856 unsara
708 3807 811 3868 heiligen
831 3806 904 3871 Papst
921 3806 966 3856 dau
987 3807 1063 3856 Herrn
1082 3805 1144 3866 (hier
1163 3805 1206 3854 der
1223 3803 1307 3859 tremat
1326 3804 1374 3854 and
1394 3817 1480 3853 unsara
1497 3798 1581 3850 Patriu-
1645 3783 1646 3847 )

336 3891 405 3948 chen,
430 3891 489 3941 oder
512 3891 655 3942 Erabischot
677 3893 737 3943 oder
760 3892 867 3954 Dicetur,
890 3891 936 3944 den
960 3891 1039 3942 Herna
1065 3891 1128 3948 thiar
1145 3890 1188 3940 der
1206 3890 1290 3946 Naana)
1308 3888 1384 3938 lassat
1402 3903 1447 3938 ans
1464 3886 1506 3936 dan
1522 3883 1582 3932 deut

334 3975 418 4025 hitten.

420 4075 446 4136 2)
465 4075 615 4138 Wartabada,
632 4091 676 4126 sax
692 4077 728 4126 ret
747 4078 852 4142 quiaque
868 4077 983 4141 Episcopi
1002 4085 1025 4126 at
1043 4075 1159 4126 ecclesiae
1177 4076 1300 4134 doctores,
1317 4075 1358 4138 qni
1377 4089 1422 4124 aaa
1445 4086 1495 4123 coar
1511 4066 1582 4118 tatto·

334 4161 381 4211 lico
400 4162 612 4210 totitrraeoorom
630 4161 747 4211 ecelesiae
766 4163 902 4212 consuiant.
937 4161 989 4212 AG:
1006 4161 1054 4210 rar
1072 4160 1219 4220 distanter,
1239 4161 1351 4220 Prieater,
1370 4159 1496 4216 Diaaooea,
1511 4153 1581 4202 Laeto·

334 4260 377 4296 ren
397 4246 446 4296 nod
464 4247 502 4295 ior
520 4245 567 4295 atta
585 4245 674 4294 ltinder
691 4246 734 4295 dar
753 4247 837 4297 tttrcae
856 4247 932 4296 lasset
949 4261 994 4296 uos
1012 4245 1058 4295 den
1077 4245 1154 4295 Derrn
1173 4245 1256 4294 tritten.

420 4346 444 4400 3)
470 4347 522 4396 att:
548 4346 595 4395 Far
617 4346 664 4395 atta
688 4346 806 4398 tromman
825 4348 915 4410 ttonige
942 4347 990 4396 aud
1014 4345 1192 4408 gotttieheudaa
1212 4345 1322 4404 foratae,
1345 4337 1582 4394 infortunatum
1643 4408 1644 4418 ἵ

336 4431 386 4482 und
405 4430 456 4480 ihre
475 4430 552 4480 iieera
571 4430 646 4481 lasset
664 4445 709 4480 ans
728 4432 775 4480 deu
793 4431 870 4481 Horra
889 4433 971 4482 bitten.

420 4531 445 4589 4)
463 4531 572 4581 stant:
591 4531 647 4594 „die
666 4529 709 4582 mit
727 4543 920 4597 anagaspannten
938 4537 1025 4582 armen
1043 4533 1200 4581 rerrichteten
1219 4530 1307 4589 Gebala
1325 4527 1409 4579 daioer
1427 4521 1529 4578 Diearr“
1543 4513 1581 4566 Sed

337 4617 437 4664 maxima
460 4615 539 4664 atticis
562 4622 599 4665 est
621 4615 722 4666 cottecta
741 4615 912 4681 Chrysostomo
937 4631 960 4681 p.
980 4615 1043 4668 348:
1073 4607 1194 4684 Κύριε
1183 4631 1198 4664 o
1219 4605 1322 4669 Osdc‘
1308 4609 1390 4678 ημῶν
1412 4605 1459 4674 τὴν
1479 4595 1583 4657 tarent

337 4693 437 4760 ταύτην
453 4697 561 4747 ἱκεσίαν
577 4697 634 4747 κτλ.
