3368 5308
696 431 769 517 519

92 636 148 726 τῷ
172 625 292 724 κυρίῳ
324 625 443 704 αὐτοῦ
461 625 588 702 ’ίσαάκ
604 631 795 754 γυναῖκα,
828 625 892 703 καὶ
927 621 992 703 διά
1018 627 1202 723 μεσιτείας
1226 628 1343 730 ὑδρ’
1301 659 1364 707 ευ-

94 754 187 813 σεως
211 727 613 826 ἀρραβωνίσασθαι
575 757 644 825 την
659 729 855 857 Ῥεβέκκαν
872 727 1137 830 ἀποκαλύψας,
1164 731 1276 818 αὑτὸς
1301 734 1364 808 εὐ-

92 828 263 960 λόγησον
286 829 354 906 τόν
385 829 587 928 ἀρραβῶνα
620 837 699 906 τῶν
731 823 881 907 δούλων
896 857 988 921 Ισου,
1019 830 1132 907 τοῦδε
1156 861 1219 908 και
1207 831 1360 930 τῆςδε.

92 933 168 1007 Καὶ
194 929 367 1064 ρτήριξον
390 931 458 1008 τὸν
482 931 571 1030 παρ’
602 929 729 1017 αὐτοῖς
753 932 963 1062 λαληθέντα
975 930 1111 1062 λόγον.
1138 933 1363 1032 Βεβαίωσον

92 1033 234 1118 αὐτούς
264 1041 311 1130 τῇ
336 1032 440 1131 παρὰ
466 1041 536 1110 σοῦ
537 1031 651 1162 ἁγίᾳ
677 1035 833 1162 ἑνότητι,
868 1032 916 1112 σὺ
939 1031 1013 1137 γὰρ
1040 1033 1105 1110 ἀπ
1136 1035 1250 1134 ἀρχῆς
1275 1033 1362 1134 ἐ-δη

91 1131 323 1266 μεούργησας
348 1137 463 1229 ἀρσεν
486 1133 549 1210 καί
573 1139 688 1232 θῆλυ,
713 1135 777 1210 καί
802 1135 904 1235 παρὰ
930 1144 1000 1212 σοῦ
1026 1133 1226 1262 ἁρμόζεται
1247 1137 1363 1268 ἀνδρὶ

89 1236 192 1364 γυνὴ
215 1242 266 1322 είς
278 1234 474 1368 βοήθειαν
496 1265 563 1312 και
550 1235 770 1334 διαδοχὴν
789 1237 1010 1366 τοῦγένους
1029 1245 1109 1314 τῶν
1130 1236 1360 1368 ἀνθρώπων.

89 1265 218 1423 Αὐτὸς
251 1334 333 1428 οὖν,
368 1335 547 1435 Κύριε,ε
528 1369 549 1414 ο
578 1337 718 1423 Θεὸς
696 1347 819 1436 ηρυῖιν,
852 1339 1154 1425 ὃέξαποστείλας
1177 1341 1247 1437 τὴν
1272 1337 1363 1438 ἀλή-

90 1445 207 1514 θειαν
223 1439 290 1515 ἐπὶ
314 1438 384 1536 τὴν
407 1438 659 1568 κληρονομίαν
684 1465 767 1530 σου,
791 1441 855 1516 καὶ
869 1440 949 1538 τὴν
972 1440 1194 1569 ἐπαγγελίαν
1213 1467 1282 1518 σου
1303 1441 1363 1518 ἐπὶ

89 1541 179 1626 τοὺς
203 1539 362 1625 δούλους
387 1565 469 1671 ρου,
494 1540 583 1627 τοὺς
605 1542 765 1640 πατέρας
788 1541 898 1639 ἡμῶν
923 1547 974 1626 εἰς
997 1544 1091 1618 καθ’
1121 1539 1280 1640 ἑκάστην
1301 1573 1364 1646 γε·

90 1643 184 1718 νεάν
207 1643 273 1717 καὶ
297 1641 430 1772 γενεάν
453 1643 550 1772 τρὺς
562 1641 750 1727 ἐκλεκτούς
770 1666 853 1732 σου,
879 1642 1121 1770 ἐπέβλεψαν
1104 1643 1164 1720 επὶ
1182 1643 1251 1720 τὸν
1272 1644 1364 1721 δοῦ-

91 1741 159 1819 λόν
176 1769 260 1834 σου,
281 1743 403 1832 τόνδε,
426 1745 490 1818 καὶ
510 1745 580 1842 τὴν
600 1742 739 1872 δούλην
759 1769 842 1830 σου,
868 1741 993 1842 τήνδε,
1018 1774 1082 1820 και
1070 1742 1332 1842 στήριξσν
1294 1775 1363 1822 τον

91 1841 298 1974 ἀρραβῶνα
330 1845 472 1934 αὐτῶν,
504 1849 546 1923 ἐν
577 1845 697 1920 πίστει
727 1844 792 1920 καὶ
822 1844 980 1975 ὁμονοίᾳ
1010 1845 1076 1921 καὶ
1108 1847 1267 1944 ἀληθείᾳ
1298 1847 1364 1923 καὶ

90 1944 231 2074 ἀγρίπῃ.
276 1946 340 2022 Σὺ
363 1945 451 2049 γὰρ,
476 1944 602 2047 Κύριε,
628 1946 819 2032 ὑπέδειξας
844 1944 1090 2025 δεδόσθαι
1051 1975 1120 2022 τον
1144 1949 1363 2074 ἀρραβῶνα,

89 2077 156 2124 και
142 2047 422 2176 στηρίζεσθαι
447 2051 489 2124 ἐν
513 2047 637 2124 παντί.
664 2047 739 2123 Διά
763 2047 1048 2126 δακτυλιδίουέ
1031 2046 1190 2146 ἐδόθη“
1169 2080 1193 2146 η
1214 2050 1363 2135 εξουσία

89 2159 146 2247 τῷ
158 2145 298 2248 Ἰωσὴφ
321 2153 363 2225 ἐν
382 2147 576 2281 Αλγύπτρι,
601 2148 666 2225 διά
688 2148 930 2226 δαντυλεδίου
950 2147 1139 2280 ἐδοξάσθη
1161 2151 1302 2280 Δανιὴλ
1322 2155 1365 2227 ἐν

87 2249 201 2349 χιόρᾳ
214 2253 459 2349 Βαβυλῶνος,
482 2251 547 2329 διά
567 2249 809 2380 δακτυλιδίρυ
829 2250 1098 2382 ἐφανερώθη
1076 2282 1111 2380 η
1121 2249 1280 2350 ἀλήθεια
1298 2261 1363 2350 τῆς

94 2351 244 2450 θύμαρ,
277 2351 341 2428 διά
366 2351 653 2429 δακτυλιδίσυ*
634 2383 655 2428 o
680 2353 801 2450 πατὴρ
825 2353 982 2450 ημῶνό
983 2349 1190 2482 οὐροίνιος
1226 2353 1364 2453 οἰκτίρ-

90 2483 177 2550 μων
205 2483 358 2585 γεγονεν
383 2455 441 2530 ἐπι
465 2454 534 2532 τὸν
557 2456 659 2530 υἱὸν
668 2455 797 2530 αὐτοῦ.
823 2452 930 2532 Δότε
943 2452 1030 2558 γοίρ,
1057 2480 1176 2584 ψησι,
1182 2453 1364 2531 δακτυλί-

91 2555 179 2632 διον
210 2557 270 2630 ἐπὶ
302 2555 371 2653 τὴν
403 2554 530 2642 δεξιὰν
565 2557 699 2646 αὐτοῦ,
729 2557 794 2633 καὶ
818 2553 1008 2642 θύσαντες
1032 2557 1100 2633 τὸν
1126 2554 1270 2653 μόσχον
1295 2556 1363 2632 τὸν

91 2656 274 2748 σιτευτόν,
301 2654 486 2787 ψαγόντες
510 2657 801 2755 εὐφρανθῶμεν.
826 2657 979 2756 Αύτη
957 2689 980 2757 η
1004 2655 1106 2744 δεξιό
1128 2683 1211 2748 σου,
1235 2656 1364 2756 Κύριε,

90 2759 158 2836 τὸν
174 2759 351 2888 Μωῦσὴν
371 2759 765 2858 ἐστρατοπαίδευσεν’
749 2788 790 2836 εν
812 2763 963 2890 ἐρυθρᾷ
981 2757 1169 2858 θαλάσση.
1196 2760 1269 2836 Διά
1289 2760 1363 2890 γὰρ

88 2869 159 2936 τοῦ
186 2857 299 2964 λόγου
326 2885 396 2936 σου
420 2869 490 2936 τοῦ
515 2863 762 2958 ἀληθινοῦ”
727 2891 761 2936 οι
788 2861 944 2960 οὐρανοι
969 2860 1264 2960 ἐστερεώθησαν,
1300 2891 1365 2938 και

89 2963 112 3060 ἡ
137 2971 187 3065 γῆ
212 2959 459 3059 ἐθεμελιῶθη,
484 2962 548 3038 καί
572 2994 596 3059 η
581 2961 717 3048 ‘We
665 2967 724 3048 ξια
747 2971 827 3039 τῶν
851 2963 1001 3040 δούλων
1025 2988 1096 3040 σου
1116 2961 1365 3090 εύλογηθήσε-
1374 3054 1378 3063 Δ

90 3092 166 3152 ται,
199 3072 255 3161 τῷ
287 3061 387 3195 λργψ
421 3088 490 3140 σου
522 3072 578 3192 τρῖ
610 3071 790 3190 κραταιῷ,
825 3064 890 3140 καὶ
919 3074 975 3161 τῷ
1010 3063 1186 3162 βραχίονί
1212 3090 1281 3140 σου
1307 3074 1363 3162 τῶ
1400 3082 1404 3091 “

88 3165 238 3292 ὑψηλῷ.
263 3165 387 3250 Αὐτὸς
412 3161 482 3241 οὖν
506 3165 571 3240 καί
595 3173 680 3254 νῦν,
718 3164 893 3254 δέσποτα,
926 3163 1192 3267 εὐλόγησεν
1155 3193 1197 3239 το
1223 3137 1365 3241 δακτύ-

91 3266 268 3342 λοθεσιον
292 3275 404 3343 τοῦτο
431 3267 604 3369 εὐλογίαν
626 3265 821 3396 οὐράνιον,
846 3267 910 3342 καὶ
932 3269 1086 3394 ἄγγελος
1106 3264 1249 3364 Κυρίου
1272 3295 1365 3363 προ

89 3369 310 3466 πορευέσθω
343 3369 560 3464 ἔμπροσθεν
592 3367 721 3444 αὐτῶν
753 3367 875 3454 πόσας
909 3367 1031 3454 τὰς’
1010 3367 1148 3468 ηιιίρας
1184 3375 1244 3464 τῆς
1270 3367 1367 3465 ζωῆς

89 3471 234 3548 αὐτῶν.

163 3605 249 3683 Οτι
282 3603 330 3680 σὺ
363 3601 446 3680 τῖ’
427 3634 447 3680 ο
481 3603 647 3732 εὐλογῶν
679 3603 742 3680 καὶ
756 3602 942 3733 ἁγιάζων
973 3603 1021 3678 τά
1054 3599 1268 3702 σύμπαντα,
1301 3602 1364 3681 καὶ

91 3708 150 3784 σοὶ
176 3707 246 3804 τὴν
272 3703 434 3792 δόξαν’
414 3705 692 3834 αναπίυπρμεν,
718 3715 772 3804 τῷ·
799 3707 924 3807 πατρὶ,
950 3706 1013 3783 καὶ
1038 3715 1093 3804 τῷ
1114 3707 1200 3805 υἱῶ,
1226 3705 1290 3782 καὶ
1311 3715 1365 3804 τῷ

91 3809 187 3912 ἁγίῳ
212 3804 410 3900 πνεύματι,
437 3816 510 3884 νῦν
534 3807 597 3884 καὶ
624 3807 695 3897 ἀει,
726 3807 790 3884 καὶ
815 3815 866 3894 εἰς
891 3808 978 3894 τοὺς
1004 3813 1145 3894 αέῶνας
1169 3817 1248 3886 τῶν
1273 3807 1366 3884 αλῶ-

92 3940 183 3988 νων.
229 3907 353 4007 Ἀμής

175 4053 262 4129 Εἶτα
283 4057 423 4150 ἐκτενης,
444 4057 501 4128 καί
522 4054 698 4139 ἀπόλυσις.

91 4321 141 4372 ιλιι
157 4319 198 4370 the
217 4319 372 4382 bridegroom
392 4326 455 4370 must
473 4317 539 4368 λεεεσ
559 4326 583 4368 ιο
601 4317 782 4370 accommodate
800 4319 898 4370 himself
914 4326 938 4370 ιο
959 4318 998 4368 the
1015 4317 1139 4370 ειελοεει
1158 4317 1185 4368 ot
1202 4305 1304 4376 ποτἰεο,
1323 4330 1365 4366 τε·

91 4403 220 4469 presented
240 4403 269 4468 by
288 4405 374 4468 εἱΙιεε;
393 4404 432 4455 ιλιι
451 4403 519 4456 bride
536 4403 617 4454 obtain
634 4405 776 4468 ροεεεεελοο
795 4404 822 4453 ολ
838 4403 870 4454 ull
890 4403 933 4454 Ιιιε
951 4401 1084 4454 όυεΙιεσδι
1102 4401 1188 4464 seoda,
1207 4416 1235 4453 τε
1252 4401 1366 4453 εειῐωιλ

93 4489 121 4554 λι]
138 4490 204 4554 gold.
