3416 5290
941 403 1015 478 660

416 580 573 668 ’Ἀνοιξον
593 583 637 652 τά
655 590 717 673 τῆς
735 583 889 670 καρδίας·
895 606 957 654 σου
978 577 1058 665 dra,
1081 581 1219 676 άδελφό,
1241 585 1299 656 καλ
1312 577 1457 654 άκσυσον
1468 595 1530 678 τῆς
1543 611 1616 679 φα-

340 693 399 778 νῆς
423 692 483 758 τοῦ
504 685 633 776 Κυρίου
660 682 833 778 λεγούσης·
858 691 966 756 Δεῦτε
986 685 1074 776 πρός
1093 711 1136 772 με
1156 683 1282 770 πάντες
1302 684 1337 756 σί
1356 696 1544 770 κοπιῶντες
1562 692 1617 760 καί

339 787 606 879 πεφορτισμένοι
629 793 706 870 ταῖς
732 783 923 876 ἁμαρτίαις,
949 784 1034 876 κάγώ
1067 783 1254 858 άναπαῦσω
1281 785 1377 874 δμᾶς.
1410 783 1540 878 ’Ἀρατε
1560 791 1615 860 τόν

341 887 436 978 ζυγόν
461 913 528 976 μου
555 885 609 980 ἐφ’
632 885 719 974 ὑμᾶς
745 888 803 959 καί
823 885 954 976 μάθετε
976 883 1036 963 ἀπ’
1058 887 1152 976 ἐμοῦ,
1180 886 1235 958 ότι
1255 895 1367 982 πρᾷος
1388 888 1460 978 είμί
1478 892 1539 962 καί
1558 919 1617 962 τα-

338 988 456 1075 πεινός
481 995 522 1082 τῇ
546 987 669 1116 καρδίᾳ
696 989 753 1059 καί
761 987 928 1118 ‚⁸⁶56W
949 986 1138 1060 ἀνάπαυσιν
1158 995 1234 1072 ταῖς
1253 997 1379 1082 ψυχαῖς
1398 987 1504 1077 δμῶν.
1547 1001 1618 1062 Νῦν

340 1085 400 1162 σόν
419 1091 479 1182 τὴν
484 1089 730 1206 προςήκουσαν
751 1089 932 1179 ἀπόκρισιν
952 1089 1040 1181 πρός
1061 1087 1200 1183 ἑκάστην
1221 1097 1287 1161 τῶν
1307 1091 1512 1181 ἐρωτήσεων,
1533 1095 1617 1181 μετὰ

341 1191 451 1286 φόβου
472 1219 529 1262 και
548 1200 653 1284 χαράς
674 1189 805 1275 άπόδος
825 1219 873 1285 τᾳι
857 1199 983 1284 ’Θεῷ·
1003 1185 1243 1285 Ἀσφαλῶς’
1202 1219 1261 1263 ουν
1277 1189 1425 1282 γινωσκε,
1448 1191 1562 1264 ὅντ’
1519 1195 1619 1322 ᾳυτός

340 1291 545 1385 όΣανιὴρ(
524 1302 618 1384 ημῶν
644 1295 730 1382 μετὰ
750 1303 810 1386 τῆς
829 1291 1044 1385 παννμνήτου
1067 1291 1169 1364 αὑτοῦ
1197 1295 1323 1386 μητρὸς
1348 1295 1494 1373 καὶτῶν
1516 1293 1616 1386 ἁγίων

341 1393 487 1486 ἇγγόλων
510 1396 569 1466 καί
596 1395 732 1464 πάντων
752 1404 817 1466 τῶν
839 1393 1003 1486 οἰγίοινε
963 1401 1066 1466 αυτοῦ
1088 1395 1238 1466 ἐνταῦθα
1259 1393 1433 1484 πάρεστιν,
1462 1397 1616 1482 ἐνωτιζό-

338 1522 439 1585 μενος
459 1497 502 1567 τὰ
523 1499 618 1586 παρὰ
639 1505 701 1567 σοῦ
722 1496 969 1585 ἐκπορευόμενα
989 1495 1098 1586 λόγια,
1124 1499 1189 1580 ἵνα,
1212 1496 1292 1567 όταν
1311 1495 1397 1590 ἔλθη
1411 1505 1526 1590 κρῖναι
1540 1500 1617 1583 ζῶν-

339 1625 401 1681 τας
426 1597 484 1668 καί
511 1597 653 1688 νεκροὺς,
682 1594 845 1692 όποδώση
873 1623 939 1682 σοι,
969 1595 1008 1668 οδ
1035 1596 1115 1669 καθ’
1144 1591 1319 1686 όμέλλεις
1339 1605 1543 1690 συνταγῐγναι
1562 1599 1616 1669 καί

340 1703 627 1790 καθομολογῆσαι,
650 1697 735 1770 άλλά
755 1699 834 1771 καθ’
858 1694 878 1772 ὃ
900 1697 941 1770 δυ
962 1697 1138 1791 φυλάξαις,
1160 1694 1183 1768 ίλ
1205 1697 1434 1790 ὁμολογήσεις.
1466 1705 1542 1770 Νῦν
1553 1695 1616 1783 σόν,

341 1799 373 1872 εί
400 1802 436 1872 όν
462 1798 610 1894 άληθείᾳ
636 1803 799 1895 πρσςίργη
828 1807 876 1892 τῷ
900 1807 986 1892 Θεῷ,
1013 1803 1099 1888 μετὰ
1126 1810 1292 1893 προςοχῆς
1318 1799 1506 1894 ἀποκρίνου
1532 1801 1616 1894 ἡμῖν,

341 1905 429 1994 πρός
450 1897 472 1973 6
492 1905 627 1990 μέλλεις
648 1905 897 1995 ἐπερωτᾶσθαι.

424 2001 611 2096 Ἐρώτησις.
656 2003 700 2073 Τί
726 2007 927 2095 προςῆλθες,
950 2001 1087 2096 άδελφδ,
1115 2002 1338 2095 προςπίπτιον
1363 2009 1411 2094 τη·
1442 2002 1528 2096 ἁγίῳ
1555 2013 1617 2076 θυ-

341 2103 523 2196 σιαστηρίῳ
545 2109 601 2176 καί
621 2113 662 2198 v?
683 2103 762 2199 άγίᾳ
782 2103 922 2198 συνοδίᾳ
942 2107 1065 2198 ταύτης

424 2201 630 2296 Ἀπόκρισις.
672 2215 802 2278 Ποθών
822 2209 881 2279 τόν
901 2204 977 2294 βίον
997 2213 1056 2298 τῆς
1078 2203 1256 2297 ἀσκήσεως,
1277 2205 1368 2291 τίμιε
1389 2208 1511 2298 πάτερ.

425 2305 612 2400 Ἐρώτησις.
653 2314 788 2391 Ποθεῖς
809 2306 999 2400 ἀξιωθῆναι
1019 2318 1080 2380 τοῦ
1102 2307 1275 2399 άγγελικοῦ
1295 2307 1465 2400 σχήματος
1486 2312 1543 2380 καὶ
1561 2339 1618 2381 κα-

342 2417 526 2500 ταταγῆναι
546 2411 582 2481 όν
602 2415 649 2502 τῷ
669 2416 757 2500 χορῷ
779 2419 845 2480 τῶν
864 2409 1092 2498 μοναζόντοινς

424 2509 632 2602 Ἀπόκρισις.
673 2513 837 2594 Ναί,τοῦ
861 2518 950 2583 Θεοῦ
970 2520 1211 2604 συνεργοῦντος,
1236 2511 1326 2600 τίμιε
1347 2511 1467 2602 πάτερ.

894 2679 932 2751 ‘0
955 2679 1071 2772 λερεός.

421 2809 550 2896 Ὄντως
581 2815 683 2884 καλὸν
711 2811 806 2904 ἔργον
832 2815 1080 2906 καὶμακάριον
1108 2817 1262 2900 ἐξελέξω,
1295 2813 1367 2885 ἀλλ’
1397 2817 1459 2886 ἐὰν
1483 2820 1543 2888 καί
1567 2843 1616 2887 τε·

342 2913 495 3008 λιιώσης.
547 2917 599 2984 Τό
633 2915 695 3006 γὰρ
730 2918 818 2987 καλό
852 2915 932 3007 ἔργα
967 2917 1063 3010 κόπῳ
1097 2926 1240 2990 κτῶνται
1274 2919 1332 2988 καί
1366 2917 1465 3010 πόνῳ
1501 2945 1614 3010 κατορ-

343 3025 498 3090 θοῦνται.

425 3116 612 3209 Ἐρώτησις.
651 3115 805 3211 Ἐκαυσίᾳ
825 3144 887 3189 σου
908 3128 948 3211 τῇ
969 3118 1079 3212 γνώμη
1101 3120 1265 3213 προςέρχη
1289 3126 1335 3210 τῷ
1358 3119 1495 3212 Καρίης

423 3217 629 3308 Ἀπόκρισις.
657 3221 754 3303 Ναί,
775 3229 835 3292 τοῦ
859 3226 947 3291 Θεοῦ
968 3229 1211 3312 συνεργοῦντος,
1232 3221 1322 3310 τίμιε
1344 3222 1464 3312 πάτερ.

425 3317 613 3412 Ἐρώτησις.
655 3323 717 3410 Μὴ
742 3319 778 3392 ἔκ
798 3349 889 3404 τινος
911 3320 1051 3414 ἀνάγκης
1071 3321 1093 3413 ἢ
1114 3322 1209 3410 6669,-

424 3420 629 3514 Ἀπόκρισις.
676 3420 769 3509 Οὐχί,
790 3423 880 3510 τίμιε
900 3422 1019 3511 πάτερ.

425 3523 613 3616 Ἐρώτησις.
653 3525 868 3612 Παραμένεις
898 3529 945 3613 τῷ
978 3525 1189 3618 μσναστηρίηι
1223 3525 1282 3594 καί
1313 3533 1354 3616 τῇ
1382 3522 1524 3616 δοκήσει
1553 3525 1611 3606 ἓως

344 3623 483 3718 ἐσχάτης
503 3651 564 3694 σου
587 3622 755 3716 ἀναπνοῆς
762 3655 773 3710 ,·

425 3723 630 3816 Ἀπόκρισις.
673 3729 754 3808 Ναί,
776 3736 837 3797 τοῦ
860 3733 949 3798 Θεοῦ
970 3734 1211 3818 συνεργοῦντος,
1235 3725 1324 3816 τίμιε
1345 3724 1465 3816 πάτερ.

426 3825 612 3920 Ἐρώτησις.
659 3827 842 3911 Θυλάττεις
863 3829 1002 3899 σεαυτὸν
1023 3831 1058 3898 όν
1079 3829 1251 3923 παρθενίᾳ
1270 3831 1327 3900 καί
1347 3827 1548 3923 σωφρσσάνη
1561 3829 1611 3898 καί

344 3929 519 4023 εὐλαβείας

425 4030 630 4120 Ἀπόκρισις.
671 4032 754 4114 Ναί,
775 4039 835 4102 τοῦ
859 4035 948 4102 Θεοῦ
968 4039 1210 4120 συνεργοῦντος,
1234 4031 1324 4120 τίμιε
1344 4031 1465 4121 πάτερ.

426 4131 613 4224 Ἐρώτησις.
655 4131 780 4216 Σώζεις
805 4138 903 4222 μέχρι
929 4132 1081 4204 θανάτου
1108 4134 1167 4224 τὴν
1188 4131 1339 4225 διτανοὴν
1358 4140 1406 4224 τῷ
1427 4141 1610 4224 προεστῶτι

343 4235 401 4306 καί
422 4233 516 4326 πάσῃ
537 4241 577 4326 τῇ
598 4233 634 4304 όν
654 4241 792 4325 Χριστῷ
814 4233 1034 4327 ἀδελφότητι,Ι

424 4333 630 4424 Ἀπόκρισις.
671 4336 754 4418 Ναί,
774 4345 835 4406 τοῦ
858 4341 947 4406 Θεοῦ
968 4343 1210 4426 συνεργοῦντος,
1235 4333 1325 4423 τίμιε
1345 4335 1467 4428 πάτερ.

426 4433 613 4528 Ἐρώτησις.
652 4435 848 4525 Ὺπομένιις
868 4445 982 4507 πᾶσαν
1002 4435 1128 4528 θλίψιν
1147 4439 1205 4508 καί
1225 4436 1444 4526 στενοχωρίαν
1476 4443 1537 4510 τοῦ
1555 4463 1612 4525 μσ-

345 4536 463 4628 νήρους
482 4536 571 4624 βίου,
593 4540 652 4609 διὰ
672 4540 731 4629 τὴν
750 4538 925 4626 βασιλείαν
945 4547 1011 4608 τῶν
1033 4537 1198 4629 οδρανῶνς
1269 4593 1273 4600 .

427 4637 632 4738 Ἀπόκρισις.
675 4640 756 4724 Ναί,
779 4647 838 4710 τοῦ
862 4647 950 4710 Θεοῦ
971 4648 1212 4731 συνεργοῦντος,
1234 4639 1324 4726 τίμιε
1345 4636 1465 4730 πάτερ.
