3368 5308
333 579 393 628 nas
420 564 517 651 atque
544 551 770 629 immaculatus
792 573 908 624 manus
927 571 1017 645 suas,
1043 550 1226 643 benedixit,
1253 541 1377 646 gratim
1396 551 1475 647 egit,
1499 550 1593 647 fregit

335 656 489 752 deditque
516 653 639 728 sanctis
665 655 736 727 suis
762 652 934 749 discipulis
961 664 995 726 et
1020 653 1179 751 apostolis
1207 653 1340 726 dicens:

411 757 512 829 Eloto
537 779 636 830 ooce:
666 755 814 853 Accipite
841 768 875 827 et
899 756 1106 829 manducate.
1160 754 1231 828 Hoc
1256 766 1308 828 est
1334 777 1455 851 corpus
1480 777 1591 846 meum,
1656 795 1657 814 r

334 858 475 932 inactum
507 883 567 955 pro
600 858 694 931 vobis
720 868 755 931 et
779 880 839 953 pro
865 858 978 932 multis
1005 860 1039 931 in
1067 857 1288 955 expiationem
1314 868 1348 928 et
1372 857 1590 930 remissionem

333 971 556 1057 peecatorum.

415 1063 553 1136 Claros.
605 1061 723 1134 Amen.
733 1058 756 1156 ¹)

412 1157 592 1236 Diaconos.
646 1160 801 1255 Domine,
827 1162 979 1235 benedic.

414 1265 580 1338 Sacerdos
607 1275 753 1337 secreto:
780 1265 889 1337 Simili
910 1267 1039 1337 ratione
1057 1265 1185 1361 accepit
1202 1265 1337 1336 calicem
1368 1274 1401 1334 et
1428 1261 1590 1354 benedixit,

337 1376 460 1462 gratias
495 1365 575 1460 egit,
613 1366 758 1460 gustavit
791 1366 946 1462 deditque
980 1367 1103 1440 sanctis
1137 1366 1208 1438 suis
1235 1376 1268 1439 et
1294 1365 1408 1438 electis
1436 1364 1590 1510 discipulis

338 1493 452 1542 secum
479 1466 684 1560 sedentibus,
712 1467 845 1540 dicens:

414 1569 518 1642 Eloto
541 1593 641 1642 uoce:
673 1567 783 1642 Bibite
817 1593 857 1642 ex
890 1593 941 1642 eo.
993 1569 1057 1642 Hic
1090 1581 1142 1642 est
1173 1569 1310 1663 sanguis
1335 1593 1431 1641 meus
1458 1568 1588 1640 novite-

339 1671 506 1765 stamenti,
540 1671 595 1769 qui
628 1695 688 1767 pro
717 1670 810 1743 vobis
837 1682 871 1743 et
894 1696 955 1768 pro
982 1673 1093 1744 multis
1121 1671 1301 1744 effunditur
1327 1671 1360 1742 in
1389 1671 1588 1768 expiationem

339 1786 373 1846 et
397 1773 629 1846 remissionem
655 1783 877 1870 peccatorum.

417 1875 556 1949 Chorus.
610 1875 707 1947 Pater
733 1875 899 1967 coelestis,
927 1874 983 1972 qui
1001 1873 1121 1946 Filium
1148 1884 1242 1947 tuum
1268 1873 1432 1946 tradidisti
1460 1876 1493 1944 in
1516 1895 1587 1946 mor·

339 1989 418 2094 tem,
454 1976 641 2049 debitorum
675 1988 867 2050 nostrorum
901 1976 1093 2068 deletorem,
1129 1975 1342 2048 obsecramus
1369 1985 1413 2066 te,
1448 1997 1505 2071 per
1527 1996 1587 2044 seu·

274 2077 276 2082 ’
341 2080 476 2174 guinem
513 2102 610 2176 quem
647 2078 781 2171 elludit,
829 2089 865 2151 ut
900 2080 1090 2152 miserearis
1127 2078 1221 2172 gregi
1259 2088 1315 2149 tuo
1353 2078 1490 2173 mystico
1525 2075 1587 2171 (spi-

320 2180 474 2274 rituali).

416 2281 597 2354 Diaconos.
650 2269 806 2374 Domine,
831 2281 982 2354 benedic.

418 2383 584 2456 Sacerdos
614 2385 727 2478 pergit
761 2407 861 2455 orere
894 2392 1042 2456 secreto:
1081 2381 1122 2453 Ut
1148 2381 1211 2454 lroc
1237 2379 1398 2453 iaciamus
1425 2383 1458 2454 in
1485 2402 1587 2452 memo·

340 2487 424 2560 riam
451 2509 556 2574 suam,
582 2486 751 2581 praecepit
768 2484 864 2558 nobis
881 2485 985 2557 Filius
1003 2493 1081 2557 tuus
1100 2484 1304 2579 unigenitus,
1332 2483 1503 2556 hominum
1519 2505 1587 2553 arna·

340 2600 404 2660 tor.
448 2586 492 2658 Et
516 2585 690 2658 descendit
715 2589 748 2658 in
776 2588 965 2684 sepulerum
992 2586 1109 2658 eodem
1136 2609 1286 2683 corpore,
1313 2585 1401 2682 quod
1421 2583 1587 2680 assumpsit,
1656 2617 1657 2640 i

342 2698 497 2787 potenter
523 2687 623 2782 tregit
649 2689 791 2760 claustra
818 2688 916 2761 inleri
943 2713 981 2760 ac
1010 2687 1106 2760 nobis
1124 2688 1346 2762 manifestavit
1363 2696 1409 2780 te,
1437 2707 1588 2760 unumve·

341 2815 416 2864 rum
443 2789 562 2882 Deum,
588 2789 695 2861 Deum
721 2791 901 2878 viventium
927 2802 961 2862 et
986 2801 1204 2878 mortuorum.

418 2891 573 2988 Acceptis
600 2892 695 2964 dorric
720 2893 757 2962 in
781 2917 882 2964 mono
909 2903 983 2965 orat
1010 2892 1157 2964 secreto:
1198 2890 1284 2962 lluic
1309 2892 1424 2986 igitur,
1459 2891 1588 2978 Domine,

342 2994 609 3091 obtemperantes
635 3005 823 3090 praecepto,
860 2995 1049 3090 perficimus
1075 2994 1217 3065 salutare
1243 2995 1438 3088 mysterium
1465 2991 1588 3090 corporis

344 3108 377 3168 et
403 3097 576 3190 sanguinis
602 3097 765 3190 unigeniti
794 3096 869 3168 Filii
896 3098 954 3170 tui.
982 3095 1076 3168 Unde
1095 3105 1129 3168 et
1145 3117 1310 3166 memores
1329 3119 1447 3168 sumus
1464 3093 1588 3168 omniun

344 3221 428 3296 quae
455 3223 514 3295 pro
542 3196 639 3269 nobis
665 3220 783 3293 pessus
810 3209 873 3290 est,
901 3196 1134 3289 crucifixionis,
1170 3221 1266 3293 quum
1294 3217 1473 3293 perpessus
1499 3207 1543 3268 est
1562 3203 1590 3264 ut

343 3302 443 3372 vitam
470 3309 692 3396 recuperaret,
730 3299 901 3372 triduanae
927 3301 1128 3397 sepulturae,
1156 3299 1319 3392 gloriosae
1346 3297 1588 3385 resurrectionis,

345 3403 552 3474 ascensionis
571 3401 610 3472 ad
631 3399 746 3472 Deum.
775 3400 837 3472 Ubi
856 3401 961 3494 sedet,
989 3427 1008 3473 o
1026 3401 1137 3491 Pater,
1155 3401 1195 3472 ad
1215 3401 1384 3472 dexteram
1401 3412 1499 3474 tuam.
1523 3400 1589 3470 Con·

345 3504 545 3700 litemurnet
582 3503 805 3597 glorificamus
840 3505 1020 3576 secundam
1061 3505 1133 3576 eius
1170 3513 1203 3574 ct
1237 3504 1443 3576 tremendam
1485 3499 1588 3598 appari·
1656 3501 1657 3512 ’

344 3606 481 3677 tionem.

434 3876 457 3931 tt
474 3875 524 3926 AC:
544 3901 575 3912 -·
594 3877 642 3926 und
660 3877 724 3936 trra,
742 3877 785 3927 der
803 3875 865 3927 Wolt
881 3877 988 3927 Erretter
1006 3877 1054 3927 und
1072 3877 1115 3926 der
1133 3877 1215 3926 Grund
1235 3890 1336 3926 unserer
1353 3876 1481 3938 Erlosnng,
1497 3874 1533 3923 mit
1544 3869 1587 3918 llil·

346 3961 386 4010 len
405 3975 434 4011 an
453 3961 496 4010 das
514 3960 598 4010 Krane.
633 3960 681 4028 lle!
698 3961 761 4011 lirod
781 3962 803 4012 in
821 3961 893 4012 Scine
910 3961 1023 4023 belligeri,
1041 3961 1180 4023 geratinum,
1198 3961 1363 4010 uubelleeliten
1383 3961 1431 4010 und
1451 3958 1587 4016 ebroardigeu
1656 3959 1657 3982 ¹

347 4045 430 4094 lltnds
454 4045 573 4095 uehmend
591 4045 694 4108 Segnate
710 4049 727 4103 †
744 4045 784 4107 Er,
809 4045 904 4106 danlta,
929 4046 1002 4096 brucb
1021 4061 1055 4106 ea,
1080 4045 1125 4108 gab
1144 4059 1170 4094 es
1187 4045 1275 4095 Seinen
1293 4047 1478 4106 auserntblten,
1501 4041 1587 4102 hetligen,
1656 4093 1657 4098 ,

346 4130 394 4180 uod
413 4129 460 4188 (hei
479 4129 541 4189 lbm)
559 4129 682 4180 sibenden
700 4129 826 4190 Sounion,
845 4131 894 4181 und
912 4131 1015 4194 sprach:
1034 4128 1081 4180 ller
1098 4129 1203 4180 lliroon:
1221 4130 1307 4192 Segne,
1327 4131 1400 4194 llerr,
1431 4130 1478 4181 tter
1494 4128 1587 4177 l’riester:
1656 4157 1657 4170 2

346 4214 497 4288 deberet,
516 4222 617 4264 esset:
634 4215 723 4264 dieas
741 4216 786 4265 ist
803 4215 882 4266 lloin
900 4215 987 4276 Loib,
1006 4215 1110 4264 neleber
1128 4207 1281 4276 wegeuducb
1295 4208 1586 4274 undrielerdrlringegebrr
1656 4203 1657 4206 ’

347 4299 406 4349 uird
423 4314 466 4350 rur
483 4299 641 4360 Versdbnung
658 4300 706 4350 und
724 4299 863 4363 lorgebung
880 4300 924 4350 der
940 4299 1046 4351 Stndeu.
1083 4299 1124 4350 llic
1142 4299 1274 4350 lectoren:
1291 4301 1374 4348 lmen.

431 4381 457 4444 2)
475 4384 560 4434 Stoel:
578 4381 643 4434 Nrcb
662 4385 742 4434 dieser
758 4385 904 4448 lnordnung
921 4385 982 4445 also,
1001 4385 1097 4446 ollerr,
1116 4385 1227 4434 eriunern
1246 4384 1289 4434 wir
1306 4399 1360 4444 uns.
1379 4383 1458 4438 iridem
1475 4381 1514 4430 rilr
1528 4378 1587 4427 dieser
1656 4395 1657 4420 r

348 4467 499 4516 Gebeimulss
524 4468 567 4518 das
590 4467 735 4519 erltaenden
753 4469 839 4520 Leibes
863 4471 910 4521 und
929 4469 1010 4521 litotes
1029 4469 1115 4518 lleines
1138 4469 1308 4531 liiugebomnn
1334 4467 1485 4530 darbrlngen,
1506 4479 1531 4514 en
1546 4459 1586 4508 Seio
1656 4477 1657 4496 i

349 4548 543 4614 beilbriugendes
561 4553 650 4604 Leiden
673 4555 712 4603 ldr
731 4567 784 4614 uns,
809 4569 838 4603 in
857 4555 902 4605 den
922 4554 1117 4617 lebeugebenden
1135 4553 1281 4603 ltreureatod
1299 4552 1397 4612 illene:
1423 4553 1459 4604 liis
1477 4545 1585 4600 crucibulo
1656 4559 1657 4588 t

348 4631 425 4684 rebicb
443 4634 472 4686 he
491 4635 630 4686 underweut
647 4636 718 4688 nbile
735 4636 814 4701 aliie),
832 4653 863 4690 ru
881 4638 924 4690 des
943 4638 1072 4702 dreitagige
1090 4637 1243 4701 Regrtbnisr,
1264 4653 1294 4690 aa
1313 4639 1351 4690 dle
1369 4635 1508 4700 gluelseligr
1523 4628 1586 4681 tolet·
