3368 5308
893 447 966 523 506

378 628 571 730 Μακάριοι
604 623 660 706 ὥν
694 631 894 730 ἀφέθησαν
929 633 968 706 αἱ
1007 629 1184 724 ἀνομίαι,
1228 629 1293 706 καὶ
1330 623 1387 706 ὧν
1429 631 1562 706 ἀπεκα-

204 757 207 767 ’
291 731 496 856 λύφθησαν
540 734 578 808 αἱ
621 733 824 832 ἁμαρτίαι,
868 731 1050 833 μακάριος
1092 729 1199 831 ἀνήρ.
1253 747 1324 816 Καὶ
1358 747 1418 816 τὸν
1445 743 1563 816 λεπτὼ

205 843 210 857 “
345 836 438 920 λμον.

291 848 345 926 ψα
379 941 487 1001 Τοῦτο
510 933 548 1003 δὲ
568 931 701 1022 λέγεται
721 929 801 1022 τρίς.
845 932 917 1002 Καὶ
937 929 1061 1002 &rafim
1083 929 1184 1002 αὐτὸν
1204 933 1247 1002 τὰ
1268 926 1381 1025 ἀμφια
1403 933 1505 1022 λέγει.

368 1033 561 1114 Ἐνδάοται
593 1036 614 1112 5
648 1035 782 1120 δοῦλος
813 1043 882 1111 τοῦ
910 1041 1015 1126 θεοῦ,
1051 1035 1071 1114 5
1104 1036 1222 1126 δεῖνα,
1253 1045 1398 1134 χιτῶνα
1424 1037 1564 1114 δικαιο-

292 1136 407 1236 σύνης
433 1144 483 1223 εἰς
508 1138 550 1214 τὸ
577 1139 697 1234 ὄνομα
722 1145 791 1214 τοῦ
816 1137 967 1235 πατρὸς,
993 1137 1057 1213 καὶ
1080 1147 1149 1215 τοῦ
1165 1140 1263 1228 υἱοῦ,
1289 1139 1439 1216 καὶτοῦ
1457 1139 1564 1242 ἀγίου

292 1239 514 1334 πνεύματος,
547 1248 621 1316 νῦν
653 1239 716 1315 καὶ
749 1239 819 1329 ἀεὶ,
851 1240 914 1315 καὶ
946 1245 997 1326 εἰς
1021 1239 1109 1324 τοῦς
1134 1246 1274 1324 αἰῶνας
1298 1249 1377 1318 τιῦν
1403 1239 1563 1318 αἰώνων.

284 1340 413 1440 Ἀμήν.

376 1459 448 1526 Καὶ
469 1454 638 1544 ψάλλεται
657 1454 842 1546 τροπάριον
863 1454 912 1537 είς
932 1447 1011 1544 ἦχον
1031 1454 1198 1544 τέταρτον.

376 1557 532 1636 Χιτῦνά
565 1587 630 1652 μοι
655 1557 851 1658 παράσχου
877 1558 1074 1657 φωτεινόν,
1109 1559 1128 1635 5
1155 1557 1462 1657 ἀναβαλλόμενος
1488 1569 1565 1660 φιῦς

292 1661 345 1748 (ἀς
369 1665 534 1754 ἱμάτιον,
560 1663 727 1736 πολυόλεε
753 1661 891 1759 Χριστὲ
918 1661 938 1736 5
968 1661 1055 1746 Θεὸς
1078 1661 1198 1758 ἡμῶν.

376 1779 448 1847 Καὶ
475 1777 560 1864 μετὰ
585 1777 624 1845 τὸ
652 1775 787 1846 ἐνδῦσαι
815 1775 915 1847 αὐτὸν
941 1775 1118 1862 ἐπεύχεται
1138 1773 1157 1846 5
1180 1774 1286 1867 ἱερεὺς
1307 1777 1411 1867 λόγων
1432 1778 1494 1870 τὴν
1515 1775 1565 1848 εῦ-

291 1880 351 1969 χὴν
371 1877 503 1970 ταύτην.

694 1989 769 2058 Τοῦ
797 1982 938 2082 Κυρίου
963 1981 1173 2080 δεηθῦμεν.

377 2115 586 2221 Εὐλογητὸς
619 2115 663 2207 εἶ,
698 2115 830 2216 Κύριε,
867 2117 887 2193 5
925 2117 1011 2202 Θεὸς
1045 2117 1065 2192 5
1099 2113 1380 2216 παντοκράτωρ,
1414 2116 1437 2214 ἡ
1472 2119 1565 2221 πηγὴ

291 2227 371 2295 τῶν
405 2220 582 2322 ἀγαθῶν,
616 2219 636 2294 5
669 2218 770 2316 ἥλιος
801 2220 866 2317 τὴς
898 2216 1148 2316 δικαιοσύνης,
1185 2218 1205 2293 5
1238 2215 1392 2316 λάμψας
1424 2227 1505 2306 τοῖς
1529 2225 1566 2296 ἐν

293 2317 414 2396 σκότει
452 2331 535 2420 φιῦς
570 2321 765 2420 σωτηρίας,
802 2320 866 2398 διά
902 2329 967 2417 τῆς
1001 2320 1218 2418 ἐπιφανείας
1247 2328 1316 2395 τοῦ
1340 2331 1567 2423 μονογενοῦς

184 2473 188 2480 -
293 2449 363 2499 σου
388 2424 473 2498 υἱοῦ
499 2421 563 2498 καὶ
593 2429 685 2498 Θεοῦ
709 2422 818 2520 ἡμῶν
842 2422 906 2498 καὶ
927 2421 1178 2523 χαρισάμενος
1202 2421 1294 2519 ἡμῖν
1308 2429 1387 2506 τοῖς
1403 2421 1567 2508 ἀναξίοις

293 2523 362 2622 τὴν
393 2523 585 2623 μακαρίαν
616 2521 810 2622 κάθαρσιν
845 2528 885 2600 ἐν
918 2532 971 2622 τῷ
1006 2519 1101 2626 ἀγίῳ
1134 2521 1245 2600 ῦδατι
1277 2523 1346 2606 καὶ,
1365 2523 1435 2598 τὸν
1462 2529 1567 2600 θεῖον

294 2625 482 2728 ἁγιασμόν
517 2629 558 2700 ἐν
593 2633 647 2724 τῷ
684 2625 853 2726 ζωοποιῷ
886 2625 1078 2725 χρίσματι,
1115 2625 1134 2701 5
1167 2625 1231 2701 καὶ
1259 2634 1332 2701 νῦν
1364 2623 1567 2724 εὐδόκησας

295 2729 548 2828 ἀναγεννῆσαι
579 2727 649 2803 τὸν
680 2724 820 2804 δοῦλόν
852 2751 921 2804 σου
953 2726 1021 2803 τὸν
1053 2724 1307 2827 νεοφιότιστον
1341 2727 1391 2802 δι’
1432 2727 1568 2813 ὕδατος

294 2829 357 2904 καὶ
390 2825 612 2924 πνεύματος,
645 2829 709 2904 καὶ
741 2829 810 2927 τὴν
834 2838 914 2905 τῶν
938 2827 1119 2906 ἑκουσίων
1143 2829 1207 2904 καὶ
1232 2829 1421 2905 ἀκουσίων
1447 2829 1569 2926 ἀμαρ-

294 2928 473 3028 τημάτων
499 2931 636 3030 άφεσιν
661 2931 764 3029 αὐτῷ
790 2929 1069 3030 δωρησάμενος·
1098 2930 1209 3015 αὐτὸς
1234 2930 1395 3006 δέσποτα
1414 2933 1568 3032 παμβα-

296 3039 397 3108 σιλεῦ
422 3033 663 3134 εῦσπλαγχνε,
693 3033 849 3132 χάρισαι
875 3034 978 3132 αὐτῷ
1003 3033 1066 3108 καὶ
1090 3033 1160 3130 τὴν
1185 3031 1378 3136 σφραγῖδα
1403 3041 1471 3130 τῆς
1498 3034 1569 3109 δω-

295 3143 403 3232 ρεᾶς·
423 3143 491 3209 τοῦ
538 3135 649 3237 άγίου
684 3135 748 3210 καὶ
775 3131 1078 3229 Ιπαντοδυνάμου
1113 3133 1175 3210 καὶ
1211 3144 1468 3233 προςκυνηιοῦ
1503 3162 1568 3212 σου

294 3233 516 3332 πνεύματος,
549 3236 613 3312 καὶ
638 3237 707 3334 τὴν
732 3235 940 3335 μετάληψιν
965 3245 1033 3312 τοῦ
1058 3235 1169 3366 ἁγίου
1195 3233 1367 3332 σιόματος
1397 3237 1464 3312 καὶ
1501 3245 1566 3312 τοῦ

292 3338 420 3434 τιμίου
447 3341 603 3434 αἵματος
627 3347 695 3412 τοῦ
720 3340 888 3439 Χριστοῦ
915 3361 994 3413 σου.
1023 3342 1200 3423 Φυλαξον
1226 3337 1343 3413 αῦτὸν
1366 3341 1410 3413 ἐν
1436 3347 1492 3438 τῷ
1514 3345 1565 3437 σῷ

296 3439 484 3542 ἁγιασμῷ,
510 3440 727 3538 βεβαίωσον
753 3445 794 3516 ἐν
819 3448 864 3536 τῇ
891 3437 1087 3539 ἀρθοδόξῳ
1115 3439 1245 3529 πίστει,
1271 3445 1381 3536 ῥῦσαι
1408 3441 1568 3516 ἀπὸτοῦ

294 3549 460 3638 πονηροῦ
495 3541 559 3616 καὶ
594 3539 748 3617 πάντων
782 3549 861 3618 τῶν
896 3539 1199 3638 ἐπιτηδευμάτων
1235 3542 1371 3630 αὐτοῦ,
1416 3541 1482 3618 καὶ
1518 3549 1568 3640 τῷ

297 3641 468 3739 σωτηρίῳ
501 3668 570 3718 σου
604 3641 729 3742 φόβῳ,
763 3647 803 3718 ἐν
836 3643 967 3744 ἁγνείᾳ
993 3643 1056 3718 καὶ
1081 3639 1313 3737 δικαιοσύνη,
1346 3643 1416 3738 τὴν
1442 3643 1569 3743 ψυχὴν

296 3743 414 3820 αὐτοῦ
448 3742 693 3843 διατήρησυν·
727 3748 792 3820 ἵνα
817 3749 858 3820 ἐν
883 3745 996 3820 παντὶ
1020 3746 1118 3846 ι’ίργῳ
1143 3745 1208 3820 καὶ
1233 3742 1331 3846 λόγῳ
1354 3745 1569 3842 εῦαρεστιῦν

297 3867 368 3934 σοι,
404 3844 484 3930 υἱὸς
516 3847 579 3921 καὶ
611 3845 840 3946 κληρονόμος
870 3853 935 3944 τῆς
968 3846 1192 3946 ἐπουρανίου
1227 3871 1296 3921 σου
1320 3846 1473 3948 γένηται
1499 3849 1568 3944 βα·

296 3945 442 4031 σιλείας.

835 4041 1018 4138 Ἐκφάνιος.
1184 4119 1187 4126 ,

370 4148 453 4226 Ὅτι
486 4150 534 4226 σὺ
568 4148 600 4224 εἶ
633 4149 653 4224 5
685 4149 771 4233 Θεὸς
802 4149 925 4247 ἡμῶν,
962 4149 1050 4234 θεὸς
1081 4157 1150 4224 τοῦ
1182 4153 1293 4226 ἐλεεῖν
1325 4149 1389 4226 καὶ
1423 4147 1567 4244 σοίζειν,

297 4250 361 4325 καὶ
393 4251 453 4326 σοὶ
484 4251 554 4349 τὴν
586 4249 703 4336 δόξαν
736 4251 1018 4348 ἀναπόμπομιν·
1053 4259 1107 4350 τῷ
1139 4251 1264 4348 πατρὶ,
1299 4252 1363 4330 καὶ
1395 4261 1452 4351 τῷ
1487 4255 1569 4351 υἱῷ,

297 4463 321 4504 τι
343 4455 385 4506 ille
410 4459 450 4522 qui
474 4467 589 4508 venturus
607 4465 652 4520 ιιι,
677 4457 701 4506 in
720 4457 774 4518 igne
792 4464 815 4506 et
833 4457 927 4522 spiritu.
963 4457 991 4507 Εῑ
1008 4457 1049 4523 qui
1067 4456 1163 4508 ιόιιιιιῑ
1179 4457 1261 4508 dieunt
1278 4458 1355 4510 trihus
1373 4457 1480 4509 vicibus:
1505 4457 1567 4508 flenti

297 4553 400 4602 quorum
418 4542 535 4592 remissae
553 4549 610 4592 sunt
627 4541 844 4606 ριοειιιίοιιίοοεε
863 4550 886 4592 οι
902 4555 1004 4608 quorum
1023 4549 1083 4592 ιοοῑι
1102 4551 1158 4593 sunt
1176 4551 1281 4608 ρεστοῑι.
1317 4544 1465 4607 (ἰσοτρίἰι
1482 4543 1510 4594 Ν.
1529 4555 1567 4592 τε·

296 4621 360 4672 cuive
387 4621 447 4686 light
472 4627 496 4676 in
525 4627 565 4676 the
589 4627 665 4677 Νιπο
683 4627 710 4678 of
726 4626 766 4676 the
784 4625 871 4677 Fnther
889 4625 935 4677 and
954 4627 981 4676 of
997 4626 1037 4677 tho
1055 4611 1105 4677 S'on
1123 4627 1169 4687 and
1187 4628 1214 4678 οῐ
1229 4627 1269 4678 the
1287 4625 1348 4692 Holy
1366 4627 1450 4681 Ghost.
1486 4629 1567 4678 Amen.

243 4759 247 4770 ,
295 4706 445 4772 (Νεμοῦς,
465 4709 607 4776 ρ.953ιη.)
1129 4690 1135 4711 x
