3360 5304
674 416 745 492 231

74 602 202 681 pelebrt,
231 619 273 664 an
295 599 352 664 den
374 599 501 679 beilipeu
524 599 645 664 staron
666 601 748 666 allen
770 599 973 664 oeenebmlieb
994 603 1094 665 siebeu
1115 604 1269 668 rubrends
1292 604 1349 667 Ge-

77 705 135 764 bete
158 708 188 764 in
211 703 280 764 drei
300 701 515 782 Abtbeilunpen
549 721 592 764 zu
613 701 717 764 Ebren
739 707 823 766 einer
838 701 932 780 jedeu
953 701 1008 764 der
1031 705 1098 766 deci
1117 704 1273 768 Personas
1295 707 1352 772 det·

78 803 212 873 llottlsit¹
241 803 300 882 [ar
327 821 440 866 ansere
462 801 586 866 Sinden
611 804 676 866 sud
702 821 815 868 numne
836 803 1001 883 liubusuam,
1031 804 1078 867 die
1106 809 1162 866 noir
1190 823 1251 868 oon
1274 807 1348 870 aben

77 903 167 964 iareb
194 905 247 966 des
276 903 404 982 laee'lipes
426 903 541 968 Geistes
563 903 659 985 Sapen
685 916 847 976 sebasten,
877 904 995 970 endliob
1023 905 1101 970 aucb
1128 905 1186 984 [ote
1213 908 1259 970 die
1280 919 1348 970 ent-

77 1004 248 1084 soblolenen
269 1004 402 1076 Druidae,
430 1005 477 1068 die
497 1022 630 1068 smeret
650 1004 791 1070 turbiue
813 1006 1011 1084 bedolrsen.“¹

157 1107 214 1188 Τῷ
235 1098 403 1192 Σαββάτῳ
423 1109 484 1190 τῆς
504 1107 741 1190 Πτιτοκοστῆς,
771 1098 941 1191 polibam
962 1097 982 1189 ἡ
1003 1095 1208 1172 Ἀκολοοθία
1229 1101 1350 1172 ἅπασα

78 1208 129 1288 τῆς
147 1208 391 1291 Homonadeis,
414 1197 460 1282 ὥς
479 1201 538 1270 καὶ
558 1201 593 1278 ἐν
614 1209 654 1293 τῇ
673 1199 798 1292 Ἑορτῇ,
821 1199 861 1270 ἔν
877 1226 914 1270 το
935 1209 983 1290 τῷ
1002 1199 1194 1293 Ἕσπεριοῷ,
1221 1204 1278 1274 καί
1299 1211 1348 1295 τῷ

73 1303 211 1391 Ὄοθρῳ,
236 1303 297 1371 διὰ
317 1303 357 1370 τὸ
379 1301 615 1373 ἀποδίδοσθαι
636 1304 696 1393 τὴν
715 1301 849 1394 Ἑοριὴν
870 1301 1024 1391 σήμερον.
1224 1365 1227 1372 .

156 1412 206 1474 19.
241 1403 430 1492 Κοριακὴ
462 1411 542 1472 τῶν
566 1401 709 1492 Ἁγίων
729 1403 901 1472 Πάντων
933 1410 1347 1489 (inusitatissimus)

80 1509 160 1571 llobr.
179 1512 342 1584 ll‚33—·
363 1513 457 1584 122.
1157 1563 1159 1570 -

150 1603 207 1686 Ὡς
230 1603 385 1692 ἀπαρχὰς
405 1614 465 1696 τῆς
493 1604 636 1695 φύσεως,
657 1613 705 1696 τῷ
727 1613 904 1696 φυτοσργῷ
924 1613 983 1696 τῆς
1003 1603 1164 1690 liniacus,
1186 1605 1207 1697 ἡ
1228 1606 1348 1678 Oinou-

80 1706 149 1796 pe'rp
177 1709 368 1796 προσφέρει
395 1731 451 1776 σοι
470 1705 576 1794 Κύριε
595 1709 674 1787 τοὺς
697 1706 892 1797 Θοοφόροος
913 1706 1113 1798 Μάρτορας·
1142 1714 1218 1790 ταῖς
1240 1706 1349 1778 αὐτῶν

82 1805 210 1888 ἱκεσίαις
233 1810 270 1876 ἐν
292 1807 403 1900 εἰρήνῃ
424 1807 553 1900 βαθείᾳ
574 1810 633 1898 τὴν
652 1806 841 1900 Ἐκκλησίαν
862 1832 933 1892 σου,
956 1817 996 1900 τῇ
1017 1808 1174 1900 πολιτείᾳ
1196 1833 1273 1891 σου,·
1290 1812 1348 1880 διὰ

81 1917 128 1998 τῆς
149 1909 320 1980 Θιστόκσυ
345 1908 546 2001 σοιτήρησοο
565 1910 746 1980 Πολοέλιι.

152 2017 241 2080 Foris
265 2017 397 2080 socunds
421 2016 530 2098 incipit
551 2017 695 2080 ieiunium
719 2018 897 2080 Sanctorum
919 2018 1142 2097 Apostolorum.

152 2118 324 2178 Allstius
347 2117 409 2180 l.c.
432 2137 461 2197 p.
481 2121 576 2182 1464:
613 2120 722 2198 „Apud
752 2119 881 2181 Graecos
905 2119 1131 2181 Dominioarum
1159 2121 1283 2180 nomena
1308 2118 1345 2180 ab

83 2217 272 2298 impetistis
294 2218 368 2290 illis,
392 2237 431 2282 eat
453 2237 583 2299 qaorum
605 2218 765 2300 boonpelio
789 2221 910 2300 lapiton,
933 2221 1142 2290 desumuntur,
1165 2223 1229 2282 nisi
1247 2224 1347 2282 maior

82 2319 258 2384 sollemnitas
283 2321 359 2392 diens
379 2321 439 2382 sibi
458 2321 666 2385 uindicauerit.
701 2321 805 2394 Quare
828 2340 894 2382 οαοι
915 2340 935 2384 σ
954 2323 1113 2384 Dominica
1135 2321 1207 2384 Filii
1224 2322 1349 2403 prodipi

84 2421 226 2502 idipsam
247 2420 445 2484 Pentecosten
473 2439 591 2501 semper
618 2421 740 2503 aliquod
767 2427 954 2502 mysterium,
977 2442 1034 2484 suo
1056 2423 1199 2503 dipsitate
1223 2426 1345 2504 censpi-

85 2540 166 2599 essuo,
194 2523 328 2620 so'npalis
350 2521 514 2588 Dominicis
538 2522 713 2595 celebretur,
740 2524 858 2602 sactum
880 2533 981 2588 estut
1002 2523 1267 2603 Boaupelistarum
1288 2541 1347 2604 no-

84 2629 150 2686 stisa
171 2629 335 2696 cessarint,
357 2629 502 2704 mysteria
525 2625 599 2686 diem
622 2630 810 2704 occuparint.
848 2625 936 2697 Quod
955 2635 1026 2705 post
1038 2623 1234 2687 Pentecosten
1255 2623 1347 2686 aliter

84 2729 175 2789 αιιιίι.
209 2724 293 2788 Tunc
314 2730 404 2797 enim,
427 2744 493 2786 cam
513 2725 636 2788 nullum
654 2730 829 2805 mysterium
851 2725 1037 2804 splendidius
1060 2727 1106 2788 die
1128 2726 1276 2788 dominico
1299 2743 1347 2788 ce-

85 2823 215 2898 lebretur,
245 2826 423 2890 Dantitn'cus
451 2829 516 2906 ipse
547 2827 608 2893 aies
631 2827 667 2892 ab
689 2825 883 2906 Euanpelista
910 2845 1019 2888 natum
1041 2827 1137 2890 babet.
1182 2825 1347 2908 Evanpelia

83 2930 168 3007 itopse
189 2929 245 2990 bno
268 2931 389 2990 ratione
417 2927 569 3006 tenuntur.
613 2929 637 2989 A
656 2930 827 3007 primodie
849 2927 1005 2990 Pascbotie
1026 2945 1120 3009 usque
1142 2930 1181 2991 ad
1201 2929 1347 2990 Peeoteco-

85 3040 140 3090 σαι
166 3029 280 3110 lepitnr
308 3027 505 3108 anupeliam
531 3029 676 3092 lacunis:
705 3049 723 3092 a
752 3029 909 3092 Dominioa
937 3029 1121 3094 Sanctorum
1148 3034 1280 3093 omnium
1307 3029 1346 3090 ad

85 3127 259 3194 Pmotceeeu
282 3129 510 3210 subsequentem
535 3131 649 3210 {estam
672 3132 747 3194 diem
768 3130 975 3192 decollationis
997 3129 1127 3192 Sanctae
1151 3131 1267 3202 Crucis,
1291 3130 1346 3191 ob-

85 3229 259 3314 soloitsrpue
287 3231 516 3294 hebdomadibus
550 3235 648 3296 decem
678 3242 706 3294 et
738 3241 861 3311 septem.
905 3230 1024 3294 Dorum
1051 3233 1189 3294 undecim
1216 3229 1345 3310 sinpulis

84 3333 172 3394 diebus
194 3333 345 3396 Dottbaei
356 3331 553 3412 Evoupelium
574 3333 702 3413 lapitas:
724 3351 745 3394 a
765 3333 938 3396 duodecima
959 3336 1087 3412 quinque
1109 3331 1210 3393 diebus
1225 3330 1346 3392 Hebdo-

83 3435 165 3496 sadis
187 3434 289 3496 Darei
307 3433 502 3514 Dcaupolium
531 3438 691 3502 recitatur.
735 3432 866 3496 Sabbata
895 3445 923 3496 et
944 3431 1116 3494 Damonieas
1140 3431 1266 3494 lectione
1288 3448 1347 3494 sua

84 3533 240 3598 llmtboeus
271 3545 406 3616 occupat,
436 3553 530 3615 usque
558 3536 597 3597 od
618 3536 759 3597 decimam
781 3545 810 3596 et
830 3538 1004 3615 septimam5
1032 3544 1060 3596 et
1088 3535 1198 3596 decimo
1219 3536 1346 3613 septim

83 3639 106 3696 si
127 3637 179 3698 illa
204 3638 295 3716 insen
323 3634 441 3698 Poseba
466 3635 556 3715 deret
585 3634 618 3717 (i.
635 3655 662 3698 e.
684 3640 713 3698 si
732 3653 752 3698 σ
772 3635 918 3698 Pasobote
945 3635 984 3697 ad
1005 3634 1230 3698 Dcaltationem
1250 3651 1345 3714 usqne

82 3735 157 3798 Xl'll
170 3748 389 3800 numerantur
412 3733 620 3816 hebdomades)
644 3735 828 3800 Mottbaeum
850 3737 954 3815 babst,·
984 3739 1012 3797 si
1031 3735 1128 3811 ultra,
1151 3753 1345 3817 nequaquam,

83 3839 125 3898 sed
145 3837 228 3900 obad
250 3857 290 3900 ea
312 3838 381 3900 aliis
405 3838 515 3917 lepitur
536 3846 565 3898 et
582 3837 756 3900 Cononoene
771 3848 826 3899 est.
856 3837 952 3900 Lucae
969 3835 1163 3918 Doonpelium
1184 3837 1348 3899 incitantur

82 3941 241 4002 assuenda
261 3939 347 4017 serio
365 3949 438 4020 post
457 3937 646 4000 Dominicam
667 3939 873 4002 Duoltationis
896 3939 1064 4022 lepiturpue
1084 3941 1212 4018 batepnis
1235 3937 1346 4000 bebdo-

82 4041 206 4102 madibus
228 4041 401 4104 duodecim:
423 4041 460 4101 ab
482 4042 569 4102 initio
592 4057 665 4102 aero
682 4041 810 4102 deumne
827 4044 934 4105 tertiae
951 4039 1053 4102 diebus
1067 4038 1232 4119 ferialibus
1248 4035 1348 4098 Darei

82 4139 267 4220 boaspeliam
289 4144 448 4212 recolatur,
471 4139 611 4203 Sabbatis
633 4150 663 4203 et
684 4141 849 4204 Dominicis
872 4140 979 4204 Lucae.
1009 4139 1108 4202 Marsi
1129 4139 1248 4202 taudem
1266 4153 1343 4216 pars

78 4247 226 4318 potissima
257 4249 341 4306 iuter
364 4241 551 4304 Mattbaeum
584 4251 611 4304 et
633 4241 743 4304 Lucam
775 4242 962 4318 absumitur5
996 4241 1074 4320 qaod
1108 4238 1258 4318 reliquum
1290 4243 1342 4305 est.

85 4341 333 4425 Quadrupesimae
355 4343 495 4408 Sabbatis
517 4351 546 4406 et
566 4344 731 4406 Dominicis
754 4346 912 4406 recitatur.

155 4447 205 4510 2⁰.
241 4435 432 4528 Κυριακὴ
455 4437 627 4525 δευτέρα
648 4443 720 4506 τοῦ
740 4433 974 4508 Masabadan
1005 4435 1085 4524 περί
1105 4438 1165 4522 τῆς
1185 4434 1345 4502 διδασκα-

12 4589 14 4620 1
81 4537 147 4618 ίίας
165 4549 226 4610 τοῦ
246 4548 402 4632 Χριστοῦ
424 4547 477 4625 (29
493 4545 560 4608 bloi.
583 4545 649 4608 Lat.
665 4544 691 4606 ll
714 4555 785 4625 post
805 4543 955 4608 Pentecl
976 4549 1048 4622 post
1069 4539 1189 4614 Trinit.)
1211 4537 1296 4602 Rom.
1314 4541 1342 4612 2,

84 4647 204 4712 lb—lb.
