3394 5308
294 569 441 646 detonsus
460 580 603 661 precanti,
623 578 746 642 libertas
769 580 922 661 quaedam,
945 576 982 644 ab
997 582 1062 644 aliis
1079 565 1166 646 officii
1181 567 1437 664 pertimuimus,
1461 565 1571 665 esqutr
1619 634 1624 642 .

293 703 355 746 non
377 683 463 749 statis
481 682 629 754 turmulis,
651 681 705 744 sed
720 682 832 746 diserto
856 683 992 751 utebatur
1005 693 1142 766 pedore:
1166 685 1207 748 uti
1224 686 1392 750 etiamnunc
1402 682 1568 753 *Celebrant

292 787 380 850 tacite
401 795 467 848 orat
488 785 524 851 ad
546 784 662 848 libitum
683 785 715 846 in
736 784 869 848 uirorum
892 795 921 847 et
941 787 1128 850 mortuoram
1144 788 1298 850 memoria.
1327 789 1365 850 nt
1379 805 1449 850 vero
1466 805 1570 850 rernm

293 886 746 968 Christianarum'amplillcatio‚
767 897 871 952 auctus
893 887 924 950 in
947 887 1011 955 dies
1034 889 1192 968 llartprum
1214 905 1368 963 numerus,
1391 887 1569 968 dignitatum

291 989 567 1061 ecclesiasticarum,
595 1005 650 1080 pro
671 987 777 1070 quibam
798 1005 903 1070 preces
924 991 1079 1074 iaciebant,
1101 989 1246 1064 cumulus,
1275 989 1402 1070 denique
1424 990 1570 1063 eeclesiae

158 1094 169 1126 “·
290 1092 452 1172 ingenium¹
483 1090 577 1170 magis
610 1091 764 1181 magisque
796 1091 833 1152 ad
865 1100 980 1154 eertum
1007 1099 1037 1157 et
1058 1091 1252 1156 constitutum
1273 1091 1409 1172 liturgiae
1431 1091 1571 1154 ordinem

289 1193 435 1274 prodire:
469 1211 521 1255 eae
553 1203 657 1256 causac
690 1191 861 1264 effecerunt,
893 1201 936 1265 ut,
964 1201 1037 1273 puto
1063 1191 1147 1261 ¹circa
1179 1191 1268 1260 Marci
1296 1192 1406 1256 dardii
1436 1201 1569 1256 aetatem

290 1311 366 1376 quae
397 1303 442 1358 tat
469 1303 499 1356 et
526 1302 622 1356 tantm
643 1291 787 1378 ecelesiae
807 1303 968 1373 martyrum
989 1293 1107 1375 peperit
1124 1311 1284 1374 purpuras,
1316 1293 1411 1356 literis
1441 1293 1568 1356 manda·
1607 1304 1612 1315 ·

290 1407 394 1462 rentur
415 1396 548 1459 rivorum
572 1405 602 1457 et
622 1395 806 1457 delectorum
828 1393 941 1460 indices
964 1393 1010 1456 vel
1023 1395 1205 1476 lliptycha
1227 1395 1356 1458 fidelium
1378 1394 1517 1476 precibus
1533 1394 1592 1461 in'.
1691 1473 1692 1492 χ

288 1489 379 1562 ldissa
411 1497 604 1560 recensenda.
648 1495 728 1559 llaec
747 1495 888 1583 liiptpcha
910 1496 1014 1558 Celsus
1049 1497 1235 1576 investigarit
1266 1497 1345 1578 apud
1370 1495 1568 1578 presbyteros

289 1599 476 1666 Christianos
497 1617 554 1661 nec
573 1599 692 1674 mirum,
714 1598 794 1678 quod
816 1598 937 1660 nomina
951 1597 1112 1680 Martyrum
1130 1598 1316 1677 aliorumque
1337 1599 1567 1680 κοιμηθέετων

287 1701 468 1784 plnlosopho
498 1700 694 1762 Christianam
716 1699 927 1780 rempublicam
957 1700 1051 1780 magis
1079 1699 1225 1775 catillanti
1246 1717 1334 1780 quam
1362 1692 1581 1780 cognoscenti,¹

288 1803 462 1867 ridebantur
482 1803 607 1865 barbara
630 1811 661 1867 et
680 1801 874 1864 daemonibus
897 1809 972 1882 apta.
1016 1802 1093 1864 ltem
1121 1817 1195 1881 quas
1225 1800 1580 1882 calumniaturpracsti-‘

287 1906 350 1987 gias
373 1915 404 1989 et
423 1904 550 1985 magicas
571 1904 724 1977 formariae,
746 1901 830 1966 facile
845 1911 967 1984 apparet
980 1903 1011 1964 in
1027 1902 1201 1966 Christianis
1216 1901 1369 1983 precibus:
1391 1901 1433 1965 Da
1448 1910 1567 1984 partem

288 2025 354 2068 cnm
376 2006 532 2086 prophetis
554 2013 584 2073 et
605 2003 763 2075 similibus,
786 2023 859 2084 quas
873 2013 1011 2068 versutus
1026 2012 1056 2066 et
1070 2005 1154 2066 talax
1170 2004 1357 2067 adversarius
1372 2004 1498 2083 maligne
1514 2004 1572 2069 in-'

287 2115 464 2189 terpretatur
480 2115 544 2169 est.
936 2098 939 2103 ’
1366 2151 1370 2159 -
1576 2108 1581 2116 ’

372 2206 469 2270 Facile
490 2207 673 2286 intelligitur,
696 2205 846 2288 lliptyclris
868 2206 962 2269 literis
984 2206 1177 2285 (remigitum,
1199 2206 1275 2267 riam
1298 2207 1471 2287 patefactam
1493 2225 1568 2275 esse
1691 2275 1692 2304 p

288 2310 324 2373 ad
357 2317 448 2370 totam
481 2307 616 2387 liturgiae
645 2309 754 2372 seriem
783 2327 800 2370 a
829 2309 1032 2392 memoriam
1053 2307 1147 2371 libros
1171 2325 1273 2370 sacros
1296 2307 1565 2389 transcribendam.

286 2413 378 2472 Aucta
407 2409 496 2476 officii
512 2409 620 2471 *divini
641 2408 792 2484 uarietate,
822 2410 936 2472 lucilius
966 2410 1102 2475 excidere
1130 2417 1270 2489 poterant
1292 2429 1327 2471 ex
1348 2411 1492 2472 memoria
1507 2410 1573 2474 illa·

288 2519 364 2579 stata
391 2529 425 2573 ac
452 2509 622 2591 qmtiatana
652 2511 788 2592 liturgiae
820 2511 1027 2585 additamenta,
1058 2529 1133 2592 quae
1160 2527 1242 2574 nune
1261 2521 1404 2574 vocantur
1425 2512 1461 2574 de
1481 2519 1566 2586 tem-

287 2631 360 2694 pore
383 2622 415 2675 et
433 2613 472 2679 de
492 2613 614 2674 sanctis.
657 2613 759 2693 ltaque
782 2623 812 2674 et
831 2612 888 2674 lrae
909 2614 1025 2693 preces,
1054 2611 1203 2674 variantes
1230 2631 1287 2694 pro
1321 2621 1486 2693 temporum
1509 2631 1565 2675 ra·

287 2717 378 2788 tione,
394 2713 439 2775 rel
454 2713 571 2778 saeculo
589 2715 675 2777 tertio
691 2715 789 2776 medio
804 2714 899 2778 literis
914 2715 1098 2794 conscriptae
1114 2723 1193 2789 sunt,
1210 2713 1439 2779 sed'enuaemnt
1453 2716 1565 2782 librutn

287 2817 407 2896 exiguae
429 2823 542 2877 mntem
565 2814 664 2888 molis,
687 2834 764 2896 quos
779 2815 874 2880 Latini
890 2815 1048 2887 libellos
1063 2815 1106 2877 vel
1123 2809 1246 2877 Codices
1255 2815 1457 2898 appellabant.
1479 2817 1582 2879 Sub-s

288 2917 377 2980 tiliter
401 2917 490 2979 huius
519 2916 614 2990 ropis'
630 2917 687 2984 vim
710 2917 846 2997 exposuit
866 2917 971 2979 lione
993 2918 1012 2979 l.
1029 2937 1053 2978 c.
1076 2936 1106 2996 p.
1124 2921 1162 2981 15
1179 2935 1225 2997 sq.
1248 2915 1400 2988 ,libellas
1422 2921 1567 2982 murder

287 3019 395 3083 alteste
416 3016 531 3082 Numen
554 3020 609 3082 der
630 3019 822 3082 Mesalatcler
842 3023 875 3081 io
890 3017 1024 3087 ,Galliam
1069 3017 1110 3082 So
1132 3029 1228 3081 neunt
1245 3018 1363 3098 Grepor
1384 3037 1445 3082 aare
1463 3017 1562 3083 Tsars

286 3119 402 3189 seuall
434 3121 481 3184 die
502 3119 694 3183 Maestaeter
716 3123 770 3183 der
792 3121 932 3201 Biscldse
954 3120 1001 3181 als
1024 3119 1078 3182 der
1100 3119 1188 3184 Aedte
1209 3123 1242 3182 in
1263 3118 1383 3183 Gallien
1406 3126 1446 3184 im
1466 3123 1577 3202 furesw

286 3233 334 3285 ten
356 3221 577 3296 Jalrlundert,
606 3241 668 3286 aras
696 3223 768 3286 eden
796 3223 924 3293 lewa'st,
953 3223 1025 3284 dass
1047 3223 1093 3284 ἄιέ
1115 3221 1309 3284 Messltelter
1330 3222 1445 3286 damula
1467 3222 1562 3285 oter-

286 3325 379 3407 lroopt
410 3324 504 3387 dr‘eses
526 3323 622 3388 llee'oe
644 3321 769 3388 Formae
791 3325 902 3396 lettera
932 3325 1010 3386 denn
1032 3325 1079 3386 die
1100 3321 1239 3403 lla‘arl'tse
1261 3323 1324 3386 und
1346 3323 1438 3412 Aedte
1456 3323 1563 3388 latren

284 3425 365 3486 wall
393 3423 438 3486 die
460 3423 567 3497 Mittel,
595 3431 736 3503 pressere
759 3425 951 3488 Messdateleer
974 3427 1007 3486 in
1037 3423 1122 3486 Falto
1151 3421 1379 3506 anzasalaffen.
1423 3407 1560 3487 Zacca

284 3529 345 3586 ria
368 3523 501 3586 dilliotl.
525 3525 633 3587 ritual.
659 3522 685 3594 l.
703 3531 749 3589 751
764 3523 877 3588 maella
899 3535 1006 3586 auem
1024 3525 1089 3604 uass
1106 3525 1186 3615 diere
1206 3525 1380 3611 dedeutunp
1401 3523 1452 3588 des
1471 3523 1561 3590 War-

284 3638 328 3686 tes
362 3623 521 3686 libellus
553 3625 768 3705 ausmerlrsom‚
803 3627 849 3690 die
882 3625 973 3688 saltat
1005 3627 1037 3687 in
1066 3626 1120 3689 der
1147 3640 1245 3691 narsen
1273 3627 1410 3710 lusgade
1437 3629 1488 3693 des
1518 3628 1578 3692 du·

286 3725 383 3805 caepe
404 3725 486 3787 uiolet
508 3727 685 3799 corlommt,
710 3729 747 3792 da
769 3747 804 3791 er
826 3729 899 3791 ader
919 3727 1003 3789 letne
1024 3727 1106 3792 alteo
1121 3728 1302 3808 Eacemplare
1323 3727 1443 3792 solades
1456 3729 1559 3791 nnan-

284 3825 343 3889 lea'n
366 3827 456 3898 tatae,
479 3845 513 3890 so
535 3827 647 3890 lunate
669 3847 705 3890 er
725 3828 824 3891 ueder
844 3827 1166 3912 ilreBescdaffenleeit
1185 3829 1487 3895 suessanorum
1504 3850 1560 3910 pe-

282 3946 382 3991 naaer
405 3929 546 4006 anactea.
578 3930 722 4010 drepor
747 3930 882 3995 Taren.
906 3931 941 4010 de
962 3935 1014 3992 ott.
1036 3941 1119 4011 potr.
1139 3933 1177 3994 16
1199 3931 1327 4012 pactam
1349 3932 1497 4006 dumiraica
1519 3933 1561 4015 ad

282 4033 447 4092 missarum
475 4030 653 4094 celebranda
679 4030 838 4094 sollemnia
860 4035 1019 4104 invitatur,
1047 4034 1179 4130 dicitque
1200 4033 1371 4111 fratribus:
1393 4036 1454 4095 ianr
1476 4033 1573 4096 oculi.

281 4136 340 4192 mn
361 4130 486 4210 ealr'gtne
509 4133 699 4211 obteguntur,
723 4151 777 4196 nec
794 4139 922 4212 possam
945 4132 1119 4195 libellum
1141 4135 1284 4213 aspicere.
1314 4133 1423 4196 De'sser
1446 4135 1557 4197 lidel-

282 4231 343 4293 las
366 4251 431 4294 war
453 4227 519 4295 also
542 4237 590 4295 eto
612 4233 770 4296 Mesalum
792 4239 824 4296 tn
845 4233 971 4300 llea'neoa
993 4233 1126 4306 Format,
1160 4236 1290 4298 claraus
1313 4239 1443 4315 roeutpen
1466 4235 1556 4300 Bldt-

281 4342 350 4394 tern
379 4332 512 4398 lestaud.
560 4333 622 4397 Van
643 4334 787 4398 Sidonias
810 4335 998 4416 Apollinaris
1021 4346 1086 4416 sapt
1108 4353 1143 4398 er
1166 4321 1273 4400 lister.
1297 4337 1445 4399 Francos.
1468 4339 1498 4410 2,
1514 4339 1556 4401 22
1691 4311 1692 4352 i

281 4433 382 4496 allata
405 4435 464 4496 aaut·
481 4441 620 4519 nequiter
641 4436 794 4513 libella,
818 4449 871 4500 eta.
892 4459 924 4518 p.
940 4441 991 4502 29.
1035 4436 1178 4502 Sidonias
1193 4437 1385 4530 tonnae-alsa
1402 4437 1568 4505 arenosa.

280 4537 461 4615 oueamdt'pt
483 4539 548 4603 aaa
569 4540 615 4602 dte
635 4539 797 4620 folgenden
821 4539 910 4603 Teate
930 4545 1043 4620 salpen,
1066 4540 1135 4602 dass
1159 4541 1204 4603 dte
1224 4539 1361 4602 Priester
1383 4539 1560 4620 a'tberloopt

280 4636 327 4698 die
355 4637 513 4719 sttndipau
541 4639 719 4723 Marspedete
746 4643 920 4725 ausuendtp
946 4642 1065 4704 ktnnen
1092 4644 1260 4708 moseten.“
1302 4631 1479 4725 Huiusmodi
1501 4637 1555 4703 li-
