3394 5308
713 427 761 504 03

101 611 159 688 καῖ
182 608 309 688 πάντα
334 612 383 687 τά
409 616 451 689 ἐν
476 611 592 710 αύτῷ.
620 611 667 687 σὺ
691 610 768 713 γὰρ
792 609 824 686 εἶ
850 610 870 686 5
895 609 963 688 τὸν
988 609 1154 710 οὐρανὸν
1180 611 1231 698 ῶς
1251 611 1375 708 καμά-

103 757 170 828 ραν
205 726 346 828 στήσας
378 730 442 806 καὶ
466 729 519 814 ῶς
542 729 666 827 δέρριν
689 728 865 819 ἐκτείνας,
898 730 961 806 καῖ
985 729 1055 828 τὴν
1079 738 1152 834 γῆν
1177 731 1236 807 ἐπ’
1267 731 1375 808 οὐδε-

102 847 160 932 νὸς
190 846 353 948 ἱδρύσας
385 844 519 951 γνώμῃ
552 845 650 944 μόνῃ
684 867 1160 945 (4Esdr.16,60.1>s.104‚2)·
1202 849 1222 925 5
1259 848 1375 947 πήξας

104 965 300 1066 στερέωμα,
325 966 390 1042 καὶ
413 963 534 1043 νύκτα
557 965 621 1041 καὶ
644 965 789 1064 ἡμέραν
812 963 1108 1052 κατασκεδάσας·
1134 967 1154 1042 5
1179 967 1375 1071 ἐξαγαγών

104 1094 178 1186 φῶς
203 1089 244 1161 ἐκ
269 1089 492 1183 θησαυρῶν,
527 1083 591 1160 καὶ
618 1091 665 1182 τῇ
690 1080 827 1190 ταύταν
854 1093 963 1182 στολῇ
991 1083 1193 1189 ἐπαγωγῶν
1217 1085 1260 1162 τὸ
1287 1083 1375 1162 σκό-

103 1235 169 1294 τος,
195 1209 249 1290 εἰς
274 1201 499 1280 ἀνάπαυλαν
523 1211 603 1278 τῶν
628 1205 669 1279 ἐν
694 1211 748 1302 τῶ
774 1199 904 1302 κόσραρ
928 1204 1162 1302 κινουμένων
1187 1202 1316 1295 ζώων·
1353 1204 1374 1279 5

103 1323 163 1398 τόν
193 1322 301 1420 ἥλιον
333 1319 446 1408 τάξας
480 1325 531 1405 εἷς
566 1319 685 1420 ἀρχὰς
715 1328 780 1418 τῆς
803 1321 942 1421 ἡμέρας
973 1323 1015 1398 ἐν
1040 1321 1191 1423 οὐρανῷ
1217 1322 1281 1398 καὶ
1305 1321 1375 1420 τὴν

103 1438 254 1538 σελήνην
285 1445 337 1524 ελς
370 1438 489 1540 ἀρχάς
513 1447 579 1536 τῆς
602 1438 750 1527 νυκτὸς,
782 1439 939 1516 καὶτὸν
960 1439 1078 1540 χορὸν
1103 1448 1182 1516 τῶν
1207 1440 1375 1540 ἀστέρων

102 1563 139 1635 ἒν
170 1559 325 1658 οὐρανῷ
358 1555 617 1659 καταγράψας,
650 1563 702 1642 εἰς
733 1556 841 1634 αἶνον
865 1566 930 1655 τῆς
955 1567 1021 1656 σῆς
1045 1560 1375 1661 μεγαλοπρεπείας·

103 1679 121 1754 5
150 1674 309 1774 ποιήσας
338 1674 447 1774 ὕδωρ
478 1674 570 1776 πρὸς
602 1673 714 1752 πόσιν
745 1674 808 1752 καὶ
840 1673 1051 1775 κάθαρσιν,
1092 1677 1185 1776 ἀέρα
1218 1677 1376 1769 ζωτικὸν

102 1795 189 1894 πρὸς
213 1793 387 1891 ελςπνοὴν
420 1794 485 1869 καῖ
510 1801 640 1893 φωνῆς
665 1789 847 1869 ἀπόδοσιν
873 1792 936 1869 διά
961 1793 1125 1898 γλώττης
1150 1793 1376 1893 πληιτούσης

101 1915 163 1990 τόν
197 1913 304 2012 ἀέρα,
337 1913 402 1988 καῖ
435 1912 552 2010 ἀκοήν
586 1914 886 2014 συνεργουμένην
921 1911 986 1986 ἀπ’
1017 1915 1135 1990 αὐτοῦ
1160 1913 1211 1998 ῶς
1235 1916 1377 1990 ἐπαΐειν

101 2031 355 2130 ιλςδεχομένην
378 2029 448 2128 τὴν
474 2030 776 2127 προςπίπτουσαν
801 2031 896 2127 αὐτῇ
915 2028 1063 2107 λαλιάν·
1092 2029 1283 2128 ὁποιήσας
1300 2039 1375 2129 πῦρ

101 2151 187 2250 πρὸς
221 2147 380 2234 σκότους
410 2146 677 2248 παραμυθίαν,
708 2147 801 2246 πρὸς
833 2147 977 2233 ἐνδείας
1001 2147 1278 2248 ἀναπλήρωσιν,
1312 2147 1377 2224 καῖ

16 2325 17 2330 1
101 2271 139 2345 τὸ
169 2266 454 2368 θερμαίνεσθαι
485 2265 584 2363 ἡμᾶς
615 2266 688 2342 καῖ’
712 2265 945 2366 φωτίζεσθαι
976 2267 1041 2343 ἀπ’
1079 2267 1213 2344 αὐτοῦ·
1255 2267 1275 2344 5
1307 2267 1377 2364 τὴν

103 2385 265 2492 μεγάλην
290 2382 495 2460 θάλασσαν
517 2383 684 2484 χωρίσας
708 2393 773 2482 τὴς
796 2393 876 2488 γῆς,
902 2384 966 2460 καῖ
989 2385 1059 2484 τὴν
1084 2385 1155 2484 μὲν
1180 2384 1378 2472 ἀναδείξας

16 2591 17 2594 ¹
105 2505 262 2602 πλωτὴν,
295 2503 366 2600 τὴν
398 2501 440 2578 δέ
472 2502 561 2579 ποσὶ
592 2499 760 2601 βάσιμον
791 2501 958 2600 ποιήσας,
991 2504 1055 2578 καὶ
1079 2502 1149 2602 τὴν
1173 2502 1245 2600 μὲν
1270 2501 1378 2594 ζώοις

103 2630 244 2726 μικροῖς
269 2621 335 2697 καὶ
359 2616 532 2723 μεγάλοις
557 2616 766 2718 πληθύνας,
790 2620 861 2718 τὴν
886 2621 928 2698 δὲ
953 2622 1101 2722 ἡμέροις
1124 2621 1188 2697 καῖ
1214 2619 1378 2698 ἀτιθάσ-

17 2807 18 2820 ,
105 2769 176 2829 σοις
206 2735 420 2840 πληρώσας,
454 2745 586 2840 φυτοῖς
617 2769 656 2814 τε
689 2737 886 2840 διαφόροις
921 2739 1071 2840 στέψας,
1103 2741 1167 2817 καὶ
1198 2737 1378 2839 βοτάναις

17 2917 19 2988 η
105 2856 359 2962 στεφανώσας,
385 2855 449 2934 καὶ
474 2860 611 2934 ἄνθεσι
635 2855 833 2947 καλλόνας,
867 2858 931 2934 καῖ
956 2860 1140 2956 σπέρμασι
1164 2859 1379 2950 πλουτίσας,

18 3007 20 3080 ρ
106 2979 123 3058 5
145 2973 429 3075 συστησάμενος
454 2977 638 3073 ἄβυσσον,
663 2975 727 3051 καὶ
751 2975 848 3078 μέγα
870 2983 979 3074 κῆτος
997 2978 1091 3075 αὐτῇ
1109 2977 1285 3078 περιθεὶς,
1313 2977 1380 3054 ἀλ-

107 3105 234 3196 ιιυρῶν
267 3091 423 3171 ὑδάτων
455 3093 713 3193 σεσωρευμένα
748 3092 900 3198 πελάγη,
932 3093 1160 3196 περιφράξας
1191 3096 1245 3188 δέΙ
1260 3095 1380 3194 αὐτὴν

18 3279 19 3307 2
107 3213 232 3299 πύλαις
260 3215 390 3311 ἀμμου
416 3209 655 3309 λεπιοτάτης·
682 3212 703 3287 5
729 3210 917 3309 πνεόμασί
941 3243 1028 3288 ποτε
1044 3213 1115 3309 μὲν
1128 3214 1251 3359 55155
1266 3241 1380 3312 κορυ-

19 3387 20 3420 ,
109 3342 187 3430 φῶν
221 3337 275 3416 εἰς
308 3331 425 3431 ἀρέων
456 3332 628 3433 μέγεθος,
661 3359 748 3406 ποτε
740 3328 816 3406 δὲ
842 3327 1070 3429 στρωννόων
1096 3329 1214 3428 αάτὴν
1238 3335 1289 3415 εὶς
1314 3359 1379 3405 πε-

109 3452 198 3542 δίον,
225 3449 292 3526 καί
317 3477 405 3524 ποτε
429 3448 500 3546 μέν
523 3447 713 3544 ἐκμαίνων
734 3457 905 3548 χειμῶνι,
932 3477 1018 3523 ποτε
1011 3447 1087 3525 δὲ
1112 3445 1294 3548 πραόνων
1310 3477 1380 3550 γα

110 3567 205 3667 λήνη,
231 3567 285 3654 ῶς
309 3564 550 3664 ναυσιπόροις
573 3573 786 3714 πλωτῆρσιν
810 3567 963 3644 εὔκολον
988 3565 1084 3643 εἶναι
1100 3567 1192 3666 πρὸς
1207 3567 1377 3665 πορείαν·

20 3645 22 3730 ἐ
112 3687 129 3762 5
156 3715 340 3782 ποταμοις
370 3681 625 3776 διαζώσας
588 3714 655 3761 τον
687 3684 761 3762 ὑπὸ
798 3695 867 3761 σοῦ
893 3684 958 3761 διὰ
982 3691 1151 3787 Χριστοῦ
1176 3683 1380 3789 γενόμενον

20 3747 22 3902 5
111 3803 259 3902 κόσμον,
293 3802 357 3879 καῖ
386 3800 595 3901 χειμάρροις
627 3801 836 3893 ἐπικλύσας,
870 3803 934 3879 καὶ
959 3809 1093 3906 πηγαῖς
1118 3801 1290 3888 ἀεννάοις
1313 3833 1381 3902 με·

20 3903 23 4174 ἡ
113 3921 290 4013 θύσας,’
277 3923 379 4020 όρεσι
411 3919 452 3995 δὲ
477 3920 718 4066 περισφίγξας
742 3926 793 4006 είς
818 3920 979 4020 ἐδραν’
959 3929 1099 4022 ατρεμὴ
1124 3931 1191 4024 γῆς
1216 3923 1380 4020 ἀσφαλε

115 4039 255 4138 οιάτην.
299 4035 512 4137 ἑπλήρωσας
545 4035 620 4141 γάρ
653 4062 723 4114 σου
757 4039 827 4116 τὸν
857 4036 1014 4138 κόσμον,
1046 4069 1110 4116 και
1097 4036 1380 4134 διεκόσμησας

116 4157 222 4234 αύτὸν
255 4153 438 4256 βοτάναις
470 4154 643 4255 εὐόσμοις
674 4157 738 4232 καὶ
776 4156 957 4255 λασίμοις,
999 4155 1107 4249 ζώοις
1140 4161 1285 4240 πολλοῖς
1316 4155 1381 4233 καὶ

115 4274 401 4374 ἀσθενεστέροις,
433 4272 632 4373 ἐδωδίμοις
661 4274 725 4351 καὶ
751 4278 925 4378 ἐνεργοῖς,
958 4275 1105 4375 ἡμέροις
1129 4274 1192 4352 καῖ
1218 4271 1381 4351 ἀτιθάσ-

22 4473 23 4478 ,
118 4417 197 4486 σοις,
222 4397 390 4492 ἑρπετῶν
414 4398 620 4496 συριγμοῖς,
655 4401 807 4490 πτηνῶν
832 4393 1009 4472 ποικίλων
1033 4398 1223 4495 κλαγγαῖς,
1256 4395 1382 4470 ἐνιαυ-

22 4517 25 4598 l
117 4517 186 4584 τῶν
215 4507 375 4600 κύκλοις,
409 4519 543 4608 μηνῶν
573 4510 637 4586 καὶ
668 4509 820 4611 ἡμερῶν
845 4513 1036 4611 ἀριθμοῖς,
1069 4517 1220 4609 τροπῶν
1244 4511 1380 4601 τάξεσι,

120 4635 234 4726 νεφῶν
260 4625 508 4728 ἀμβροτόκων
531 4628 768 4730 διαδρομαῖς,
794 4635 845 4717 ελς
864 4637 1021 4731 καρπῶν
1040 4627 1167 4732 γονὰς,
1193 4628 1256 4706 καὶ
1273 4627 1381 4724 ζώων
