3336 5302
662 437 737 512 453

146 619 326 795 Slacerdos.
366 621 506 694 'Memor
527 633 596 696 'ero
625 633 777 697 'vestrum
809 621 847 696 'ia
874 633 1054 720 conspectu
1082 627 1158 722 agni
1186 627 1248 700 Dei
1275 629 1335 702 im·

69 733 166 797 morta
181 747 220 796 rs.

146 823 287 898 Gborns.
339 823 476 898 lubiiota
503 823 573 896 Deo
600 827 709 898 omnis
736 837 824 899 terra
851 836 914 898 etc.
941 825 1101 900 Ps.100.
1137 829 1225 902 Dein
1251 855 1336 903 oon-

71 937 178 998 tantar
212 951 233 1000 c
262 925 369 998 Cboro
400 925 565 1022 Tropcria
598 929 770 1024 quaedam,
801 928 944 1026 propria
977 929 1018 1000 de
1044 932 1270 1027 temporanei
1296 933 1336 1004 de

71 1027 208 1102 Sanctis.
263 1027 304 1100 Si
329 1026 475 1100 celebrat
498 1027 667 1126 Pontifex,
694 1030 783 1102 inter
808 1039 942 1103 ocntam
967 1030 1061 1104 ebori
1087 1031 1187 1105 tacite
1214 1033 1337 1132 recitat

71 1131 147 1203 dnos
173 1130 356 1215 orationes,
389 1153 456 1226 qao
480 1130 625 1224 aratiam
651 1131 814 1228 Spiritus·
829 1131 948 1204 Sancti
971 1132 1138 1229 implorat.
1193 1135 1336 1232 Compo-

72 1233 147 1304 sitae
180 1239 260 1303 sant
293 1254 314 1302 a
347 1229 385 1302 S.
415 1228 577 1326 Greaorio
610 1232 802 1328 Noriabeno
835 1257 922 1306 saec.
949 1232 989 1304 X.
1023 1258 1083 1307 nec
1117 1236 1185 1310 dici
1217 1237 1335 1313 debent

72 1333 295 1404 asacerdote.

140 1432 309 1508 Sacerdos
330 1457 452 1531 panem
476 1442 639 1520 sanatam,
666 1445 838 1533 acceptam
863 1460 884 1508 a
911 1435 1071 1524 Diacono,
1096 1441 1189 1535 ponit
1216 1441 1252 1512 in
1267 1439 1334 1512 Di·

74 1561 120 1608 rco
145 1535 279 1608 dicens:
518 1565 521 1572 ⁴

138 1636 175 1709 ln
201 1636 397 1710 memoriam
424 1635 557 1710 Domini
582 1632 688 1710 nostri
715 1638 791 1711 lesu
818 1637 953 1712 Christi.

145 1738 233 1811 Dein
257 1739 372 1836 [ondit
397 1739 510 1811 oinnrn
533 1740 571 1811 in
596 1739 733 1812 calicem
759 1742 971 1814 decussatim.
1024 1742 1073 1815 Aa
1100 1744 1202 1816 dicit:

137 1839 174 1912 ln
218 1841 414 1914 memoriam
458 1852 492 1913 et
532 1839 667 1914 Domini
710 1842 772 1915 Dei
815 1853 849 1914 et
891 1844 1069 1916 servatoris
1113 1845 1219 1918 nostri
1261 1844 1335 1920 lesu

75 1941 197 2014 Christi.

145 2043 190 2116 Et
223 2045 346 2116 recitat
378 2053 506 2118 secreto
540 2044 739 2117 orationem:
773 2044 876 2139 Deus,
909 2046 999 2120 Deus
1025 2055 1151 2138 noster,
1186 2043 1206 2118 ὁ
1236 2044 1335 2134 Θεὸς,

77 2139 92 2214 ὁ
116 2141 199 2225 Θεὸς
223 2140 334 2238 ἡμῶν
358 2168 390 2240 p.
410 2145 496 2218 338.

148 2245 292 2319 Obdacit
317 2247 391 2320 octo
419 2271 518 2318 sacra
545 2247 642 2338 dono,
669 2248 770 2320 tacite
797 2273 898 2324 arans
924 2247 1048 2322 Psalm.
1069 2248 1138 2322 93.-
1172 2248 1335 2321 Dominus

76 2349 224 2442 regoavit,
252 2348 408 2420 docorem
434 2347 570 2421 indutus
596 2359 648 2420 cst
673 2357 736 2421 etc.

150 2449 241 2522 Tana
267 2459 320 2522 ter
346 2450 456 2545 ciaon
483 2449 570 2522 dorta
596 2450 690 2544 nano
716 2453 828 2525 arnoia
855 2451 1014 2525 dicendo:

77 2647 94 2721 b
127 2551 290 2726 bSpiritus
317 2551 461 2624 Sanctus
487 2552 698 2649 superveniet
730 2552 764 2624 in
792 2565 824 2626 te
851 2565 884 2627 et
909 2555 1012 2626 virtus
1040 2552 1191 2627 altissimi
1219 2552 1335 2627 obum-

95 2675 125 2724 rn
148 2664 173 2724 rt
197 2663 221 2725 tr
247 2655 269 2726 i.

147 2753 191 2826 Et
217 2765 352 2852 accepto
376 2754 548 2827 tbaribnlo
574 2753 764 2827 aDiacono
789 2754 939 2826 incensat
966 2755 1052 2828 dona
1079 2766 1111 2826 et
1138 2767 1212 2828 orat
1234 2758 1336 2832 tacite

79 2857 247 2928 orationem
270 2857 409 2929 inoerosi.
442 2856 550 2928 Porro
576 2865 666 2928 totns
691 2855 842 2952 fideliam
867 2865 980 2928 coetus
1006 2857 1210 2931 incensatur.
1245 2859 1335 2932 Pro-

79 2957 184 3030 cedant
211 2957 378 3031 Sacerdos
405 2967 437 3030 et
462 2957 610 3030 ministri
637 2981 654 3029 e
681 2956 836 3030 Protbesi
861 2958 897 3028 in
924 2955 1173 3030 Sanctaariam.
1184 2959 1206 3054 ¹)

283 3179 322 3250 D.
374 3175 543 3251 mssa
571 3173 1111 3250 GATDGHUMDNORDM.

149 3328 326 3403 Diaconos.
380 3329 532 3420 Domine,
560 3329 747 3401 benedicas.

150 3429 325 3503 Sacerdos.
377 3431 595 3504 Deiradictum
632 3453 773 3526 regnum
806 3428 913 3502 Patris
948 3438 981 3499 et
1013 3426 1088 3499 Filii
1122 3437 1156 3498 et
1189 3427 1335 3526 Spiritus

82 3525 179 3603 Sancti
205 3557 295 3606 nunc
321 3543 355 3606 et
380 3558 512 3631 semper
538 3544 571 3605 et
597 3534 631 3605 in
659 3533 790 3605 saecula
816 3530 1034 3604 sacculorum.
1062 3531 1177 3601 Amen.
1204 3555 1236 3626 p.
1249 3529 1334 3606 340.

79 3685 375 3706 Ὦ

82 3764 142 3816 baren
158 3771 253 3821 Steinen
278 3771 443 3834 gesotrmttbt,
467 3771 491 3821 ia
518 3772 562 3821 der
580 3771 657 3831 nond,
685 3769 747 3819 donn
772 3770 811 3819 die
835 3767 922 3830 heiliga
940 3768 1018 3818 Scires
1037 3767 1086 3818 and
1104 3769 1337 3830 grosss'Ebrtarcht

84 3851 172 3903 ratden
189 3855 267 3917 lagen
287 3854 331 3904 der
349 3856 430 3915 caten,
448 3856 527 3905 dieser
545 3870 618 3916 ganne
637 3853 760 3903 retectione
771 3853 933 3903 Gottasdienst
951 3853 1034 3901 mitten
1052 3852 1076 3900 in
1094 3851 1182 3912 einem,
1201 3851 1336 3904 demetri·

83 3938 187 3988 sartham
206 3938 350 3990 isiodtichen
369 3940 458 3999 Linde,
476 3947 539 3990 ntra
557 3939 688 4000 aitardings
705 3938 816 4000 assignet
833 3951 951 3999 genesen,
969 3937 1013 3986 dos
1032 3935 1132 3988 Gerontia
1151 3937 1217 3986 eines
1236 3937 1336 3988 Gitoni·

85 4029 121 4074 nn
146 4037 171 4072 aa
196 4027 314 4086 ergreitea
343 4023 391 4074 aad
417 4039 446 4073 zo
474 4024 588 4082 orbabas,
616 4037 684 4072 wenn
712 4033 787 4083 aegea
812 4021 894 4070 dicam
913 4026 1016 4070 tannero
1035 4019 1108 4072 Gisnz
1126 4019 1169 4070 des
1187 4021 1334 4071 kirchiichen

85 4099 212 4156 bitosder
234 4115 383 4159 sasserst
406 4108 511 4168 tadu,
542 4107 627 4157 atior
651 4106 823 4156 Harmonia
852 4104 912 4154 aad
937 4103 1075 4154 Deladie
1106 4103 1333 4166 ermsngoinde

85 4183 326 4256 birchengessog
344 4207 390 4242 nar
408 4191 473 4242 nicht
490 4191 611 4241 sttrasehr
628 4191 765 4241 contrastirt
784 4191 856 4239 hatte.
886 4189 1017 4250 Wagner
1035 4189 1105 4238 Reios
1123 4186 1183 4236 nach
1202 4187 1257 4237 dam
1275 4187 1337 4238 Ara-

85 4277 115 4320 nt
130 4285 177 4323 na.
188 4291 214 4326 w.
233 4293 255 4341 p.
269 4277 330 4328 121:
356 4275 605 4327 instromentatmasik
629 4274 660 4323 ist
686 4275 708 4323 in
728 4273 903 4324 Etscbmisdsin
929 4289 989 4338 ganz
1007 4272 1145 4322 unbekannt
1161 4271 1209 4320 and
1228 4286 1274 4322 nor
1291 4272 1335 4323 dar

87 4353 218 4423 cintoria
235 4362 397 4412 haatsnde
416 4362 540 4419 sesana
558 4358 601 4408 der
619 4357 719 4408 Danaae
737 4359 850 4422 begieitet
867 4357 912 4408 den
931 4359 1051 4421 traorigcn
1070 4355 1098 4417 tit
1116 4355 1286 4406 Gottesdienst

160 4442 181 4502 l)
203 4447 297 4496 Armeni
316 4461 370 4496 cam
389 4447 494 4496 Romans
513 4444 615 4494 arcteris
634 4444 693 4493 uniti
708 4443 766 4504 (tc)
780 4445 891 4505 ignorant
908 4441 1014 4490 afficiam
1033 4435 1078 4500 τῆς
1094 4437 1254 4502 προθέσεως
1273 4453 1333 4503 pro-

88 4521 130 4580 Ρῐὶε
144 4527 177 4576 sic
192 4527 285 4580 dictam.
322 4531 466 4581 Sacerdotes
484 4539 507 4580 st
525 4523 637 4586 ministri,
655 4529 678 4578 in
697 4525 810 4577 Sacristis
828 4527 903 4576 sacris
921 4525 1026 4574 restibus
1043 4523 1130 4583 ornati,
1147 4524 1227 4572 statim
1246 4523 1324 4574 intran

88 4597 112 4652 ιό
126 4599 199 4671 ἅγιον
213 4611 286 4678 βῆμα
311 4629 340 4664 ro
358 4613 479 4674 dicantar,
503 4627 564 4678 qaas
581 4627 654 4676 snpra
673 4613 762 4676 scripta
786 4619 850 4670 sant,
875 4617 930 4660 ants
953 4621 1028 4658 nram.
1063 4607 1176 4658 Mittimus
1194 4607 1218 4656 ia
1236 4608 1334 4660 minatis

89 4687 265 4758 discrepantiam:
284 4699 364 4764 poscit
381 4699 486 4748 Romans
504 4697 663 4760 consuetodo,
682 4705 708 4746 ut
724 4697 778 4746 rino
797 4695 956 4748 eucharistico
974 4693 1190 4824 miscastnragqas.

117 4773 148 4823 a.
