3360 5304
900 427 971 501 182

297 621 469 717 hymnum,
495 619 671 709 bonorem,
699 613 958 706 confessionem,
986 612 1285 707 moderationem,
1313 637 1404 686 nunc
1431 625 1466 686 et
1491 637 1586 688 sem·

296 747 368 820 per,
396 735 430 795 et
454 724 489 795 in
516 721 648 795 saecule
674 716 893 791 saeculorum.

307 901 310 908 ,
375 825 543 897 Sacerdos
570 823 679 918 eipnat
708 819 938 893 Sacramenta.
990 815 1236 914 despondetur.
1287 816 1406 890 Amen.

375 926 556 1000 Diaconos.
609 925 646 996 ln
673 921 841 994 mentibus
866 921 997 992 vestris.
1050 919 1149 993 Orate
1175 941 1292 1015 paoem
1318 917 1505 991 nobiscum.

337 1128 505 1202 Sacerdos
532 1126 614 1200 dicit
639 1125 724 1198 banc
753 1123 958 1210 Orationem,
985 1121 1168 1194 inclinatae
1194 1131 1226 1194 et
1254 1122 1420 1194 submissa
1443 1141 1540 1194 noce.

374 1263 516 1336 Domine
548 1262 640 1334 Deus
673 1271 810 1358 potens,
846 1259 979 1356 suscipe
1013 1257 1100 1330 hanc
1136 1255 1355 1351 oblationem,
1390 1281 1451 1354 pro
1486 1257 1585 1330 omni

297 1365 446 1438 Ecclesia
475 1375 587 1437 sancta
615 1362 795 1454 Catholica,
822 1372 856 1433 et
880 1385 941 1459 pro
970 1359 1124 1433 omnibus
1148 1359 1303 1432 Patribus
1328 1359 1393 1456 piis
1421 1369 1455 1432 et
1479 1359 1585 1432 iustis

299 1467 355 1564 qui
389 1466 501 1563 placiti
535 1465 671 1538 luerunt
697 1464 769 1556 tibi,
805 1472 839 1536 et
863 1488 924 1561 pro
952 1461 1106 1536 omnibus
1133 1461 1309 1557 Prophetis
1335 1472 1371 1532 et
1392 1459 1584 1558 dpostolis‚

299 1581 333 1640 et
364 1592 425 1664 pro
460 1567 615 1640 omnibus
648 1566 859 1662 Martyribus,
894 1576 928 1637 et
961 1562 1230 1656 consessoribus,
1266 1573 1300 1635 et
1333 1587 1393 1660 pro
1422 1561 1586 1636 omnibus

298 1669 503 1764 lugentibus,
538 1669 735 1764 angustiatis
762 1679 796 1742 et
821 1667 979 1764 aegrotis,
1014 1677 1049 1738 et
1074 1690 1134 1762 pro
1162 1665 1317 1738 omuibus
1343 1665 1584 1738 necessitatem

298 1781 334 1844 et
358 1770 564 1844 vexationem
590 1770 804 1868 patientibus,
838 1778 872 1842 et
897 1793 957 1865 pro
985 1769 1140 1842 omnibus
1167 1767 1309 1840 infirmis
1337 1778 1371 1839 et
1396 1767 1586 1864 oppressis,

299 1883 333 1945 et
358 1896 418 1969 pro
447 1871 809 1963 omnibusdelunctis,
837 1871 894 1969 qui
921 1869 1055 1944 anobis
1073 1869 1217 1967 separati
1235 1869 1479 1964 migraverunt:
1508 1880 1587 1942 tum

298 1997 359 2071 pro
387 1974 542 2048 omnibus
569 1975 625 2072 qui
651 1984 769 2070 petunt
795 1975 979 2046 orationem
1005 1971 1047 2044 ab
1074 1971 1266 2044 infirmitate
1294 1981 1420 2064 nostra,
1457 1980 1493 2043 et
1517 1995 1585 2067 pra

299 2099 352 2149 me
387 2086 562 2172 peccatore
596 2075 714 2148 humili
748 2085 782 2147 et
814 2074 957 2148 infirmo.
1011 2072 1152 2148 Domine
1179 2073 1270 2146 Deus
1296 2083 1423 2165 noster,
1458 2095 1586 2156 secun·

300 2178 379 2250 dum
397 2178 630 2249 miserationes
650 2186 735 2269 tuas,
763 2175 1077 2273 multitudinemque
1096 2176 1277 2270 gratiarum
1295 2185 1438 2267 tuarum,
1466 2175 1585 2271 aspice

299 2277 459 2374 populum
486 2288 592 2370 tuum,
611 2287 661 2350 ct
686 2301 739 2350 mo
766 2278 948 2371 infirmum,
983 2301 1092 2373 neque
1120 2277 1304 2350 seeundum
1330 2285 1465 2373 peccata
1492 2301 1585 2369 mea,

300 2389 335 2450 et
367 2379 577 2477 insipientias
611 2403 720 2452 meas:
758 2380 817 2452 sed
852 2389 890 2453 ut
915 2379 1007 2476 digni
1035 2380 1116 2452 liant
1141 2379 1341 2452 remissione
1367 2390 1587 2474 peccatorum

300 2505 451 2574 suorum,
478 2505 686 2578 percorpus
713 2480 778 2554 hoc
804 2492 968 2574 sanctum,
1006 2480 1093 2578 quod
1121 2505 1198 2554 cum
1223 2481 1288 2554 lide
1316 2481 1495 2577 accipiunt,
1521 2505 1587 2577 per

301 2583 441 2677 gratiam
467 2583 717 2658 misericordiae
743 2594 820 2656 tune
847 2585 882 2656 in
909 2582 1040 2658 saecula
1067 2583 1288 2655 saeculorum.
1339 2581 1457 2654 Amen.

569 2783 610 2860 In
637 2785 705 2858 alio
732 2785 844 2858 codice
869 2785 921 2858 ita
946 2785 1066 2882 incipit
1090 2784 1153 2858 illa
1181 2783 1311 2858 Oratio.

377 2919 519 2994 Domine
545 2920 636 2995 Deus
669 2930 800 3017 patens,
835 2919 953 2993 exaudi
985 2943 1101 2992 vocem
1135 2919 1290 3002 clamoris
1316 2919 1383 2993 mei
1410 2941 1523 2990 coram
1551 2929 1587 2991 te

302 3021 366 3093 hoc
393 3031 561 3121 tempore:
588 3022 724 3096 intende
751 3023 893 3098 umine
919 3030 954 3094 et
979 3021 1057 3095 audi
1084 3022 1228 3116 gemitus
1255 3045 1348 3094 meos
1376 3042 1488 3092 coram
1514 3045 1588 3092 rnn-

302 3125 420 3196 iestate
447 3135 515 3218 tua,
544 3126 742 3223 suscipeque
770 3123 1037 3220 deprecationem
1063 3126 1129 3196 mei
1156 3124 1353 3221 peccatoris,
1388 3146 1453 3219 qua
1480 3121 1588 3195 inter·

301 3225 388 3322 pello
416 3228 556 3321 gratiam
584 3237 686 3320 tuam,
722 3225 784 3299 hac
810 3227 891 3298 bora
919 3250 982 3324 qua
1009 3226 1146 3298 ollertur
1173 3225 1372 3298 sacrificium
1398 3225 1587 3332 patrituo.

301 3326 461 3402 Miserere
482 3330 630 3402 omnium
655 3339 900 3402 creaturarum:
927 3350 1027 3424 parce
1045 3326 1125 3421 reis,
1153 3337 1308 3400 converte
1327 3338 1495 3415 errantes3
1525 3350 1588 3423 op·

301 3451 438 3524 pressos
464 3454 598 3520 recrea3
626 3429 767 3502 turbatis
794 3430 940 3527 quietem
966 3439 1117 3524 praesta:
1152 3453 1231 3502 sana
1258 3429 1426 3501 infirmos:
1463 3452 1586 3500 conso·

302 3529 372 3600 lare
398 3529 559 3621 afflictos3
596 3542 629 3604 et
654 3531 777 3626 perfice
805 3531 1032 3625 eleemosynas
1059 3553 1174 3605 eorum
1202 3531 1259 3629 qai
1285 3541 1465 3628 operantur
1487 3530 1588 3603 iusti-

303 3629 402 3721 tiam,
442 3642 578 3727 prapter
619 3655 740 3704 nomen
781 3641 876 3704 tuum
917 3641 1079 3706 sanctum.
1131 3633 1196 3705 Mei
1234 3656 1365 3730 quoque
1398 3633 1590 3729 peccatoris

303 3731 464 3803 miserere
498 3757 558 3828 por
592 3734 732 3828 gratiam
766 3743 868 3805 tuam.
919 3732 1061 3807 Domine
1086 3734 1177 3808 Deus
1211 3745 1342 3831 potens,
1380 3733 1588 3831 suscipiatur

305 3831 426 3904 oblatio
461 3831 544 3906 haec
577 3859 637 3932 pro
666 3836 820 3909 universa
846 3835 994 3908 Ecclesia
1022 3846 1135 3908 sancta
1162 3836 1342 3928 catholica,
1376 3847 1410 3908 et
1434 3860 1496 3934 pro
1524 3836 1589 3910 So·

305 3933 509 4028 cerdatibus,
535 3935 696 4031 Regibus,
723 3936 942 4035 principibus,
970 3945 1003 4010 et
1028 3939 1223 4035 reliquant
1250 3963 1365 4035 capra.

434 4139 601 4213 Sacerdos
628 4139 710 4212 dicit
737 4139 822 4213 banc
851 4139 1045 4214 Orationem
1070 4141 1298 4215 inclinationis
1325 4149 1463 4214 secreto.

381 4273 466 4348 Xlll.
509 4275 558 4348 Tu
585 4274 728 4348 Domine
762 4298 822 4372 per
848 4276 1080 4350 miserationes
1107 4287 1181 4349 tues
1207 4276 1327 4348 multas
1353 4283 1388 4348 et
1413 4275 1587 4348 inenarra-

305 4371 401 4468 biles,
435 4375 487 4448 lac
521 4377 716 4450 memoriam
752 4376 874 4450 bonam
908 4387 943 4450 et
975 4378 1211 4474 acceptabilem
1244 4375 1399 4451 omnibus
1432 4377 1588 4472 patribus

302 4530 616 4547 ——u———--

393 4611 451 4674 Cap.
469 4613 530 4663 xtu.
548 4671 550 4676 Ι
567 4613 796 4674 Reaaldotius‚
820 4621 932 4664 strenuus
956 4615 1109 4664 orientalium
1134 4615 1222 4664 rituum
1240 4623 1358 4678 patronus
1377 4629 1405 4664 ac
1421 4612 1506 4663 vindex
1526 4613 1587 4664 baec

306 4703 404 4746 monet:
428 4696 455 4746 la
473 4697 519 4748 bac
537 4699 645 4748 aratione
664 4697 703 4760 (u
720 4701 797 4750 ueniat
816 4698 916 4751 Domine
934 4700 1039 4765 Spiritus
1057 4697 1169 4762 Sanctus)
1188 4699 1336 4750 obseruanda
1354 4705 1411 4749 saut
1428 4697 1503 4748 mulla
1524 4711 1588 4762 quar
