3336 5302
887 342 962 420 428

288 520 457 620 στράφης
481 525 524 600 τὸ
550 523 703 620 πλάσμα
730 547 798 601 σου
824 529 875 608 εἰς
898 527 1011 614 τέλος,
1047 526 1067 600 ὃ
1093 523 1279 622 ἐποίησας,
1305 523 1446 626 ἀγαθέ,
1471 525 1557 600 οὐδὲ

286 623 473 700 ἐπελάθου
507 629 598 730 ἐργα
626 632 764 723 χειρῶν
796 651 878 714 σου,
913 627 986 702 ἀλλ’
1016 627 1204 724 ἐπεσκέψω
1230 623 1472 722 πολυτρόπως
1495 625 1558 702 διά
1651 673 1652 710 2

289 723 484 829 σπλάγχνα
509 728 630 813 ἐλέους
654 753 734 804 σου.
762 726 969 826 Προφήτας
994 727 1257 818 ἐξαπέστειλας,
1293 728 1469 824 ἐποίησας
1493 727 1559 804 δα-

287 827 417 924 νάμεις
442 829 506 906 διὰ
532 838 610 906 τῶν
635 829 756 931 άγίων
782 855 850 906 σου
876 839 954 906 τῶν
980 831 1067 906 καθ’
1091 825 1250 926 ἑκάστην
1274 829 1409 932 γενεὰν
1433 830 1559 926 εὐαρε-
1651 835 1652 864 ³

288 929 508 1027 στησάντων
541 957 609 1007 σοι.
655 928 855 1028 Ἐλάλησας
885 931 977 1028 ἡμῖν
1009 931 1073 1008 διά
1100 929 1284 1028 στόματος
1307 941 1387 1008 τῶν
1413 929 1559 1006 δούλων
1651 989 1652 996 1

289 1057 358 1107 σου
391 1041 469 1109 τῶν
502 1043 725 1133 προφητῶν,
765 1033 1096 1136 προκαταγγέλλων
1127 1033 1219 1130 ἡμῖν
1250 1034 1319 1129 τὴν
1351 1034 1559 1130 μέλλουσαν
1651 1071 1652 1074 “

288 1136 443 1210 ἔσεσθαι
479 1136 682 1233 σωτηρίαν·
720 1133 840 1228 νόμον
875 1135 1017 1220 ἔδωκας
1051 1140 1103 1218 ελς
1136 1131 1338 1232 βοήθειαν·
1383 1134 1560 1236 ἀγγέλους
1651 1193 1652 1230 3

288 1236 486 1332 ἐπέστησας
512 1235 691 1336 φύλακας.
727 1235 813 1314 Ὅτε
840 1235 881 1312 δέ
906 1233 1000 1334 ήλθε
1026 1234 1068 1311 τὸ
1094 1233 1277 1334 πλήρωμα
1302 1244 1380 1311 τῶν
1404 1245 1558 1330 καιρῶν,
1651 1267 1652 1286 ¹

288 1335 465 1434 ἐλάλησας
490 1339 582 1434 ἡμῖν
606 1343 647 1416 ἐν
673 1339 776 1435 αὐτῷ
803 1347 856 1435 τῷ
882 1339 953 1436 υἱῷ
980 1365 1062 1426 σου,
1089 1337 1134 1414 δι’
1164 1331 1210 1415 οὗ
1234 1337 1298 1412 καί
1316 1337 1404 1422 τοὺς
1421 1344 1560 1422 αλῶνας

287 1439 470 1535 ἐποίησας.
501 1442 570 1524 Ὃς
602 1440 657 1516 ών
690 1437 920 1542 ἀπαύγασμα
945 1448 1010 1537 τῆς
1034 1436 1143 1535 δόξης
1168 1465 1250 1528 σου,
1284 1439 1347 1516 καὶ
1368 1439 1558 1536 χαρακτήρ
1651 1427 1652 1472 ³

288 1549 353 1626 τῆς
377 1539 615 1627 ὑποστάσεώς
640 1567 722 1632 σου,
749 1543 876 1638 φέρων
900 1571 939 1616 τε
965 1541 1011 1615 τά
1038 1539 1161 1636 πάντα
1186 1550 1240 1638 τῷ
1259 1537 1395 1637 ῥήματι
1412 1549 1478 1637 τῆς
1493 1541 1560 1616 δυ-
1651 1623 1652 1630 ρ

288 1641 436 1737 νάμεως
467 1643 598 1732 αὐτοῦ,
632 1644 700 1738 οὐχ
726 1643 927 1744 ἁρπαγμὸν
952 1640 1118 1745 ἡγήσατο
1143 1641 1186 1718 τὸ
1212 1641 1306 1721 εἶναι
1331 1641 1395 1717 ἶσα
1423 1643 1483 1717 σοὶ
1508 1651 1558 1740 τῷ

294 1748 372 1841 Θεῷ
397 1744 460 1818 καί
477 1745 607 1839 πατρί·
636 1745 729 1819 ἀλλὰ
751 1745 838 1830 Θεὸς
855 1744 911 1820 ών
928 1741 1162 1839 προαιώνιος,
1176 1743 1246 1818 ’ἐπὶ
1264 1751 1328 1840 τῆς
1345 1752 1413 1844 γῆς
1430 1746 1558 1840 ὤφθη,

288 1846 353 1921 καὶ
385 1852 461 1929 τοῖς
494 1845 713 1941 ἀνθρώποις
746 1843 1046 1945 συνανεστροίφη,
1077 1843 1141 1920 καί
1166 1849 1207 1920 ἐκ
1232 1845 1426 1939 παρθένου
1453 1846 1560 1948 ἁγίας

291 1949 512 2044 σαρκωθείς,
538 1951 717 2024 ἐκένωσεν
742 1948 877 2023 ἑαυτὸν
895 1947 1047 2045 μορφὴν
1064 1943 1202 2022 δούλου
1220 1946 1362 2043 λαβών,
1391 1944 1551 2043 σύμμορ-

290 2077 361 2146 φος
385 2048 582 2149 γενόμενος
606 2059 661 2146 τῷ
688 2048 833 2141 σώματι
858 2057 922 2145 τῆς
946 2046 1200 2132 ταπεινώσεως
1224 2048 1345 2144 ἡμῶν,
1373 2051 1440 2123 ἵνα
1465 2049 1560 2146 ἡμᾶς

290 2148 538 2248 συμμόρφους
563 2151 695 2248 ποιήσῃ
721 2159 785 2246 τῆς
810 2149 950 2234 εἰκόνος
966 2157 1030 2247 τῆς
1047 2148 1156 2247 δόξης
1175 2151 1302 2224 αὐτοῦ.
1322 2149 1471 2246 Ἐπειδὴ
1489 2151 1559 2252 γὰρ
1651 2163 1652 2180 ¹

289 2250 334 2326 δι’
375 2249 585 2349 ἀνθρώπου
617 2254 640 2350 ή
676 2253 841 2349 ἁμαρτία
867 2256 1034 2348 ελςῆλθεν
1059 2257 1111 2336 εἰς
1134 2251 1202 2327 τὸν
1226 2249 1381 2345 κόσμον,
1407 2254 1473 2326 καὶ
1499 2253 1559 2328 διὰ

288 2360 354 2449 τῆς
387 2353 573 2450 ἁμαρτίας
606 2355 626 2430 ὃ
659 2351 841 2443 θάνατος,
875 2351 1074 2449 εὐδόκησεν
1099 2353 1119 2428 ὃ
1145 2351 1348 2455 μονογενής
1374 2379 1445 2428 σου
1471 2355 1559 2443 υίὸς,
1651 2381 1652 2384 ’

291 2453 393 2530 ὃών
418 2459 459 2531 ἐν
484 2463 561 2540 τοῖς
585 2454 733 2540 κόλποις
758 2480 827 2531 σου
851 2463 920 2529 τοῦ
950 2459 1042 2529 Θεοῦ
1077 2454 1141 2530 καὶ
1178 2455 1330 2547 πατρὸς,
1363 2453 1560 2556 γενόμενος

290 2559 330 2630 ἐκ
361 2557 538 2658 γυναικὸς
569 2565 633 2654 τῆς
658 2558 767 2659 ἁγίας
791 2554 973 2632 θεοτόκου
998 2557 1063 2632 καὶ
1088 2553 1145 2630 ἀεὶ
1169 2556 1364 2652 παρθένου
1397 2559 1559 2653 Μαρίας,

289 2655 488 2758 γενόμενος
512 2657 585 2733 ὑπὸ
608 2656 742 2754 νόμον,
767 2665 987 2752 κατακρῖναι
1013 2659 1081 2756 τὴν
1106 2657 1297 2753 ἁμαρτίαν
1321 2662 1363 2733 ἐν
1387 2667 1435 2756 τῇ
1454 2661 1561 2757 σαρκὶ

291 2759 427 2834 αὐτοῦ·
453 2761 517 2834 ἵνα
545 2761 579 2834 οἱ
604 2765 646 2836 ἐν
670 2769 725 2858 τῷ
740 2760 863 2856 Ἀδάμ
879 2757 1191 2856 ἀποθνήσκοντες,
1218 2759 1508 2856 ζωοποιηθιῖισιν
1523 2765 1560 2836 ἐν

291 2860 395 2958 αὐτῷ
411 2869 465 2958 τῷ
479 2857 634 2959 Χρίστῷ
653 2887 738 2937 σου·
761 2863 825 2937 καὶ
841 2859 1194 2958 ἐμπολιτευσάμενος
1211 2869 1264 2959 τῷ
1282 2859 1411 2960 κόσμῳ
1427 2861 1559 2960 τούτῳ,

291 2959 381 3046 δοὺς
412 2959 677 3064 προςτάγματα
711 2965 906 3062 σωτηρίας,
943 2963 1155 3060 ἀποστήσας
1192 2963 1288 3060 ἡμᾶς
1322 2972 1386 3060 τῆς
1423 2962 1560 3061 πλάνης

290 3071 369 3138 τῶν
403 3062 582 3154 εἰδώλων,
618 3064 822 3168 προςήγαγε
857 3075 901 3162 τῇ
938 3065 1132 3192 ἐπιγνώσει
1168 3071 1237 3140 σοῦ
1271 3073 1339 3140 τοῦ
1376 3065 1561 3162 ἀληθινοῦ
1651 3157 1652 3168 ¹

295 3169 387 3240 Θεοῦ
419 3166 483 3241 καὶ
516 3167 667 3258 πατρὸς,
699 3166 927 3264 κτησάμενος
950 3176 1047 3264 ημᾶς
1073 3169 1194 3265 ἑαυτῷ
1220 3167 1312 3244 λαὸν
1335 3167 1560 3260 περιούσιον,

290 3267 487 3363 βασιλικὸν
511 3267 725 3366 ἱεράτευμα,
752 3271 865 3354 ἐθνος
890 3270 1015 3371 ἅγιον·
1044 3269 1107 3343 καί
1132 3270 1345 3363 καθαρίσας
1370 3273 1412 3342 ἐν
1437 3269 1560 3358 ίίδατι,

290 3369 354 3446 καὶ
386 3366 545 3470 άγιάσας
576 3379 630 3468 τῷ
663 3369 846 3458 πνεύματι
877 3381 930 3468 τῷ
957 3369 1067 3473 άγίῳ,
1100 3370 1237 3446 ἐδωκεν
1262 3369 1399 3446 ἑαυτὸν
1424 3370 1561 3446 ἀντάλ-

291 3477 418 3570 λαγμα
448 3480 501 3568 τῷ
535 3469 696 3570 θανάτῳ
721 3475 762 3547 ἐν
788 3467 819 3570 ά
843 3475 1094 3568 κατειχόμεθα
1119 3472 1367 3573 πεπραγμένα
1394 3472 1471 3548 ὑπὸ
1496 3476 1562 3569 τὴν

291 3570 495 3667 ἁμαρτίαν·
522 3572 586 3647 καὶ
610 3573 807 3654 κατελθών
832 3573 897 3649 διά
923 3583 991 3648 τοῦ
1017 3582 1181 3670 σταυροῦ
1207 3580 1257 3658 εἰς
1277 3573 1344 3652 τὸν
1360 3573 1474 3671 ᾅδην,
1501 3577 1560 3649 ἵνα

292 3669 466 3769 πληρώσῃ
493 3673 628 3750 ἑαυτοῦ
653 3676 700 3750 τά
725 3673 862 3764 πάντα,
889 3678 992 3750 ἔλυσε
1018 3676 1086 3760 τὰς
1109 3673 1248 3760 ὀδύνας
1273 3683 1352 3750 τοῦ
1366 3673 1558 3752 θανάτου·

289 3773 357 3848 καὶ
389 3773 555 3858 ἀναστὰς
589 3785 634 3873 τῇ
660 3777 764 3876 τρίτῃ
789 3777 921 3875 ἡμέρᾳ,
954 3776 1018 3852 καὶ
1043 3772 1266 3872 όδοποιήσας
1292 3777 1401 3872 σαρκὶ
1427 3779 1499 3875 τὴν
1524 3783 1560 3852 ἐκ

292 3883 436 3973 νεκρῶν
466 3875 687 3968 ἀνάστασιν,
720 3877 859 3955 καθότι
885 3879 954 3956 οὐκ
977 3875 1026 3976 ήν
1051 3878 1217 3954 δυνατὸν
1242 3882 1467 3974 κρατεῖσθαι
1491 3879 1561 3956 ὑπὸ

292 3985 358 4074 τῆς
383 3980 535 4077 φθορᾶς
559 3979 626 4055 τὸν
651 3981 818 4082 ἀρχηγὸν
841 3989 906 4076 τῆς
932 3980 1036 4077 ζωῆς.
1055 3981 1219 4082 Ἐγένετο
1240 3981 1389 4077 ἀπαρχὴ
1407 3989 1489 4058 τῶν
1505 4011 1562 4057 κε-

292 4081 540 4177 κοιμημένων,
576 4081 807 4179 πρωτότοκος
842 4086 882 4158 ἐκ
917 4091 995 4156 τών
1029 4090 1189 4178 νεκρῶν·
1225 4085 1290 4158 ἵνα
1325 4079 1492 4178 ᾐαάτὸς
1516 4083 1562 4158 τὰ

293 4178 417 4256 πάντα
450 4186 491 4259 ἐν
524 4192 615 4258 πᾶσι
647 4182 862 4281 πρωτεύων,
894 4185 957 4258 καί
991 4183 1166 4259 ἀνελθών
1191 4189 1242 4269 είς
1272 4183 1353 4267 τοὺς
1378 4185 1562 4280 οὐρανούς

292 4279 471 4359 ἐκάθισεν
494 4288 536 4360 ἐν
561 4284 664 4384 δεξιᾷ
688 4294 753 4383 τῆς
776 4283 1040 4387 μεγαλωσύνης
1065 4309 1134 4361 σου
1159 4285 1390 4383 ἐν-ύφηλοῖς.
1407 4287 1479 4372 Ὃς
1501 4286 1561 4362 καί

292 4383 367 4477 ήξει
398 4385 608 4463 ἀποδοῦναι
638 4384 783 4484 ἑκάστῳ
815 4387 910 4464 κατὰ
942 4387 989 4462 τά
1022 4389 1114 4489 ἔργα
1146 4387 1282 4464 αὐτοῦ·
1320 4387 1489 4464 κατέλιπε
1521 4387 1560 4464 δι’

296 4484 385 4580 ἡμῖν
416 4484 668 4586 ὑπομνήματα
702 4497 771 4564 τοῦ
803 4490 987 4587 σωτηρίου
1020 4491 1137 4564 αὐτοῦ
1169 4487 1337 4579 πάθους,
1370 4497 1503 4579 ταῦτα,
1535 4490 1559 4562 ἀ

294 4589 587 4687 προτεθείκαμεν
611 4590 707 4666 κατὰ
731 4591 798 4675 τὰς
825 4591 942 4668 αὐτοῦ
967 4589 1127 4676 ἐντολάς.
1154 4591 1317 4668 Μέλλων
1337 4589 1412 4694 γὰρ
1429 4596 1558 4678 ἐξεῖναι
