3416 5290
938 400 1011 474 678

336 583 456 673 πσμεν,
484 575 532 672 τῷ
558 582 664 670 πατρί
689 581 746 651 καί
771 588 821 672 τῷ
847 579 911 671 υίῆ
936 581 1004 650 καί.
1019 587 1067 671 τῷ
1093 577 1182 671 ἀγίφ
1199 581 1374 670 πνεύματι,
1402 591 1459 652 νῦν
1478 586 1535 654 καί
1554 583 1600 655 ἀεί

337 687 394 756 καί
415 685 464 767 εἰς
484 684 563 766 τοὸς
584 683 708 765 αἰοῖνας
728 691 793 752 τῶν
816 681 956 753 αἰώνων.
996 681 1109 774 Ἀμήν.

489 785 533 855 Εἰ
554 786 591 856 δὲ
613 782 673 854 οἰκ
695 783 768 855 ἔστι
788 781 986 874 λειτουργία,
1008 785 1163 874 λέγονται
1182 786 1226 854 τὸ
1245 783 1398 876 παρόντα

490 886 646 979 εἰρηνικὰ,
669 884 687 955 ὸ
710 883 901 967 ἀπόστολος
921 887 978 955 καί
998 887 1038 954 τὸ
1064 885 1263 976 εὐαγγέλιον.

620 1029 625 1052 ’
661 1018 715 1089 Ἐν
736 1015 847 1114 είρήνη
869 1027 929 1090 τοῦ
950 1019 1078 1109 Κυρίου
1102 1025 1284 1114 δεηθῶμεν.

420 1137 522 1228 Ὑπὲρ
544 1148 604 1228 τῆς
625 1133 756 1208 ἀνωθεν
778 1135 916 1231 εἰρήνης.

420 1238 522 1330 Ὑπὲρ
544 1243 604 1327 τῆς
625 1237 755 1329 εἰρήνης
775 1245 834 1308 τοῦ
857 1239 1051 1328 σύμπαντος
1070 1239 1207 1328 κόσμου.

419 1341 522 1430 Ὑπὲρ
543 1348 604 1409 τοῦ
627 1337 723 1428 ἁγίου
745 1339 838 1410 οἴκου
859 1341 989 1412 τούτου.

379 1435 381 1443 ’
419 1443 521 1532 Ὑπὲρ
544 1449 604 1510 τοῦ
626 1439 890 1526 ἀρχιεπισκόποο
912 1442 1014 1533 ήμῶν.

419 1543 522 1633 Ὑπὲρ
549 1549 612 1612 τοῦ
638 1541 788 1636 ἀδελφοῦ
814 1542 906 1635 ήμῶν
935 1548 1056 1630 (τοῦδε)
1085 1545 1141 1614 καί
1167 1551 1226 1638 τῆς
1252 1547 1346 1636 παρὰ
1371 1549 1464 1617 Θεοῦ
1492 1545 1602 1636 σκέπης

336 1647 393 1718 καί
413 1643 578 1739 βοηθείας
599 1642 712 1727 αἰτοῦ,
733 1652 794 1715 τοῦ
814 1645 941 1733 Κυρίου
964 1649 1148 1739 ἀεηθῶμεν.

419 1747 521 1835 Ὑπὲρ
550 1751 610 1815 τοῦ
638 1744 831 1834 ἀμέμπτως,
860 1745 1085 1836 ἀκατακρίτους
1105 1750 1162 1818 καί
1183 1745 1440 1836 ἀνεμποδίστως
1461 1751 1604 1817 διανῦσαι

337 1848 438 1921 αὐτὸν
459 1849 517 1918 τὸν
538 1849 665 1917 σκοπὸν
686 1857 746 1917 τοῦ
767 1857 948 1937 μοναχικοῦ
969 1849 1146 1939 σχήματος,
1168 1857 1228 1922 τοῦ
1250 1849 1377 1940 Κυρίου
1401 1853 1583 1942 δεηθῶμεν.

417 1949 520 2038 Ὑπὲρ
542 1958 602 2018 τοῦ
624 1957 841 2041 φωτισθῆναι
861 1953 920 2044 τήν
941 1954 1050 2046 ψυχήν
1072 1951 1175 2022 αὐτοῦ
1197 1951 1232 2021 ὲν
1252 1950 1428 2044 ἐγκρατείᾳ
1443 1953 1503 2022 καί
1516 1949 1605 2040 ἀσκή-

336 2080 399 2138 σει,
420 2061 480 2123 τοῦ
503 2050 629 2138 Κυρίου
654 2055 837 2143 ὸεηθῶμεν.
1307 2064 1309 2070 ·

418 2153 521 2242 Ὑπὲρ
548 2161 608 2222 τοῦ
636 2150 871 2244 ἀπαλλαγῆναι
903 2151 1004 2223 αὐτὸν
1031 2151 1142 2245 πάσης
1167 2162 1326 2246 κοσμικῆς
1347 2151 1538 2244 ἐπιθυμίας
1554 2153 1605 2223 καί

335 2261 395 2347 τῆς
415 2257 502 2344 πρὸς
522 2255 601 2336 τούς
621 2256 707 2325 κατὸι
727 2254 834 2346 σάρκα
855 2263 1019 2346 συγγενεῖς
1040 2255 1288 2345 προςπαθείας,
1311 2263 1372 2325 τοῦ
1386 2255 1518 2347 Κυρίου
1538 2257 1605 2346 ὸεη·

335 2366 461 2444 θῶμεν.

417 2458 521 2545 Ὑπὲρ
545 2455 698 2549 ἀφέσεως
718 2467 785 2529 τῶν
806 2455 978 2547 ἁμαρτιῶν
997 2460 1055 2529 καί
1076 2457 1310 2550 σογχωρήσεως
1330 2465 1396 2526 τῶν
1419 2459 1605 2551 πλημμελη-

335 2559 450 2650 μάτων
479 2557 583 2628 αὐτοῦ
609 2560 667 2629 καί
692 2567 753 2628 τοῦ
781 2562 940 2650 γενέσθαι
968 2561 1068 2631 αὐτὸν
1090 2559 1296 2656 ὸψηλότερον
1317 2567 1383 2629 τῶν
1404 2567 1471 2629 τοῦ
1490 2557 1604 2648 κόσμου

388 2689 406 2730 ο
473 2660 559 2730 ἀτων
591 2667 652 2729 τοῦ
673 2669 724 2730 Κυ
747 2659 800 2730 ίου
823 2665 860 2731 ὸε
883 2671 937 2733 θῶ
963 2689 1007 2733 εν.

338 2688 385 2755 φρ
407 2689 523 2851 Ψίιπὲρ
551 2713 611 2831 ίοῦ
640 2688 767 2850 ὸισίγεριν
795 2689 895 2831 αὐτὸν
922 2691 960 2833 ἀί
984 2763 1077 2858 πάση
1106 2761 1259 2856 εὐσεβείᾳ
1286 2764 1344 2833 καί
1371 2759 1535 2856 εὐλαβείᾳ
1558 2759 1605 2830 καί

338 2889 376 2934 σε
401 2863 458 2934 νότ
480 2892 512 2931 τι
544 2872 605 2932 τοῦ
626 2871 679 2933 Κο
701 2864 753 2934 ίου
778 2869 814 2933 ὸε
838 2871 961 2936 θῶιεν.

374 2893 523 3054 μὙίτὲή
550 2971 611 3035 τοῦ
638 2892 842 3038 ἀπροθὲσθιίι
868 2894 967 3037 αὸτὸν
988 2969 1048 3036 τὸν
1068 2966 1215 3036 παλαιὸν
1237 2963 1423 3054 ἄνθρωπον
1444 2965 1503 3036 καί
1525 2961 1605 3035 ὲνὸί-

338 3077 442 3138 εσθαι
462 3068 520 3136 τὸν
541 3066 625 3146 νέον,
646 3069 704 3136 τὸν
725 3069 810 3138 κατὰ
832 3070 919 3139 Θεὸν
939 3071 1129 3152 κτισθέντα,
1152 3075 1213 3136 τοῦ
1233 3067 1361 3157 Κυρίου
1384 3072 1570 3161 ὸεηθῶμεν.

420 3165 523 3257 Ὑπὲρ
544 3177 605 3237 τοῦ
626 3173 801 3260 ῥωσθῆναι.

421 3269 629 3356 Ἀντιλαβοῦ,
653 3275 772 3340 σῶσον.

427 3379 496 3464 Τῆς
516 3371 683 3460 παναγίας
704 3369 875 3459 ἀχράντου.

420 3472 459 3541 Ὁ
482 3471 598 3562 ίερείς.
632 3473 711 3544 Ὅτι
734 3474 828 3565 ὸίγιος
849 3469 879 3544 εί
901 3472 919 3544 ὸ
944 3473 1031 3556 Θεὸς
1051 3472 1143 3566 ήμῶν
1164 3475 1221 3544 καί
1243 3476 1298 3544 σοί
1318 3476 1378 3566 τήν
1400 3473 1518 3560 δόξαν.

415 3575 517 3645 Ὅσοι
531 3573 580 3658 εἰς
594 3577 742 3666 Χριστὸν
757 3575 997 3668 ἐβαπτίσθητε,
1008 3577 1156 3666 Χριστὸν
1171 3575 1385 3646 ἐνεδύσασθε.
1404 3572 1605 3670 ’Λλληλοίΐα

860 3711 1095 3802 Προκείμενον.

426 3826 553 3914 Κύριος
573 3828 746 3920 φωτισμίς
766 3855 832 3917 μου
851 3832 910 3900 καί
930 3829 1040 3922 σωτήρ
1060 3857 1137 3918 μου.

900 3965 1054 4056 Στιχηροί.

426 4078 554 4171 Κύριος
573 4079 827 4176 ὸπερασπιστής
846 4091 906 4174 τῆς
927 4087 1012 4178 ζωῆς
1031 4113 1108 4173 μου.

426 4201 522 4289 Πρὸς
539 4198 713 4293 Ἐφεσίους
733 4202 915 4294 ἐπιπολῆς
935 4202 1075 4274 Παύλου
1097 4205 1135 4273 τὸ
1157 4199 1355 4294 ἀνάγνωσμα
1376 4227 1405 4272 ο.
1418 4211 1452 4285 6,
1473 4209 1598 4274 10-17.

425 4317 628 4408 Εὐαγγὲλιον
649 4317 686 4390 ὲκ
705 4327 765 4389 τοῦ
785 4321 870 4390 κατὰ
890 4327 1079 4393 Μοτθαῖον
1100 4323 1127 4390 ο.
1145 4332 1194 4404 10,
1209 4330 1249 4394 37
1274 4361 1313 4374 ·-
1335 4347 1363 4392 ο.
1381 4331 1432 4405 11,
1452 4332 1482 4392 1.

425 4434 463 4506 Ὀ
485 4436 648 4520 ἀιοίιιοιος.
689 4436 842 4530 Ἐλέησον
862 4438 949 4529 ήμᾶς
970 4440 989 4510 ὸ
1013 4441 1101 4524 Θεὸς
1120 4442 1206 4512 κατὰ
1225 4441 1264 4512 τὸ
1283 4441 1370 4530 μέγα
1391 4438 1490 4521 ἰλεάς
1507 4463 1575 4507 σου.

418 4532 493 4607 ’Ἔτι
516 4538 667 4626 δεόμεθα
687 4538 773 4630 ὸπὲρ
796 4537 950 4632 ἀφέσεως
968 4544 1026 4614 καί
1041 4541 1275 4633 συγχωρήσεως
1287 4549 1354 4612 τῶν
1367 4539 1541 4633 ἁμαρτιῶν
1553 4537 1606 4604 τοῦ

329 4636 463 4710 -ἀοείλου
483 4646 544 4712 τοῦ
567 4645 656 4712 Θεοῦ
675 4649 748 4728 (τοῦ
770 4644 900 4730 δεῖνος).
