3416 5290
693 425 765 500 657

92 597 208 686 μάτων
233 601 404 692 λρτήριον,
432 600 627 694 νοσημάτων
654 600 878 695 ἀλεξιτήριον,
907 604 1063 694 δαίμοσιν
1091 603 1265 698 ὸλίάριον,
1291 616 1368 692 ταῖς

93 699 261 784 ἐναντίαις
282 701 460 792 δυνάμεσιν
482 702 672 795 άπρόςιτον,
695 702 867 796 άγγελικῆς
887 706 1000 792 ἰσχύος
1012 709 1289 798 πεπληρωμένον·
1311 713 1367 782 ἵνα

92 801 220 884 πάντες
245 799 281 872 οἰ
306 801 485 894 ἀρυόμενοι
511 806 568 876 καὶ
586 805 896 894 μεταλαμβάνοντες
917 806 1023 894 ἔχοιεν
1045 806 1127 878 αὐτὸ
1148 811 1235 899 πρὸς
1254 819 1367 882 καθα·

92 904 354 996 ρισμὸνψυχδν
372 907 430 976 καί
450 906 624 996 σωμάτων,
656 907 744 999 πρὸς
764 905 913 997 ἰατρείαν
933 917 1069 994 παθῶν,
1096 909 1184 1000 πρὸς
1203 909 1367 1001 ὸγιασμὸν
1401 965 1408 983 .

93 1003 203 1088 οἰκων,
230 1008 319 1093 πρὸς
345 1014 459 1077 πᾶσαν
487 1005 654 1101 ἀφέλειαν
674 1007 877 1100 ίπιτήδειον.
908 1012 955 1078 Σύ
976 1013 1037 1100 γάρ
1060 1006 1093 1082 εἰ
1115 1012 1201 1093 Θεὸς
1220 1010 1323 1101 ἡμῶν,
1346 1011 1365 1083 6

93 1102 141 1174 δι’
165 1103 290 1188 ὐδατας
308 1109 367 1178 καί
387 1107 577 1195 πνεύματος
598 1107 813 1192 ἀναιιαινίσας
832 1111 892 1202 τὴν
906 1115 1167 1184 παλαιωδεῐοαν
1181 1110 1283 1204 φύσιν
1296 1113 1365 1184 ὐπὸ

92 1213 150 1294 τῆς
172 1204 355 1296 ἁμαρτίας·
377 1211 417 1278 σὸ
439 1205 470 1280 εἰ
492 1207 510 1280 ὸ
531 1211 618 1292 Θεὸς
637 1207 740 1301 ἡμῶν,
763 1209 782 1282 6
805 1211 864 1281 διὸ
883 1211 1059 1305 θαλάσσης
1079 1212 1310 1302 ἐλευθερώσας
1330 1215 1366 1285 ἐκ

92 1315 149 1398 τῆς
171 1307 327 1392 δουλείας
352 1313 478 1400 Φαραὼ
499 1313 558 1382 διὸ
580 1312 755 1394 Μωύσὲοις
774 1313 814 1381 τὸ
835 1314 930 1401 γένος
949 1322 1017 1383 τῶν
1034 1311 1204 1402 Ἐβραίων.
1415 1313 1418 1317 ’

176 1410 226 1479 Σὸ
248 1411 309 1500 γάρ
331 1407 362 1482 εἰ
383 1410 402 1481 ὸ
425 1412 512 1494 Θεὸς
532 1409 634 1502 ἡμῶν,
656 1410 677 1482 ὸ
698 1413 877 1504 διαίίήξᾱς
897 1415 1025 1506 πάτρας
1045 1415 1080 1484 ἰν
1102 1411 1214 1506 ἰρήμῲ
1234 1415 1291 1485 καί
1312 1415 1367 1506 ἰρ-

92 1510 217 1603 ὸύησαν
243 1511 352 1582 ίίδατα
377 1514 434 1584 καί
462 1512 636 1604 χείμαρροι
663 1512 933 1607 κατεκλύσδησαν
951 1516 1011 1586 καὶ
1031 1519 1187 1608 διψῶντα
1206 1517 1265 1586 τὸν
1285 1516 1367 1586 λαόν

93 1637 153 1684 σου
174 1616 327 1701 κορύοας.
365 1616 413 1684 Σὸ
435 1610 466 1685 εἰ
487 1613 506 1686 ὸ
531 1617 618 1696 Θεὸς
637 1613 740 1705 ἡμῶν,
763 1612 781 1684 6
804 1614 853 1686 δι’
876 1615 1000 1699 ὕδατος
1019 1618 1077 1688 καί
1097 1617 1206 1709 πυρὸς
1227 1619 1286 1689 διὸ
1304 1623 1367 1690 τοδ

91 1713 191 1786 Ἠλία
214 1715 412 1799 ἀπαλλάξας
431 1718 489 1786 τὸν
508 1714 639 1807 Ἰσραὴλ
659 1717 697 1787 lx
714 1724 775 1807 τῆς
795 1714 925 1808 πλάνης
944 1725 1005 1787 τοῦ
1027 1717 1135 1788 Βαάλ.

175 1814 298 1900 Αὐτὸς
316 1818 373 1887 καί
394 1823 460 1899 νῦν,
483 1819 643 1902 δέσποτα,
665 1815 805 1907 άγίασον
824 1818 863 1887 τὸ
885 1817 974 1906 ὕδωρ
995 1823 1105 1901 τοῦτο,
1132 1823 1180 1909 τῷ
1201 1818 1368 1907 πνεύματί

93 1941 152 1988 σου
174 1923 225 2009 τῷ
247 1916 341 2010 άγίῳ.
388 1919 478 2008 Τρίς.
519 1921 591 2001 Δὸς
610 1928 707 2002 πᾶσι,
729 1925 802 2002 τοῖς
820 1945 858 1988 τε
879 1917 1094 2008 άπτομίνοις,
1114 1927 1188 2002 τοῖς
1206 1944 1245 1989 τε
1264 1945 1368 2008 μετα-

93 2019 314 2108 λαμβάνουσι,
340 2026 414 2102 τοῖς
440 2046 478 2089 τε
503 2022 693 2112 χριομένοις
718 2021 776 2091 τὸν
796 2021 971 2110 άγιασμὸν,
999 2021 1058 2112 τὴν
1079 2018 1203 2111 ὸγείαν,
1227 2022 1287 2111 τὴν
1307 2021 1369 2091 κά-

93 2131 230 2214 θαρσιν,
252 2122 312 2212 τὴν
332 2120 494 2211 εὐλογίαν.
542 2123 631 2212 Τρίς.
673 2123 744 2192 Καὶ
765 2129 885 2206 σῶσον,
906 2121 1021 2212 Κύριε,
1045 2124 1124 2203 τοὺς
1145 2119 1286 2203 δούλους
1305 2147 1367 2192 σου

93 2225 171 2306 τούς
192 2224 336 2305 πιστοὸς
356 2227 507 2311 βασιλεῖς
526 2219 631 2313 ἡμῶν.
676 2223 767 2314 Τρίς.
809 2225 881 2294 Καὶ
907 2219 1056 2315 φύλαξον
1078 2220 1201 2304 αὐτούς
1220 2221 1288 2294 ὐπὸ
1308 2225 1370 2312 τὴν

94 2330 220 2416 σκέπην
242 2349 302 2394 σου
325 2325 360 2396 δν
381 2324 502 2418 εἰρήνη,
524 2322 693 2407 ὸπάταξον
713 2323 827 2406 αὐτοῖς
847 2323 960 2394 πάντα
981 2325 1103 2414 ὐχδρὸν
1122 2325 1180 2395 καί
1193 2325 1368 2412 πολέμιον,

93 2426 232 2514 χάρισαι
259 2424 374 2508 αὐτοῖς
400 2425 512 2496 πάντα
539 2426 582 2495 τὸ
611 2427 698 2516 πρὸς
724 2425 889 2520 σωτηρίαν
916 2423 1085 2516 αἰτήματα
1111 2427 1170 2495 καὶ
1198 2426 1283 2515 ζωὴν
1310 2427 1369 2495 τὸν

33 2595 37 2606 ,
96 2515 328 2609 αἰώνιον,’ίνα
353 2527 411 2598 καὶ
435 2528 493 2598 διὸ
513 2526 684 2612 στοιχείων
704 2530 761 2598 καὶ
783 2525 832 2600 δι’
855 2523 1046 2615 ἀνθρώπων
1065 2525 1123 2597 καὸ
1144 2526 1203 2596 διὸ
1224 2523 1371 2616 ἀγγέλων

94 2633 152 2700 καὶ
186 2632 244 2700 διὸ
276 2627 452 2719 ὁρωμένων
483 2631 542 2700 καί
573 2629 632 2700 διὸ
662 2627 815 2720 ἀοράτων
845 2627 1024 2721 δοξάζηταί
1054 2652 1115 2700 σου
1143 2627 1182 2697 τὸ
1203 2626 1370 2718 πανάγιον

94 2729 214 2819 ὄνομα,
242 2732 301 2802 σὸν
326 2736 375 2821 τῷ
395 2733 510 2821 πατρί,
537 2733 596 2802 καί
614 2736 662 2822 τῷ
684 2729 767 2826 ὸγίηι
788 2731 965 2820 πνεύματι,
994 2735 1051 2800 νῦν
1071 2731 1129 2800 καί
1150 2727 1214 2814 ἀεὶ,
1241 2732 1299 2804 καί
1321 2727 1371 2812 εἰς

96 2837 175 2916 τούς
197 2833 321 2914 αἰῶνας
341 2841 407 2902 τῶν
428 2831 566 2918 αἰώνων.
606 2830 721 2923 Ἀμήν.

182 2933 306 3025 Εἰρήνη
327 2940 425 3002 πᾶσι.

189 3037 258 3115 Τὰς
277 3035 426 3126 κεφαλὰς
446 3031 537 3120 ὐμῶν
557 3039 604 3124 τῷ
625 3031 741 3123 Κυρίῳ
760 3031 901 3102 κλίνατε.

441 3165 479 3236 Ὁ
502 3163 608 3258 ἰερεὸς
627 3165 817 3254 κλινάμενος
839 3163 1024 3250 ἐπεύχεται.

183 3291 317 3370 Κλῖνον,
344 3285 460 3377 Κύριε,
487 3287 526 3356 τὸ
550 3279 607 3368 οὐς
627 3311 688 3356 σου
709 3287 767 3356 καί
787 3283 975 3356 ἐπάκουσον
995 3280 1097 3372 ἡμῶν,
1127 3279 1145 3350 ὸ
1168 3281 1203 3352 ίν
1222 3277 1370 3374 Ἰορδάνῃ

97 3397 332 3481 βαπτισθῆναι
357 3387 621 3476 καταδεξάμενος
645 3389 702 3458 καὶ
728 3385 870 3476 άγιάσας
896 3389 939 3456 τὸ
965 3383 1088 3454 ὐδατα·
1116 3384 1173 3454 καί
1194 3381 1372 3474 εὐλόγησαν

98 3491 230 3574 πάντας
250 3489 348 3583 ἡμᾶς,
370 3492 448 3572 τούς
468 3492 526 3562 διὸ
546 3498 607 3580 τῆς
626 3489 764 3571 κλίσεως
784 3495 845 3558 τοὸ
860 3485 985 3556 ἑαυτῶν
1001 3483 1136 3570 αὐχένος
1150 3482 1371 3576 σημαίνοντας

98 3595 136 3663 τὸ
159 3601 219 3685 τῆς
241 3591 394 3674 δουλείας
413 3591 602 3684 πρόσχημα.
629 3593 700 3662 Καὶ
719 3589 925 3674 καταξίωσον
945 3585 1033 3678 ἡμᾶς
1054 3587 1292 3678 ἐμπλησθῆναι
1311 3593 1372 3658 τοῦ

100 3693 265 3784 άγιασμού
287 3719 359 3777 σου,
381 3696 439 3765 διὸ
459 3701 519 3784 τῆς
538 3701 598 3764 τοῦ
619 3693 743 3774 ὕδατος
762 3691 882 3762 τούτου
902 3688 1124 3781 μπαλήψεως
1143 3691 1201 3760 καί
1220 3689 1371 3780 γενίσδω

101 3795 188 3885 ἡμῖν,
210 3797 326 3887 Κύριε,
348 3793 398 3878 εἰς
418 3793 531 3885 ὐγείαν
552 3803 661 3886 ψυχῆς
680 3797 738 3866 καὶ
757 3793 923 3883 σώματος.

643 3929 828 4022 Ἐκφάνως.

185 4051 232 4120 Σὸ
253 4051 315 4139 γάρ
339 4045 370 4120 εἰ
391 4045 409 4118 6
431 4046 595 4138 ἁγιασμὸς
614 4047 708 4139 ἡμῶν
728 4048 786 4118 καὶ
806 4047 862 4116 σοί
882 4046 942 4136 τὴν
964 4042 1141 4126 δόξανκαὶ
1163 4039 1371 4130 εὐχαριστίαν

100 4151 157 4220 καί
183 4153 403 4243 προςκύνησιν
429 4149 682 4237 ἀναπάμπομεν,
709 4150 769 4219 οὐν
794 4154 843 4238 τῷ
870 4145 1000 4237 άνάρχῳ
1021 4169 1082 4216 σου
1102 4143 1217 4233 πατρί,
1245 4142 1302 4213 καί
1322 4146 1371 4232 τῷ

104 4254 257 4344 ποναγίῳ
283 4256 341 4323 καὶ
367 4251 488 4343 ἀγαθῷ
515 4256 572 4322 καὶ
601 4254 757 4340 ζωοποιῷ
779 4273 841 4320 σου
863 4247 1038 4337 κονιάματι,
1067 4253 1123 4315 νῦν
1143 4247 1199 4314 καί
1222 4242 1286 4326 ἀεί,
1314 4244 1372 4312 καί

103 4351 150 4435 εἰς
169 4357 248 4436 τούς
269 4355 393 4437 αἰῶνας
413 4359 479 4424 τῶν
501 4353 639 4424 αἰώνων.
679 4351 793 4442 Ἀμήν.
844 4373 852 4388 ·

186 4457 257 4526 Καὶ
277 4457 434 4542 βαπτίζει
454 4455 512 4524 τὸν
532 4456 643 4542 τίμιον
663 4452 815 4544 σταυρόν.

177 4553 324 4646 ’Όράιον
346 4555 446 4630 αὐτὸν
467 4556 617 4648 κατάγων
638 4555 673 4628 ἰν
693 4561 740 4645 τῷ
762 4554 861 4624 ὐὸατι
880 4553 937 4623 καί
958 4548 1097 4638 ἀνάγων.

192 4658 333 4730 Ψάλλων
352 4663 410 4732 καὶ
430 4661 469 4732 τὸ
490 4661 600 4748 παρὸν
620 4657 805 4749 τροπάριον
826 4653 875 4738 εἰς
894 4649 973 4745 ηχος
992 4659 1136 4742 πρῶτον.
