3336 5302
666 431 736 505 371

72 641 133 688 σου
165 609 346 740 διόρησαι,
370 618 461 697 ταῖς
494 612 699 710 ἐκκλησίαις
709 635 807 704 σου,
842 618 919 699 τοῖς
943 615 1094 715 ἱερεῦσι,
1127 623 1204 701 ’τοῖς
1228 620 1341 748 βασι-

73 725 188 790 λεῦσιν
222 714 345 810 ἡμῶν,
381 719 437 812 τῷ
472 720 646 813 στρατιά,
677 716 741 791 καί
776 717 890 792 παντὶ
924 746 979 816 τῳ
1016 726 1096 818 λαῳ
1133 745 1212 794 σου.
1255 718 1341 798 Ότι

72 821 163 892 σάσοι
197 813 302 900 δόσις
334 816 478 946 ἀγαθὴ,
513 816 577 892 καί
610 821 689 892 πάν
711 814 880 944 δοίρηιια
906 789 1044 895 τέλειον
1069 821 1223 896 όίνωθίν
1248 824 1339 911 ἐστι,

72 919 343 1014 καταβαῖνσν’
328 947 367 992 εκ
401 922 471 994 σοῦ
503 923 572 993 τοῦ
605 919 744 1018 πατρὸς
775 925 854 995 7757
887 918 1044 1018 φοίτων·
1082 923 1145 997 καὶ
1178 922 1237 998 σοί
1270 923 1340 1019 τὴν

72 1017 190 1108 δόξαν,
223 1018 287 1094 καὶ
320 1019 572 1117 εὐχαριστίαν,
605 1021 671 1096 καί
701 1019 949 1119 πρσςκιίνησιν
985 1025 1252 1151 άναιιέμπσμεγ
1284 1031 1341 1122 τῷ

71 1121 186 1218 πατρί,
218 1121 282 1195 καὶ
316 1127 372 1219 τῷ
406 1122 491 1218 οἱηῖ,
523 1122 587 1196 καί
619 1131 673 1220 τῷ
706 1121 816 1252 άγίῳ
836 1121 1032 1218 πνεόματί,
1066 1130 1141 1202 νῦν
1172 1156 1235 1202 και
1269 1126 1339 1216 ἀεὶ,

71 1221 126 1296 καὶ
150 1227 200 1306 είς
224 1221 313 1307 τούς
338 1193 480 1306 αἰῶνας
504 1228 583 1298 τῶν
609 1195 770 1300 αίιόνων.
804 1223 932 1323 Ἀμήν.
975 1239 1087 1310 Καὶ(
1069 1269 1087 1310 0
1101 1242 1200 1332 χορὸς
1215 1239 1341 1354 ψάλλει

72 1335 149 1424 τρίς·
189 1328 243 1420 εἴη
278 1324 375 1400 τὸ”
355 1333 475 1420 ονομα
509 1325 652 1462 Κυρίου
685 1327 985 1428 εὐλογηιιίνσν
966 1329 1039 1404 απὸ
1071 1335 1143 1404 705
1172 1335 1245 1405 757
1277 1330 1341 1405 καί

37 1505 44 1526 1
72 1427 132 1508 ἕως
154 1436 223 1500 τοῦ
249 1431 398 1510 αλιὸνος.
451 1439 522 1508 Καὶ
550 1442 608 1510 757
636 1442 751 1534 ηαλμ
735 1469 774 1512 ον
797 1451 855 1513 34.·
890 1427 1078 1531 εὐλογήσω
1104 1431 1172 1506 τὸν
1196 1427 1340 1532 Κύριον

73 1529 178 1620 (clem.
195 1530 251 1603 19.
279 1531 428 1626 Ιοε.42).

147 1715 336 1789 XXXVIII.
376 1726 506 1818 Ταύτης
529 1729 567 1798 δὲ
588 1725 811 1818 τελεσθείσης,
835 1727 853 1798 5
875 1731 937 1816 μὲν
960 1727 1065 1819 ἱερεὺς
1087 1729 1267 1821 είςὲρχεται
1282 1733 1340 1802 διὸ

71 1833 128 1894 757
148 1826 250 1916 άγίων
271 1833 400 1918 θυρῶν·
428 1829 485 1897 καί
512 1825 675 1898 ἀπελθὸν
693 1829 732 1898 ἐν
752 1836 793 1920 τῇ
814 1832 990 1919 προθέσει,
1020 1832 1108 1920 λέγει
1128 1833 1188 1922 τὴν
1209 1840 1339 1924 παροῦ-

72 1953 126 1998 σαν
146 1926 252 2020 εὐχήν.

315 2045 402 2138 Εὸχῆ
427 2048 583 2139 λεγομένη
606 2048 641 2118 ἐν
662 2054 710 2138 τῷ
731 2051 901 2118 συστεῖλαι
923 2050 965 2117 τά
979 2047 1090 2139 Ἅγια.

143 2151 193 2228 Τὸ
218 2148 400 2250 πλήρωμα
427 2157 496 2228 τοῦ
520 2148 654 2246 νότιον,
680 2151 744 2228 καὶ
768 2159 848 2228 τεόν
865 2162 1070 2250 προφητῶν
1089 2154 1201 2238 αὐτὸς
1218 2152 1341 2286 ὑπάρ-

69 2281 153 2347 χων,
179 2251 359 2352 Χριστί
341 2285 361 2328 ο
384 2253 516 2338 Θεὸς
495 2259 615 2350 ηαιόν,
643 2254 663 2329 5
689 2252 885 2384 πληρωσας
910 2257 1038 2330 πᾶσαν
1062 2257 1131 2352 τὴν
1156 2259 1339 2356 πατρικὴν

73 2357 301 2452 οἰκονομίαν,
342 2353 539 2454 πλήρωσον
569 2369 692 2454 χαράς
722 2358 787 2432 καί
818 2354 1051 2483 εὐφροσύνης
1083 2358 1150 2443 τὰς
1181 2358 1340 2458 καρδίας

72 2454 171 2550 ἡμῶν
198 2454 374 2586 ηιάντοτε,
409 2463 482 2534 νῦν
507 2457 572 2532 καὶ
598 2459 667 2548 ἀεὶ,
701 2458 765 2534 καί
790 2465 841 2544 είς
865 2458 952 2544 τοὺς
977 2455 1119 2544 αλιόνας
1143 2489 1222 2535 των
1249 2459 1339 2535 7775-

72 2585 153 2634 νων.
198 2556 327 2656 Ἀμήν.

145 2671 182 2742 Ὁ
218 2675 256 2743 δὲ
292 2671 446 2756 διάκονος
472 2672 631 2756 είςελθσὸν
657 2676 715 2743 καί
742 2673 843 2757 αὐτὸς
871 2678 929 2746 διὸ
956 2681 1017 2744 τοῦ
1044 2674 1179 2766 βορείου
1205 2679 1339 2764 μέρους,

74 2775 235 2844 συστέλλει
255 2776 298 2844 τὰ
317 2774 396 2864 άγια
416 2777 501 2861 μετὰ
523 2774 632 2866 φόβου
654 2777 711 2845 καὶ
732 2775 844 2868 πάσης
866 2775 1062 2869 ἀσφαλείας,
1087 2777 1168 2860 ὥςεε
1188 2780 1292 2870 μηδέν
1306 2804 1341 2848 τι

74 2884 130 2943 τῶν
157 2871 239 2966 άγαν
266 2875 480 2945 λεπτοτάτων
508 2877 669 2960 ἐκπεσεῖν,
697 2875 1021 2970 ἢκαταλειφθῆνσιι.
1063 2879 1133 2948 Καί
1155 2877 1342 2951 ἀπονίπτε-

74 3003 123 3045 ιοι
141 2979 200 3060 τὸς
219 2984 334 3065 χεῖρας
355 2980 390 3048 ἐν
409 2985 458 3068 τῷ
479 2977 619 3068 συνήθει
640 2976 747 3068 τόπερ.

146 3078 183 3148 Ὁ
205 3078 276 3150 ὸὲ“
266 3082 373 3170 ιερεὸς
394 3081 553 3162 ἐξελθὸν,
574 3077 694 3148 δίδωσι
714 3086 762 3169 τηλ
783 3082 855 3170 λαῷ
876 3081 914 3148 τὸ
937 3078 1127 3170 άντίδωρσν,
1150 3081 1269 3169 λέγων·

142 3183 192 3258 Ἡ
213 3185 362 3313 εὐλογία
395 3195 463 3259 τοῦ
493 3189 587 3258 Θεοῦ
612 3181 717 3281 ίφ’“
696 3193 796 3278 σμοῖς
820 3193 868 3280 τῇ
894 3185 1014 3260 αὐτοῦ
1037 3181 1162 3280 χάριτι
1186 3185 1251 3259 καὶ
1276 3213 1341 3282 φι-

76 3286 366 3414 2775777777'727*
391 3283 563 3375 πάντοτε,
596 3289 672 3361 νῦν
703 3285 766 3359 καί
799 3285 869 3374 ἀεὶ,
906 3286 970 3360 καὶ
1002 3291 1053 3369 είς
1080 3287 1172 3368 τοὺς
1198 3291 1341 3368 αλωνας

76 3415 143 3462 των
167 3385 330 3464 αλοόνων.
366 3399 536 3516 ὀχορός
556 3383 685 3483 Αμήν.
729 3398 910 3490 Ὁίερεύς·
937 3384 1039 3472 Δόξα
1066 3411 1137 3478 σοι,
1154 3384 1339 3514 Χριστὲὸ

79 3489 200 3573 6779‘
177 3495 301 3588 ηιιεόν,
327 3489 514 3586 ἡέλιιλς
494 3498 616 3586 ημῶν,
643 3485 735 3574 δόξα
754 3515 822 3564 σοι.
850 3499 1081 3592 Καὶὸχορός·
1108 3485 1210 3574 Δόξα
1227 3485 1341 3588 πατρὶ

150 3766 208 3828 cap.
226 3763 346 3814 xxxvm.
382 3763 413 3812 λΙ.
433 3765 460 3814 G.
485 3771 581 3827 praeter
605 3764 701 3814 Ιιοιλεισ
721 3763 885 3827 chrysostomi
912 3777 985 3828 supra
1004 3763 1119 3829 scripum
1138 3763 1210 3812 aliam
1228 3761 1342 3828 ιοῑίρλο-

78 3861 124 3897 οισι
144 3850 256 3899 exhibent
279 3849 309 3898 de
333 3847 418 3898 εοδεσι
437 3847 541 3898 Sancto:
565 3844 595 3896 ἐκ
619 3847 674 3896 τῶν
698 3841 827 3911 οὐρανῶν
850 3843 933 3903 ἐδέξω
957 3844 1005 3908 τὴν
1030 3847 1113 3896 θείαν
1126 3838 1213 3912 χάριν
1229 3843 1276 3894 καλ
1293 3837 1342 3894 διά

79 3930 125 3980 ιιλν
139 3932 196 3982 σῶν
208 3929 327 3997 χειλέων
344 3923 447 3987 πάντες
464 3923 637 3988 λάδιδάσκεις
653 3933 819 3995 προςκιινεῑν
836 3927 868 3980 ἐν
885 3923 975 3996 τριάδι
993 3925 1043 3981 τὸν
1060 3926 1109 3980 ἕνα
1131 3924 1210 3994 Θεὸν,
1223 3921 1342 3991 Ἰωάννη

80 4008 257 4082 λροσόστομε,
273 4006 498 4084 παμμακάριστε,
517 4007 592 4064 ὅσιε·
615 4006 738 4073 ὑπαξίοις
754 4013 939 4082 εὐφημοάμέν
956 4027 1002 4064 σε·
1027 4006 1162 4080 ὑπάρχεις
1177 4011 1232 4080 γάρ
1250 4014 1342 4076 καθη-

79 4090 148 4162 γήιης
169 4095 207 4157 ιύς
229 4096 262 4149 τά
279 4101 343 4150 θεία
361 4099 472 4166 σαφῶν.
508 4097 584 4150 Porro
602 4101 708 4150 officium
728 4102 764 4152 εἰς
782 4100 944 4150 concludunt:
968 4090 986 4162 ἢ
1003 4098 1075 4164 λέγει
1095 4097 1140 4162 τῆς
1155 4089 1259 4164 ἡμέρας
1275 4087 1292 4159 ἢ
1310 4085 1342 4146 τὸ

78 4173 267 4252 ἀναστάσιμον,
285 4185 310 4234 εἰ
327 4182 385 4234 ἔστι
402 4178 517 4253 κυριακὴ
540 4181 588 4232 καλ
604 4179 654 4248 τὴν
672 4177 810 4234 άπόλοσιν
827 4177 864 4240 τίς
881 4180 946 4239 ἔθος
962 4180 1107 4251 μυστικοῖς.
1145 4175 1213 4232 Τότε
1232 4177 1343 4249 ἐξέρχε-

80 4279 116 4314 ισι
136 4267 173 4326 εἰς
194 4263 242 4326 τάς
264 4261 354 4334 θάριις
377 4269 425 4318 τοῦ
441 4261 524 4334 άγίου
540 4259 663 4332 βήματος
680 4263 864 4336 ἐνδεδυμένος
880 4263 910 4318 τὸ
927 4260 1039 4334 ἱμάτιον
1055 4261 1139 4316 αὐτοῦ
1157 4258 1187 4315 τὸ
1204 4258 1344 4331 ἱερατικὸν

80 4349 120 4398 καλ
134 4355 281 4421 προςιιονεῖ
295 4352 384 4419 λέγων
401 4345 447 4403 τό·
473 4345 488 4403 5
510 4345 578 4410 Θεὸς
600 4346 732 4415 ίλιίσθητί
752 4366 818 4418 μου.
853 4349 909 4401 Kal
928 4349 1104 4419 ίπιστρέιρων
1122 4341 1191 4414 πρὸς
1207 4343 1256 4398 τὸν
1272 4345 1343 4398 λαὸν

81 4427 178 4501 εὐλογεῖ
198 4438 288 4504 λέγων
310 4430 457 4504 ἐκφοίνως·
482 4430 603 4506 φυλάξαι
620 4427 722 4504 Κύριος
745 4430 759 4486 5
780 4432 848 4494 Θεὸς
871 4428 978 4491 πάντας
999 4429 1073 4502 ὑμεῖς
1096 4431 1127 4501 τῇ
1150 4429 1235 4481 αὐτοῦ
1247 4424 1343 4502 χάριτι

82 4517 122 4566 καί
142 4521 337 4591 ηιλανθριιπίρ
361 4513 488 4586 πάντοτε,
512 4521 564 4572 νῦν
586 4517 634 4572 καλ
656 4516 701 4570 άελ
723 4518 770 4570 κοιλ
787 4518 827 4577 ελς
843 4515 906 4576 τούς
922 4519 1026 4574 αἰῶνας
1042 4515 1096 4567 τῶν
1113 4511 1233 4566 αλιίνυν.
1265 4509 1295 4567 Ὁ
1311 4511 1344 4566 77

82 4595 146 4665 λαὸς,
167 4607 306 4664 κλίναντες
327 4601 377 4663 τὰς
398 4601 523 4674 κεφαλάς
545 4599 648 4662 πάντες
670 4604 782 4671 λέγουσι
805 4597 850 4654 τό·
876 4599 908 4653 δι’
929 4598 1019 4669 εὐχῶν
1043 4601 1097 4650 τῶν
1114 4594 1203 4668 άγλιον
1220 4602 1349 4670 πατέρων

82 4675 158 4752 ἡμιλν,
174 4681 259 4760 Κύριε
273 4686 363 4754 Ἰησοῦ
380 4687 483 4760 Χρισνλ
502 4683 517 4742 5
539 4685 608 4748 Θεὸς
623 4683 712 4760 ἡμῶν,
731 4685 844 4753 ἐλέησον
860 4683 940 4754 ἡμεῖς.
970 4678 1068 4754 Ἀμήν.
