3368 5308
706 385 778 456 557

86 563 191 650 ’ρεύς,
221 559 270 642 είς
295 561 444 646 θρανίον,
470 561 529 630 καί
546 561 623 644 ἐκεῖ,
642 560 732 634 ’ὅπου
754 565 908 632 κυκλοῦσι
929 561 1091 652 γύρωθεν,
1118 561 1199 632 ὅταν
1220 559 1380 650 ἔρχωνται

99 661 302 750 ἔμπροσθεν
323 670 384 730 τοῦ
406 659 592 786 ἀρχιερέως,
615 671 754 733 ποιοῦσι
774 662 963 790 μετάνοιαν,
985 665 1041 733 καί
1058 660 1077 732 5
1089 663 1380 750 χειροτονούμενος

100 761 297 848 ἀσπάζεται
323 763 362 830 τὸ
389 761 467 852 γόνυ
494 771 555 832 τοῦ
583 761 804 853 άρχιερίως’
787 764 901 833 επάνω
934 773 994 834 τοῦ
1016 761 1222 854 ἀμοφορίου.
1229 771 1250 848 ¹)
1293 761 1378 834 Εἶτα

101 862 325 951 ἀνιστάμενος
352 861 419 933 ύ’
399 865 576 954 αρχιερεύς,
603 867 820 992 προςέρχεται
847 863 936 956 αύτῷ
963 863 982 933 5
1007 865 1296 992 χειροτονούμενος
1321 868 1380 937 καὶ

98 967 325 1057 σφραγίζεται
344 963 456 1054 τρίτον
475 967 535 1056 την
554 967 702 1058 κεφαλὴν
721 964 801 1057 παρ’
825 965 937 1038 αὐτοῦ.
967 968 1076 1036 Καὶ
1061 966 1190 1051 ερείσας
1210 969 1248 1037 τὸ
1269 968 1379 1053 μέτω-

100 1093 172 1136 πον
194 1075 235 1157 τῇ
257 1064 338 1158 άγίᾳ
358 1067 514 1160 τραπέζῃ,
541 1067 645 1136 κλίνει
665 1069 722 1137 καί
743 1065 846 1160 άμφω
867 1094 900 1138 τι
930 1067 1063 1157 γόνατα.
1099 1070 1170 1138 Καὶ
1182 1068 1379 1194 ἐκφωνοῦν-

100 1194 163 1250 τος
184 1176 246 1236 τοῦ
268 1167 440 1238 διακόνου·
464 1156 711 1253 ltpdoxomo,
734 1167 838 1250 εύθύς
855 1168 1027 1262 ἐκφωνεῖ“
1011 1195 1029 1238 ο
1027 1167 1213 1282 ἀρχιερεύς
1227 1169 1309 1252 ἔχων
1322 1169 1380 1240 καὶ

101 1272 165 1383 τὴν
188 1271 302 1352 δεξιὰν
321 1279 416 1356 χεῖρα
437 1269 648 1362 ἐπικειμένην
671 1270 774 1342 αύτοῦ
794 1279 833 1362 τῇ
855 1275 993 1388 κεφαλῇ.
1027 1257 1073 1332 H
1099 1261 1185 1332 θεία
1208 1258 1379 1354 χᾶρίς,η

102 1355 268 1432 πάντοτε
294 1360 342 1432 τά
368 1362 512 1454 ἀσθενῆ
540 1357 800 1453 θεραπεύουσα
826 1361 890 1434 καὶ
915 1361 961 1434 τά
983 1361 1193 1434 ελλείποντα
1214 1361 1380 1455 ἀναπλη-

104 1467 243 1556 ροῦσα,
269 1445 535 1556 προχειρίζεται
560 1461 627 1536 τὸν
652 1459 834 1550 ύεῖνα,
797 1489 865 1536 τον
891 1462 1162 1558 εὐλαβέστατυν
1187 1457 1378 1548 διάκονον,

101 1567 156 1644 εἰς
189 1561 455 1658 πρεσβύτερον,
489 1559 686 1658 εὐξαίμεθα
720 1559 789 1639 οὖν
821 1561 914 1660 ὑπερ
948 1564 1078 1651 αὐτοῦ,
1110 1565 1174 1640 ἵνα
1200 1565 1330 1659 ἔλθη
1319 1592 1362 1636 επ

103 1662 225 1738 αὐτὸν
250 1663 273 1758 ἡ
296 1663 424 1801 χάρις
429 1673 498 1740 τοῦ
523 1664 710 1766 παναγίου
730 1661 949 1804 πνεύματος.
978 1680 1047 1748 Καὶ
1061 1679 1243 1767 λέγουσι
1209 1705 1248 1747 το
1267 1661 1379 1758 Κύριε

100 1765 267 1862 ἐλέησον,
288 1778 370 1864 τρίς,
392 1775 426 1847 oi
448 1778 540 1859 ἐκτὸς
561 1786 621 1848 τοῦ
641 1776 840 1902 βηματος,(
823 1776 949 1904 ομοίφς
969 1780 1027 1847 καὶ
1047 1778 1081 1849 05
1102 1779 1241 1869 ψάλται.
1268 1779 1380 1848 Πάλιν

101 1873 164 1946 οὖν
186 1878 376 1969 σφραγίσας
397 1877 498 1950 αύτόν
516 1877 599 1968 τρίς,
619 1881 676 1949 καὶ
696 1881 756 1969 την
775 1887 869 1968 χεῖρα
889 1879 973 1964 ἔχων
988 1881 1207 1970 ἐπικειμένην,
1228 1905 1288 1950 του
1273 1883 1381 1949 ’δια-

101 1979 203 2048 κύνου
227 1979 397 2062 εἰπόντος·
443 1975 518 2042 Τοῦ
544 1969 687 2066 Κυρίου
713 1971 923 2065 ὸεηθῶμεν
961 1979 1092 2072 λεγει(
1076 2009 1094 2050 ο
1122 1979 1291 2071 ἀρχιερεύς
1320 1983 1380 2072 τὴν

102 2077 202 2168 τύχην
222 2079 344 2174 ταύτην
365 2091 540 2170 μυστικῶς.

185 2184 230 2260 Ὁ
258 2185 401 2270 Θεὸςε
383 2216 403 2260 ο
441 2190 603 2283 ἄναρχος
636 2187 700 2262 καὶ
734 2183 1037 2284 ἀτελεύτητος,
1020 2217 1040 2264 υ
1075 2183 1194 2280 πάσης
1228 2187 1380 2272 κτίσεως

104 2284 409 2383 πρεσβύτατος“
387 2287 580 2386 υπάρχων,
607 2287 627 2364 ὁ
653 2297 697 2384 τῇ
724 2290 947 2416 προςηγορίᾳ
969 2317 1037 2366 του
1019 2289 1307 2412 πρεσβυτέρου
1324 2317 1380 2361 τι-

105 2387 229 2516 pr5ontc
253 2387 341 2473 τούς
366 2393 406 2464 ἐν
431 2397 484 2487 τῶ
510 2391 657 2488 βαθμῷ
684 2388 805 2483 τούτῳ
832 2391 1098 2474 ἀξιωθέντας(
1086 2396 1291 2515 ιερσυργείν
1312 2391 1379 2465 τὸν

104 2489 221 2617 λύγφν
245 2499 310 2584 τῆς
335 2499 401 2588 σῆς
426 2463 603 2588 ἀληθείας
631 2495 736 2588 (Rom.
756 2463 906 2591 15,16)·
944 2493 1069 2580 αὐτὸς,
1102 2490 1276 2581 ἀίσποτα,
1302 2501 1380 2566 τῶν

107 2591 310 2680 ἁπάντων,
345 2595 409 2668 καὶ
444 2602 592 2682 τοῦτον,
629 2595 674 2669 ὃν
708 2591 912 2722 εύάόκησας
945 2597 1252 2691 προχειρισθῆναι
1287 2623 1362 2690 παρ

105 2698 213 2786 εμοῦ,
240 2697 282 2768 ἐν
308 2694 488 2792 ἀμέμπτῳ
514 2695 677 2793 πολιτείᾳ
702 2694 766 2771 καὶ
791 2696 933 2772 ἀκλινεῖ
955 2705 1000 2792 τῇ
1019 2695 1150 2784 πίστει,
1177 2693 1382 2792 εύύύκησον

107 2794 429 2880 ὑποδέξασθαι
390 2825 459 2892 την
484 2795 649 2926 μεγάλην
673 2795 815 2891 ταύτην
837 2797 952 2896 χάριν
969 2805 1039 2872 τοῦ
1055 2796 1166 2898 ἁγίου
1182 2823 1252 2872 σου
1269 2795 1381 2873 πνεύ-

106 2925 236 2994 ματος.
280 2897 353 2972 Καὶ
379 2901 515 2973 τέλειον
541 2897 739 2983 ἀνάδειξον
765 2897 902 2974 ύοῦλύν
930 2927 1011 2986 σου,
1046 2927 1087 2973 εν
1111 2907 1227 2973 πᾶσιν
1252 2901 1380 2995 εὐαρε-

106 2995 273 3074 στυῦντά
300 3023 358 3072 σοι
393 3001 456 3074 καὶ
483 2999 594 3084 ἀξίως
620 2997 905 3090 πολιτευόμενον
931 3008 994 3095 τῆς
1020 2998 1321 3127 ἀωρηθείσης’
1277 3029 1381 3096 αυτῳ

105 3100 180 3176 ὑπὸ
208 3113 273 3194 της
299 3108 363 3196 σῆς
389 3109 666 3230 προγνωστικῆς
691 3097 900 3195 δυνάμεως,
935 3097 1095 3201 μεγάλης
1120 3097 1257 3194 ταύτης
1281 3101 1381 3194 ἱερα

104 3211 209 3297 τικῆς
243 3210 360 3296 τιμῆς.
402 3203 486 3280 Ὅτι
512 3198 582 3278 σὸν
606 3201 650 3276 τὸ
675 3199 822 3300 κράτος,
855 3200 918 3276 καὶ
944 3211 1012 3276 σοῦ
1038 3207 1139 3275 ἐστιν
1163 3231 1186 3296 η
1173 3200 1381 3294 βασιλεία

103 3306 168 3378 καί
194 3333 217 3398 η
205 3301 431 3430 ’ύύναμις
438 3305 502 3379 καὶ
539 3335 561 3399 η
548 3302 692 3394 ”δύξα,
724 3310 793 3378 τοῦ
819 3303 970 3432 πατρύς,
1003 3302 1160 3377 καὶτοῦ
1184 3303 1284 3392 υἱοῦ,
1317 3303 1381 3378 καὶ

105 3413 175 3480 τοῦ
203 3403 314 3504 ἁγίου
340 3403 562 3502 πνεύματος,
588 3414 661 3481 νῦν
685 3405 749 3481 καὶ
775 3405 845 3496 ἀεὶ,
869 3405 933 3480 καὶ
945 3409 1008 3489 εἰς
1032 3404 1120 3488 τυύς
1146 3407 1285 3488 αἰῶνας
1303 3413 1382 3478 τῶν

105 3503 271 3582 αλυίνων.
283 3507 306 3604 ²)

190 3621 263 3688 Καὶ
289 3621 375 3706 μετὰ
401 3620 460 3710 τι)ν
488 3617 673 3711 ἐκφώνησιν
700 3623 789 3710 λέγει
816 3619 836 3689 5
858 3627 1094 3711 πρωτοπαπᾶς
1104 3625 1127 3705 ³)
1155 3623 1260 3713 λεπτῇ
1287 3629 1382 3713 φωνῇ

196 3881 219 3940 1)
245 3881 277 3930 Et
295 3881 502 3940 Neotorionornm,
526 3879 696 3929 Maronitarum
723 3879 873 3943 oiiorurnqoc
891 3881 1017 3946 disciplina
1036 3881 1062 3930 nt
1079 3891 1178 3931 tonsnrt
1197 3881 1281 3946 copitir
1299 3895 1381 3930 conor·

106 3967 179 4016 dotis,
215 3965 266 4014 Nee
283 3965 375 4014 dobitot
391 3969 554 4014 memnonos
572 3965 630 4029 quin
648 3963 705 4014 oiim
725 3964 788 4027 opud
804 3965 911 4015 Graecos
928 3979 1023 4030 quoquo
1042 3967 1105 4016 itctn
1121 3967 1162 4016 oit.
1196 3967 1259 4016 Sono
1278 3965 1381 4015 mentio·

108 4065 161 4102 octo
181 4050 234 4098 eins
253 4049 328 4098 iniicit
345 4049 487 4100 Germanus.

193 4131 219 4193 2)
239 4133 304 4182 iiten
321 4133 397 4182 oratio
417 4133 613 4196 Presbyterornm
632 4135 730 4198 proprio
748 4142 786 4184 oct
803 4141 827 4182 ct
843 4131 980 4198 pocniinris.
1006 4134 1381 4200 Respondentiiestorinoorom:

109 4217 210 4268 Domine
227 4217 291 4267 Dens
309 4217 378 4267 iortis
397 4218 558 4281 omnipotens.
594 4217 740 4282 Coptorom:
760 4217 935 4268 Domincssnno
953 4221 1114 4284 omnipotens,
1133 4219 1173 4284 qni
1191 4218 1272 4266 omnio
1285 4219 1380 4268 creasti.

111 4301 282 4352 Maronitarum
302 4309 326 4352 nt
345 4301 521 4352 locobitornm:
540 4303 603 4352 lions
623 4317 708 4366 mtgno
728 4310 751 4353 et
769 4301 925 4352 tdmirobiiio.

193 4385 219 4446 3)
245 4387 394 4450 Ρτοιοηεριε
419 4385 454 4436 rei
479 4375 675 4450 πρωτοϊιριύς,
701 4387 897 4450 λττλίρτιεομετ
922 4402 975 4438 cnm
995 4389 1092 4436 mictum
1112 4385 1220 4436 colebrtt
1237 4385 1380 4450 Episcopus,

110 4473 187 4534 prtoit
205 4471 319 4522 omnibns
337 4473 361 4520 in
380 4471 543 4520 ecclesiastico
561 4471 674 4534 dignitato
693 4473 837 4530 constitutio,
857 4474 1049 4524 communionem
1068 4471 1139 4520 trudit
1154 4471 1273 4534 Episcopo
1292 4471 1383 4534 ctEpi·

111 4570 199 4620 oropus
223 4556 279 4620 ipri.
315 4555 406 4604 Primtt
431 4556 454 4605 in
479 4557 592 4606 omnibns
615 4556 707 4605 obtinet
732 4565 755 4605 ot
778 4557 877 4606 obsente
895 4557 1015 4620 Episcopo
1040 4556 1090 4606 einr
1108 4557 1182 4606 ricem
1201 4555 1268 4617 gerit.
1306 4555 1382 4606 Porro

112 4639 217 4690 eodinus
236 4655 291 4689 cnm
310 4634 420 4688 ἔκδικον
438 4637 492 4688 ταῖν
509 4639 627 4708 κρίσεων
646 4639 761 4704 oppetiet,
779 4641 891 4706 qnoniam
911 4642 1025 4693 diindictt
1041 4640 1072 4691 do
1089 4643 1162 4692 robor
1180 4641 1360 4694 ecclesiacticis.
