3368 5308
917 412 991 486 494

489 605 715 700 Ἅφορκισμῦς
736 603 897 695 δεύτερος.
939 601 1014 671 Τοῦ
1040 593 1183 695 Κυρίου
1209 595 1421 694 ἀεηθιῦμεν.

393 747 437 824 Ὁ
465 745 610 836 θεὸς,“
592 777 611 822 ο
638 745 753 875 ἅγιος,
780 775 801 819 ο
787 744 989 845 φοβερὸς
1013 775 1077 821 και
1065 746 1309 838 ένάοξος,
1291 779 1311 824 ο
1333 749 1392 824 ἐπι
1408 757 1498 825 πᾶσι
1513 757 1589 836 τοῖς

321 851 454 977 ἐργρις,
486 848 549 925 καί
578 855 624 945 τῇ
658 844 763 974 ἰσχύϊ
793 847 912 923 αὑτοῦ
943 846 1199 946 ἀκατοίληπτος
1229 849 1293 925 καὶ
1288 849 1589 974 Ἰἀνεξιχνίαστος

320 949 515 1080 ὑπάρχων,
552 949 664 1034 αὐτὸς
689 948 709 1024 5
735 949 935 1047 προορίσας
960 975 1031 1040 σοι,
1055 947 1223 1080 ῦιοίβολε,
1256 957 1323 1050 τῆς
1347 953 1505 1028 αλωνίου
1528 982 1588 1026 κο-

321 1050 460 1137 λάσεως
484 1051 552 1149 τὴν
576 1051 773 1148 τιμωρίαν,
799 1049 903 1126 ἀιΗ
883 1055 993 1147 ημιῦν
1017 1055 1095 1128 τών
1116 1053 1276 1149 ἀχρείων
1294 1054 1413 1128 αάτου
1397 1051 1588 1142 ἀσύλων,

322 1151 458 1230 κελεύει
484 1179 554 1243 σοι,
587 1153 649 1228 καὶ
682 1151 782 1247 ποίση
815 1158 863 1248 τῆ
888 1159 1058 1280 συνεργῷ
1084 1179 1152 1229 σου
1177 1151 1405 1244 ἀυνοίμει,’
1384 1163 1588 1252 αποστῆναι

321 1256 394 1332 ἀπὸ
435 1261 507 1332 τοῦ
545 1253 679 1330 νεωστὶ
722 1255 1021 1355 σφραγισθέντος
1055 1255 1113 1329 ἐπ’
1154 1253 1310 1343 ὀνόματι
1344 1261 1414 1332 τοῦ
1450 1256 1589 1354 Κυρίου

319 1357 429 1455 ἡμῶν
455 1359 576 1453 Ιησσῦ
607 1359 789 1452 Χριστοῦ,
821 1360 891 1430 τοῦ
922 1357 1108 1484 ἀληθινοῦ
1143 1356 1289 1434 Θεοῦ
1267 1359 1387 1454 ημών.
1434 1357 1589 1486 Ορκίζω

322 1457 392 1536 οῦν
418 1485 457 1534 σε
483 1454 741 1552 παμπόνηρον,
775 1455 839 1531 καὶ
865 1454 1099 1552 ἀκάθαρτον,
1132 1458 1196 1532 καὶ
1221 1458 1371 1586 μιαρὸν,
1396 1459 1463 1534 καὶ
1488 1459 1589 1555 5555-

322 1559 519 1661 λυγμένον,
544 1558 608 1633 καὶ
633 1555 826 1652 ἀλλότριον
852 1564 1014 1652 πνεῦμα,
1040 1557 1135 1634 κατὰ
1160 1565 1226 1688 της
1256 1557 1455 1656 ἀυνοίμεως
1474 1562 1589 1688 Ἰησοῦ

320 1669 502 1786 Χριστοῦ,
535 1665 604 1734 τοῦ
635 1663 763 1734 πᾶσαν
795 1659 1011 1745 ἐξουσίαν’
999 1667 1146 1756 ε’χοντος
1181 1665 1252 1736 ἐν
1246 1661 1414 1759 οὐρανῷ
1446 1663 1512 1738 καὶ
1534 1661 1588 1737 ε’πι

320 1778 400 1866 γῆς,
425 1771 494 1838 τοῦ
520 1758 684 1845 εἰπόντος
709 1764 764 1860 τῴ
789 1770 908 1860 κωφῷ
932 1761 995 1836 καὶ
1021 1759 1146 1859 ἀλόλῳ
1169 1761 1334 1857 δαίμονι,
1361 1765 1538 1848 ἕξελθε’
1520 1763 1587 1838 απὸ

320 1875 390 1940 τοῦ
415 1860 638 1961 ἀνθρώπου,
663 1861 727 1936 καὶ
750 1863 877 1959 μηκέτι
903 1865 1064 1960 ελςέλθης
1089 1868 1140 1948 ελς
1164 1862 1297 1940 αὐτόν·
1333 1862 1587 1962 ἀναχώρησον,

320 1962 509 2094 γγώρισον
532 1963 601 2061 τὴν
627 1962 696 2059 σὴν
723 1963 889 2052 ματαίαν
914 1961 1157 2054 δύναμιν,
1118 1995 1186 2091 την
1211 1965 1305 2062 μηδὲ
1327 1967 1570 2063 χώρωνου
1493 1971 1570 2052 ε’ξου
1571 2011 1588 2022 -

322 2069 410 2144 σίαν
441 2069 613 2198 ἔχουσαν.
651 2061 927 2162 Υπομνήσθητι
959 2071 1027 2141 τοῦ
1054 2065 1291 2152 ἐπιτοίξαντός
1316 2093 1375 2142 σοι
1400 2067 1501 2144 κατά
1525 2068 1588 2164 τὴν

321 2170 391 2266 σὴν
417 2173 562 2265 αἴτησιν
587 2172 638 2250 ελς
662 2165 731 2262 τὴν
756 2167 891 2294 ἀγέλην
915 2171 993 2242 τών
1016 2167 1158 2263 χοίρων
1174 2171 1360 2254 ελςελθεῑν.
1377 2169 1587 2298 Φοβήθητι

319 2271 388 2346 τὸν
416 2268 521 2398 0555,
547 2261 593 2345 οῦ
617 2272 672 2366 τῷ
660 2265 949 2396 προςτάγματι
973 2269 995 2365 5
1021 2297 1099 2397 γη
1054 2271 1179 2344 καθ’
1200 2267 1386 2346 ῦῦοίτων’
1369 2271 1586 2368 εστήρικτιιι,

320 2370 388 2448 τὸν
419 2372 600 2446 κτίσαντα
631 2368 699 2445 τὸν
733 2370 910 2465 οὐρανὸν,
943 2369 1006 2445 καὶ
1032 2369 1220 2468 στήσαντα
1245 2371 1292 2445 τά
1318 2373 1386 2468 όρη
1414 2377 1586 2469 σταθμοῦ,

320 2473 383 2550 καί
408 2471 476 2557 τάς
500 2469 621 2556 ναίπας
647 2469 766 2596 ζυγῳ,
796 2471 860 2545 καί
885 2472 1055 2547 θέντα’
1030 2501 1158 2566 αμμον
1185 2469 1406 2570 θαλόσση”
1385 2503 1528 2604 οριον,
1530 2474 1586 2550 καί

320 2579 362 2651 ἐν
320 2575 497 2650 ἐῦάατι
525 2571 680 2670 σφοδρῷ
705 2571 839 2702 τρίβον
856 2573 1024 2749 ἀσφαλῆ·
1052 2574 1119 2650 τὸν
1136 2571 1346 2670 ἀπτόμενον
1364 2579 1444 2651 τῶν
1464 2576 1586 2703 ἀρέων,

320 2675 384 2752 καὶ
415 2673 670 2764 καπνίζονται,
702 2673 770 2749 τὸν
803 2672 1110 2772 ἀναβαλλόμενον
1143 2679 1225 2775 φώς
1251 2675 1302 2760 ώς
1325 2672 1494 2768 ίιιοίτιον,
1526 2676 1586 2751 τὸν

320 2775 534 2852 ἐκτείναντα
575 2773 642 2851 τὸν
678 2773 907 2872 οῦρανὸν“
879 2775 961 2859 ωςεὶ
997 2775 1119 2874 ἀέῤῥιν
1128 2833 1141 2866 ,
1185 2777 1252 2852 τὸν
1278 2774 1565 2906 στεγόζσντα’
1550 2805 1587 2852 εν

319 2877 435 2955 ῦάασι
466 2876 513 2952 τά
539 2876 692 3004 ῦπεριρα
715 2874 846 2966 αὑτοῦ,
882 2877 950 2952 τὸν
975 2877 1287 2974 θεμελιοῦντα
1248 2908 1317 2975 την
1341 2884 1414 2980 γῆν
1440 2879 1586 2975 ἐπὶτὴν

322 2975 531 3078 ἀσφάλειαν
556 2979 684 3075 αὐτῆς,
721 2978 765 3052 οῦ
790 2977 1006 3074 κλιθὴσεται
1033 2984 1083 3063 εἷς
1107 2977 1176 3056 τὸν
1201 2984 1321 3068 αλιῦνα
1347 2990 1417 3056 τοῦ
1443 2987 1585 3068 αλιῦνος,

319 3082 388 3158 τὸν
420 3079 741 3177 προςκαλοῦμενον
773 3079 816 3154 τὸ
848 3079 953 3176 ῦιλωρ
986 3091 1051 3177 τῆς
1084 3079 1288 3178 θαλάσσης,
1321 3080 1385 3156 καὶ
1420 3085 1585 3212 ἐκχέοντα

321 3183 414 3261 αὐτὸ
438 3183 497 3258 ἐπὶ
522 3179 716 3278 πρόςωπον
742 3178 861 3280 πόσης
885 3211 950 3278 της
973 3188 1050 3284 γῆς.
1083 3183 1231 3268 Ἔξελθε
1255 3182 1318 3258 καὶ
1344 3183 1585 3281 ἀναχώρησον

320 3285 488 3362 ἀπὸτοῦ
513 3283 605 3382 πρὸς
629 3283 672 3358 τὸ
693 3282 807 3410 ἀγιον
834 3280 1010 3410 φώτισμα
1036 3283 1351 3379 εὐτρεπιζομένου.
1374 3283 1533 3382 Ορκίζω
1550 3309 1584 3358 σε

319 3387 415 3463 κατὰ
439 3389 509 3462 τοῦ
535 3382 795 3483 σωτηριώόους
819 3381 969 3469 πόθους
992 3414 1060 3460 του
1045 3385 1258 3480 Κυρίου
1236 3394 1346 3482 ημιῦν
1357 3385 1482 3514 Ἰησοῦ
1497 3393 1584 3480 Χρι-

321 3495 425 3576 στοῦ,
450 3487 608 3562 καὶτοῦ
632 3486 758 3581 τιμίου
785 3487 903 3562 αὐτοῦ
928 3482 1100 3579 σώματος
1123 3487 1187 3562 καί
1220 3490 1388 3582 αἵματος,
1414 3488 1480 3563 καὶ
1497 3485 1584 3564 κατὰ

319 3599 385 3684 τῆς
409 3585 582 3671 ἐλεύσεως
615 3588 734 3664 αὐτοῦ
758 3593 823 3683 τῆς
849 3587 1082 3716 φοβερᾶς,”
1059 3593 1134 3684 ηξει
1153 3587 1265 3716 γάρ,
1279 3616 1342 3662 και
1368 3589 1414 3664 οὐ
1439 3593 1583 3712 χρονιεῖ,

320 3691 462 3784 κρίνων
487 3694 615 3764 πᾶσαν
647 3687 715 3786 τὴν
740 3693 825 3817 γῆν,
857 3688 921 3762 καὶ
947 3687 999 3778 σέ,
1035 3690 1098 3764 καὶ
1122 3689 1191 3786 τὴν
1218 3686 1402 3791 σύνεργόν
1427 3716 1498 3767 σου
1524 3686 1585 3766 55-

320 3818 437 3888 ναμιν
472 3787 619 3866 κσλοίσει
651 3795 702 3874 εἰς
725 3789 794 3888 τὴν
819 3791 975 3916 γέενναν
998 3797 1069 3864 τοῦ
1093 3789 1222 3888 πυρὸς,
1255 3789 1449 3888 παραδοὺς
1474 3799 1526 3877 ελς
1546 3789 1583 3864 τὸ

321 3891 451 3978 σκότος
484 3890 527 3968 τὸ
562 3889 809 3992 ἐξώτερον,“
789 3920 882 3968 οπου
919 3890 940 3966 5
974 3888 1170 3989 σκώληξ*
1152 3922 1172 3967 ο
1206 3891 1416 3990 ἀκοίμητος,
1452 3896 1517 3968 καί
1546 3891 1584 3965 τὸ
1669 3969 1670 3992 χ

320 4004 395 4124 πῦρ
423 3994 469 4071 οῦ
495 3993 707 4094 σβέννυται
724 3993 871 4072 Ὀτι
833 4023 876 4069 τσ
901 3994 1036 4090 κρότος
1060 3998 1229 4121 Χριστοῦ
1253 4001 1322 4070 τοῦ
1350 3995 1490 4070 θεοῦ“
1468 4005 1583 4118 ημιῦν,

321 4099 393 4174 σῦν
426 4104 482 4224 τρί’
518 4096 643 4192 πατρὶ,
677 4095 742 4171 καὶ
772 4103 826 4193 τῷ
842 4093 956 4222 ἀγίιρ
986 4091 1184 4223 πνεῦματι,
1217 4103 1291 4172 νῦν
1325 4095 1390 4170 καὶ
1423 4095 1495 4187 ἀεὶ,
1527 4123 1583 4171 και

321 4204 372 4284 εἰς
396 4197 484 4282 τοὺς
509 4202 649 4281 αλωνας
673 4205 751 4273 τῶν
781 4167 941 4273 αίώνων.
986 4193 1114 4294 Ἀμήν.

503 4393 728 4490 Ἀφορκιομὸς
748 4393 868 4486 τρίτος.
916 4387 991 4458 Τοῦ
1015 4381 1158 4481 Κυρίου
1183 4380 1395 4480 ῦεηθῶμεν.

404 4532 517 4630 Κύριε
550 4534 744 4630 Σαβαὼθ,
779 4533 799 4609 5
834 4534 921 4620 θεὸς
951 4539 1020 4610 τοῦ
1039 4533 1197 4631 Ἰσραὴλ,
1231 4529 1436 4630 ἀλώμενος
1458 4541 1579 4606 πᾶσαν

320 4632 436 4712 νόσον
460 4637 523 4712 καὶ
549 4642 675 4713 πᾶσαν
700 4636 901 4734 μαλακίαν,
927 4637 1134 4734 ε’πίβληψον
1159 4634 1219 4710 ἐπὶ
1244 4635 1310 4712 τὸν
1335 4631 1473 4712 δοῦλόν
1505 4659 1580 4718 σου,
