3378 5302
798 1339 1115 1484 ctruru.
1281 1372 1285 1380 ’
1410 1318 1413 1327 ’

716 1596 939 1662 LITURGIA
971 1598 1002 1660 S.
1030 1595 1193 1662 IACOBI.

412 1798 468 1890 Ab
497 1825 577 1888 omui
592 1811 754 1889 'vetustate
780 1835 900 1908 accepta
922 1833 969 1889 est
990 1824 1091 1907 cpiuic
1115 1823 1268 1900 ecclcsiae,
1297 1825 1328 1888 S.
1350 1825 1490 1889 iacobum
1510 1827 1597 1908 Apo-

318 2029 407 2104 Qucd
428 2028 537 2110 probat
558 2027 621 2091 eius
645 2027 696 2108 qui
718 2024 953 2091 Constitutiones
976 2028 1099 2108 digessit
1121 2027 1265 2104 doctriua,
1287 2028 1343 2092 etsi
1366 2028 1488 2092 Missam
1502 2028 1598 2092 Fide·

316 2129 389 2194 lium
417 2147 574 2211 perperam
602 2129 751 2192 revocavit
777 2121 814 2191 a'd
835 2129 975 2192 iacchum
996 2129 1157 2206 maiorem;
1184 2130 1293 2210 probet
1319 2129 1513 2211 Epiphanius,
1544 2131 1597 2211 qui

316 2232 406 2295 naec
432 2232 472 2296 79
505 2229 644 2291 Iacobum
673 2229 742 2292 iecit
768 2225 853 2294 κατὰ
884 2225 945 2316 τὴν
975 2231 1035 2316 γῆν
1068 2223 1301 2315 ἱερουργοῦντα
1331 2227 1371 2296 τὸ
1403 2223 1601 2316 εὐαγγέλιον

316 2326 374 2396 καί
393 2322 582 2416 μυστηρίων
603 2321 790 2416 άρχηγέτην.
834 2331 912 2394 Sane
933 2350 1005 2394 verc
1028 2331 1107 2394 atiud
1130 2341 1177 2394 est
1197 2333 1311 2395 referre
1331 2331 1519 2395 adlaecbum
1542 2352 1597 2395 re-

316 2452 384 2496 rum
411 2432 611 2512 liturgicarum
641 2431 881 2507 sollicitudiuem,
908 2431 989 2496 aliud
1017 2433 1142 2496 eundem
1171 2433 1340 2514 apostolum
1362 2433 1498 2514 liturgiae
1520 2435 1600 2499 satis

316 2534 450 2618 prolixae
470 2532 623 2595 venditare
644 2541 804 2596 auctorem.
848 2534 972 2597 Inclinat
993 2534 1029 2596 ad
1051 2535 1129 2597 hanc
1150 2535 1327 2598 senteutiam
1347 2535 1482 2610 Procius,
1511 2535 1598 2598 Con-

318 2633 600 2715 stantincpclitauus
621 2634 787 2715 patriarcha
810 2635 844 2714 (†
856 2638 942 2713 446),
970 2635 997 2699 si
1019 2637 1167 2716 putandus
1189 2647 1236 2700 est
1256 2647 1360 2700 auctor
1382 2639 1599 2719 apcspasmatii

317 2732 404 2824 περδ
417 2727 641 2821 παραδόσεως
660 2737 720 2822 τῆς
739 2737 841 2812 δεῖας
861 2730 1081 2820 λειτουργίαςε
1104 2738 1228 2800 collocat
1249 2737 1327 2802 euim
1349 2739 1381 2800 in
1404 2757 1509 2802 eurum
1534 2759 1597 2804 nu-

318 2833 415 2914 meic,
438 2837 488 2918 qui
509 2837 718 2916 mysteriorum
740 2837 887 2900 rationem
909 2838 1092 2920 explicarunt
1113 2847 1143 2901 et
1165 2837 1285 2920 scriptis
1308 2840 1475 2904 mandatam
1496 2841 1597 2904 eccle-

318 2941 382 3004 siae
403 2938 587 3002 tradiderunt
607 2937 746 3002 Iacchum
771 2973 808 2986 -
833 2929 852 3002 ό
873 2940 934 3024 τῆς
950 2931 1223 3025 Ἱεροσολυμιτῶν
1244 2933 1417 3026 ἐκκλησίας
1437 2935 1496 3006 τόν
1516 2940 1600 3028 κλῆ-

318 3062 376 3130 ρον
397 3034 505 3120 λαχὼν
525 3035 583 3105 καί
602 3031 725 3126 ταύτης
745 3041 880 3122 πρῶτος
895 3032 1092 3116 ἐπίσκοπος.
1121 3041 1256 3104 Testium
1272 3043 1352 3104 serie
1366 3043 1497 3124 iungitur
1512 3041 1598 3106 Con-

317 3143 418 3207 cilium
433 3141 604 3204 Trullanum
627 3143 713 3219 (706)
736 3159 849 3204 canone
870 3143 926 3206 32:
947 3136 1005 3206 καί
1025 3137 1087 3226 γὰρ
1108 3137 1166 3207 καί
1183 3133 1340 3224 Ἰάκωβος
1353 3135 1373 3208 δ
1388 3139 1474 3208 κατὰ
1487 3135 1600 3228 σάρκα

317 3224 469 3330 δίριστοῦ
495 3243 556 3306 τοῦ
581 3244 668 3307 θεοῦ
694 3233 788 3328 ἡμῶν
809 3234 966 3329 ἀδελφὸς,
995 3231 1033 3319 ὃς
1053 3243 1114 3328 τῆς
1130 3235 1401 3328 Ἱεροσολυμιτῶν
1421 3239 1600 3332 ἐκκλησίας

315 3339 459 3432 πρώτως
477 3340 537 3409 τὸν
557 3335 685 3426 θρόνου
706 3337 895 3430 ἐπεστάθη,
917 3337 1176 3421 καίΒασίλειος,
1197 3336 1217 3410 c‘
1238 3346 1298 3429 τῆς
1311 3340 1512 3430 Καισαρέων
1533 3339 1600 3432 cip-

316 3439 548 3528 permissumve,
570 3432 610 3509 οό
630 3441 670 3509 τδ
691 3440 787 3522 κλέος
806 3440 892 3510 κατὰ
913 3447 1028 3509 πᾶσαν
1047 3440 1107 3528 τὴν
1122 3438 1316 3533 οἰκουμένην
1329 3444 1518 3532 διέδραμεν,
1540 3443 1600 3532 ἐγ-

318 3541 457 3633 γράφως
476 3542 537 3632 τὴν
556 3541 715 3630 μυστικὴν
736 3538 816 3632 ἡμῖν
837 3537 1024 3629 ἱερουργίαν
1036 3541 1323 3630 παραδεδωκότες,
1346 3541 1433 3614 οὕτω
1447 3545 1600 3614 τελειοῦν

318 3646 355 3715 ἐν
375 3651 415 3735 τῇ
436 3640 519 3734 θείᾳ
540 3638 729 3734 λειτουργίᾳ
750 3639 790 3724 ἐξ
807 3639 931 3723 όδατος
949 3667 987 3711 τε
1007 3641 1065 3712 καί
1086 3639 1178 3712 οἴνου
1199 3643 1238 3714 τὸ
1261 3641 1350 3734 ίερδν
1362 3642 1527 3735 ποτήριον
1541 3645 1600 3715 ἐκ-

319 3744 484 3816 δεδιόκασι
505 3749 575 3826 (tit
598 3767 623 3811 c.
639 3751 703 3827 30).
712 3747 733 3825 ¹)
761 3744 896 3830 Denique
916 3767 977 3811 neu
997 3751 1262 3830 praetermittimus
1284 3749 1415 3815 isaacum
1437 3753 1599 3818 Armeniae

318 3870 443 3933 maguae
454 3850 640 3923 catholicum,
653 3848 772 3912 seeculc
784 3850 842 3913 iam
854 3849 969 3913 decium
981 3851 1102 3926 clarum,
1113 3852 1187 3913 haee
1197 3861 1366 3916 monentem
1377 3854 1597 3918 eontraArme-

318 3972 393 4018 ncs:
415 3945 471 4016 ότι
490 3947 552 4036 γὰρ
574 3943 738 4036 ποτήριον
758 3944 942 4036 όΧριστδς
953 3953 1027 4028 τοῖς
1040 3945 1246 4029 ἀποστόλοις
1259 3947 1411 4034 δέδωκεν,
1433 3941 1523 4020 οἶνον
1536 3953 1597 4020 καί

318 4049 409 4139 ὕδωρ
420 4043 496 4134 εἶχε,
507 4045 663 4138 μάρτυςδ
679 4045 775 4136 άγιος
788 4045 978 4130 ἀπόστολος
989 4045 1154 4135 Ἰάκωβος,
1169 4045 1188 4118 ό
1201 4045 1414 4141 άδελφόδεος
1422 4049 1480 4120 καί
1490 4049 1598 4140 Μάρ-

317 4149 410 4246 κοςιό
426 4149 657 4240 εὖαγγελιστὴς
670 4149 706 4219 ἐν
716 4156 791 4232 ταῖς
804 4147 1026 4239 λειτουργίαις
1037 4147 1188 4242 ἑκάτεροι
1198 4148 1286 4219 οάτω
1300 4151 1467 4240 λέγοντες·
1482 4149 1598 4222 aaut·

318 4278 385 4334 τως
405 4253 490 4340 μετὰ
510 4251 549 4320 τὸ
564 4253 744 4341 δειπνῆσαι
764 4250 876 4338 λαβὼν
896 4252 935 4320 τό
956 4249 1119 4342 ποτήριον
1138 4251 1196 4320 καί
1215 4250 1358 4342 κεράσας
1379 4251 1418 4336 ἐξ
1430 4249 1523 4326 circu
1535 4254 1595 4324 καί

319 4351 452 4436 όδατος,
474 4349 713 4443 εὐχαριστήσας
731 4352 788 4422 καί
803 4349 984 4443 εὐλογήσας
998 4351 1118 4424 ἔδωκεν
1133 4358 1203 4435 (Lit.
1215 4358 1272 4422 lac
1284 4363 1337 4427 30.
1351 4359 1410 4424 tit.
1425 4361 1515 4425 Marc,
1529 4362 1593 4438 16).

408 4578 435 4641 1)
455 4579 500 4632 iiic
523 4593 600 4630 ειυυο
619 4577 707 4644 Spacdi
725 4577 865 4642 Trutiauee,
889 4581 995 4645 quamvis
1013 4579 1065 4645 iper
1089 4595 1103 4631 ε
1126 4579 1184 4632 seda
1202 4581 1307 4634 iicmsm
1325 4581 1426 4648 proteu
1443 4596 1492 4634 usu
1511 4581 1594 4645 tuerit,

321 4663 413 4716 retatus
430 4672 468 4715 est
485 4665 509 4716 iu
528 4665 634 4716 Gratiani
652 4663 787 4716 Decretum.
992 4667 995 4676 “
