3336 5302
908 407 982 480 tlt

307 618 371 664 sesa
393 597 598 679 iupeoiliaira,
626 606 694 675 sept
721 595 777 658 der
803 594 906 674 talliae
934 592 1087 655 dolona
1111 589 1428 670 chrysostomus,
1462 588 1583 650 mordes

304 700 383 764 niele
412 699 516 780 leilipa
538 699 671 762 manner
699 699 740 762 iat
761 694 945 776 llas‘ls‘ptlmm
967 691 1061 773 aanor
1082 691 1215 772 procla,
1244 691 1291 754 die
1311 693 1366 752 uait
1387 689 1483 752 idaea
1505 688 1581 750 diea-

306 811 368 874 tea,
390 802 455 864 aad
476 800 543 863 ooli
564 797 774 879 Gotteasarcit
795 815 837 860 aa
859 796 913 858 ater
936 795 1062 874 neuneu
1086 791 1172 874 Tosel
1192 793 1355 858 standene

393 902 465 984 Cap.
487 901 592 964 XXIX.
621 897 801 964 Memoria
824 913 967 960 coenae
990 913 1123 960 sacrae
1144 912 1162 957 a
1184 892 1343 956 Domino
1366 891 1584 954 institutae

304 1005 369 1070 lam
391 1003 543 1068 Diaconos
557 1002 742 1065 deteriscnm
767 995 846 1060 tollit
866 1017 884 1060 e
906 997 992 1060 disco
1013 1031 1057 1044 —
1078 987 1191 1060 odaiae
1211 986 1231 1058 d
1254 985 1435 1074 irpeaisdada
1450 986 1585 1077 νεφέλην

310 1097 357 1182 ὡς
373 1100 459 1170 πατὰ
480 1096 632 1190 Motene
653 1097 689 1166 da
710 1103 750 1188 τῇ
771 1101 871 1186 σκηνῇ
890 1100 951 1164 τοῦ
971 1090 1165 1181 μαρτυρίου,
1186 1087 1258 1160 ἀλλ’
1281 1087 1584 1178 ἀνακεκαλυμμένῳ

306 1199 480 1292 πραςώπῳ
506 1202 566 1291 τὴν
589 1198 690 1282 δόξαν
710 1203 770 1266 τοῦ
790 1196 920 1286 Κυρίου
942 1192 1153 1266 καταπνεύει.
1195 1198 1324 1262 liemoto
1345 1214 1418 1258 sero
1442 1195 1584 1259 saturiaco

307 1308 428 1372 flabello
451 1308 472 1371 i.
488 1327 516 1372 e.
539 1308 620 1388 ligno
644 1307 675 1367 in
698 1302 861 1368 cherubini
890 1303 1009 1374 laniem,
1039 1302 1154 1364 alarum
1183 1297 1304 1363 senario
1332 1297 1584 1377 circumstipatam

306 1411 434 1484 caelato,
461 1419 494 1472 ut
515 1408 698 1472 Terentiana
726 1416 794 1468 utar
817 1421 893 1468 roes
919 1405 1055 1484 prolana,
1084 1400 1237 1464 ventulum
1267 1400 1340 1463 iacit
1360 1415 1458 1480 snper
1479 1399 1585 1460 sanctis

310 1513 408 1584 donis,
438 1530 476 1573 ne
509 1508 649 1573 animalia
676 1505 832 1570 volitantia
863 1505 1001 1568 incidant
1029 1504 1060 1566 in
1094 1501 1220 1566 calicem
1252 1521 1283 1584 p.
1299 1505 1350 1567 dt.
1394 1499 1587 1579 lllegorislae

310 1611 499 1676 debeltorum
529 1619 613 1674 motu
638 1607 869 1672 admirationem
897 1619 927 1670 et
949 1605 1210 1670 conturbationem
1232 1603 1408 1666 coelestium
1433 1599 1586 1682 spirituum

308 1731 484 1796 expressam
513 1712 637 1784 volunt„
656 1711 707 1794 qui
729 1708 767 1774 ad
789 1708 892 1772 crucia
916 1707 1051 1790 stipitem
1074 1716 1286 1770 convenerant.
1329 1703 1363 1766 Si
1386 1703 1471 1767 desit
1492 1700 1586 1764 nand-

309 1817 383 1890 ium,
411 1815 563 1878 Diaconos
591 1811 656 1877 velo
685 1810 876 1893 apprehenso
905 1820 936 1873 et
964 1809 1051 1891 qnasi
1077 1807 1218 1872 manibus
1246 1823 1382 1888 appenso
1405 1823 1495 1868 sacra
1518 1804 1586 1866 dosa

311 1916 445 1981 ventilat.

786 2569 922 2629 “Panldaoa
946 2581 1118 2632 ventilabrum.

399 2729 595 2793 lienaldotins
616 2728 641 2790 l.
662 2707 694 2810 p.
708 2731 788 2793 att:
820 2728 1004 2805 „Orationis
1035 2750 1111 2813 qnae
1134 2750 1150 2793 a
1173 2731 1337 2795 Sacerdote
1359 2741 1433 2812 post
1456 2733 1585 2814 lnpmonn

313 2831 528 2913 triumphalem
550 2849 568 2892 a
589 2829 678 2911 plebe
700 2831 814 2895 dictum
837 2835 1062 2912 pronunciatur,
1085 2833 1254 2896 communis
1277 2843 1325 2895 cst
1338 2835 1369 2895 iu
1386 2834 1528 2896 omnibns
1542 2833 1586 2895 ot

311 2935 394 2998 liciis
423 2935 534 2996 torma:
566 2932 624 2994 uisi
653 2933 734 3014 qnod
757 2933 789 2994 in
813 2933 945 3014 antiquis
967 2935 1096 3008 brevior,
1126 2936 1157 2996 in
1181 2934 1250 2997 aliis
1273 2933 1429 3016 aliquanto
1453 2935 1587 3017 prolixior

315 3043 373 3098 est.
419 3033 560 3096 Omnium
583 3035 733 3098 senmntia
757 3034 871 3108 eadem,
893 3053 1002 3118 nempe
1024 3037 1237 3100 beneflciomm
1261 3034 1315 3098 liei
1339 3053 1411 3116 erga
1434 3037 1585 3100 humanum

315 3153 411 3217 genus
433 3136 620 3200 enumeratio
643 3155 660 3198 a
683 3136 853 3199 creatione:
877 3144 939 3198 tuan
961 3155 997 3200 ex
1018 3138 1153 3212 caritate,
1176 3155 1234 3220 qua
1257 3147 1329 3219 post
1350 3139 1458 3200 sdami
1479 3137 1586 3218 lapsum

317 3237 458 3302 nomines
486 3255 502 3300 a
529 3237 702 3319 perditione
732 3237 893 3309 revocavit,
920 3237 1067 3302 mittendo
1089 3239 1288 3313 Pulmoneum,
1317 3247 1348 3302 et
1369 3237 1536 3320 Prophetas
1561 3246 1587 3298 et

271 3337 273 3342 ’
316 3339 414 3419 legem
437 3339 553 3403 dando:
575 3340 758 3420 tandemque
781 3357 836 3420 per
856 3339 1098 3403 incarnationem
1121 3341 1267 3420 unigeniti
1291 3339 1344 3402 lllii
1362 3342 1420 3412 sni,
1444 3351 1586 3420 tauroque

316 3442 385 3505 eins
407 3441 438 3503 in
460 3441 551 3505 terris
572 3441 844 3522 dispensationem,
867 3451 1055 3522 mortemque
1077 3441 1248 3517 salutarem,
1277 3441 1436 3505 liberando
1467 3461 1484 3505 a
1506 3439 1587 3504 serri-

189 3616 199 3630 ,
318 3553 383 3606 tute
405 3540 531 3606 diaboli.
574 3541 648 3606 Cnnn
668 3561 740 3606 vero
763 3551 834 3604 ante
856 3543 1030 3621 passionem
1053 3541 1191 3606 Christus
1217 3544 1446 3609 Sacramentum
1463 3541 1588 3624 corporis

318 3653 352 3706 et
372 3643 530 3723 sanguinis
553 3643 725 3717 instituerit,
749 3643 931 3724 iusseritque
953 3643 1107 3724 spostolis
1129 3655 1160 3706 et
1181 3663 1237 3724 per
1257 3663 1311 3708 eos
1332 3643 1481 3708 Ecclesiis
1502 3643 1586 3706 annni-

317 3744 388 3819 hus,
413 3744 543 3806 utillud
565 3744 597 3807 in
619 3745 667 3809 sni
689 3743 866 3808 memoriam
890 3744 1102 3820 celebraretur,
1133 3745 1172 3809 ab
1194 3745 1314 3810 illorum
1336 3763 1433 3828 nsque
1457 3743 1587 3826 tempori·

316 3845 376 3910 bus
399 3843 632 3910 Ecclesiastioae
653 3845 835 3928 disciplinae
856 3855 1001 3928 perpetua
1022 3847 1071 3910 lex
1092 3845 1158 3921 luit,
1180 3856 1215 3910 ut
1235 3845 1370 3910 eiusdem
1399 3842 1587 3912 institutionis

318 3947 466 4012 memoria
487 3957 686 4030 repeteretur,
708 3957 739 4011 at
760 3948 867 4012 eadem
888 3947 954 4029 ipsa
969 3947 1060 4011 verina
1082 3947 1305 4020 adhiberentur,
1323 3949 1433 4029 quinus
1448 3948 1481 4012 in
1494 3947 1586 4012 nltina

319 4067 418 4113 coena
432 4048 569 4113 Christus
591 4069 703 4132 corpus
725 4067 814 4114 suurn
835 4057 867 4112 et
884 4049 1059 4130 sanguinem
1074 4045 1233 4134 discipulis
1248 4050 1380 4123 tradens,
1405 4067 1478 4114 usna
1492 4049 1587 4112 inerat.

318 4151 445 4232 Quippe
459 4149 594 4233 liturgia
615 4159 702 4214 vetus
723 4149 805 4214 nulla
827 4149 927 4215 verbis
948 4150 1010 4214 illis
1032 4149 1137 4224 carnit,
1160 4169 1247 4233 quae,
1271 4149 1369 4215 utilia
1382 4151 1455 4214 net:
1473 4149 1587 4216 crescite

322 4262 355 4315 et
375 4251 616 4334 multiplicamini
644 4251 733 4316 initio
760 4269 862 4316 rerum
883 4261 1050 4318 creatarum
1071 4251 1198 4333 prolata,
1226 4253 1287 4318 lanc
1308 4271 1405 4334 usque
1427 4259 1585 4336 operantur,

320 4355 364 4417 ita
387 4353 522 4435 quotidie
544 4373 561 4418 a
583 4352 791 4417 sacerdotibus
812 4353 939 4434 pmlata‚
972 4353 1144 4435 producunt
1163 4355 1327 4418 efficaciter
1348 4353 1379 4418 id
1402 4353 1481 4436 qnod
1503 4351 1586 4432 signi·

322 4455 431 4531 deant,
459 4467 494 4519 nt
515 4457 746 4536 chrysostomus
774 4454 907 4537 scripsit,
934 4455 985 4536 pia
1012 4455 1092 4519 iusta
1116 4463 1146 4518 at
1168 4455 1331 4536 augentes.
1374 4455 1487 4520 Omnes
1507 4453 1587 4534 igitur

321 4554 440 4620 illarum
463 4556 640 4622 Orationuna
663 4557 810 4620 termulae
824 4556 869 4619 *de
890 4557 1001 4620 dimota
1022 4555 1180 4622 Beneficiis
1201 4565 1281 4632 sunt,
1303 4557 1404 4639 deone
1423 4557 1525 4622 aluno
1540 4551 1585 4616 illo

320 4657 488 4740 passionis,
521 4668 552 4722 et
573 4658 755 4724 sacramenti
776 4657 905 4722 instituti
928 4658 966 4721 ad
988 4665 1181 4740 peccatorum
1200 4658 1423 4736 remissionem,
1449 4660 1587 4736 riunena
