3560 5306
922 412 993 491 tot

315 613 394 694 καί
418 602 635 710 φοβεράν
660 601 807 679 αὐτοῦ
832 590 1105 695 παρουσίαν
1130 582 1526 686 ἀπεκδεχόμενοι,
1550 585 1601 660 όν

316 711 340 818 ᾗ
367 713 521 813 μέλλει
547 706 776 807 ἔρχεσθαι
800 704 962 800 κρῖναι
988 694 1169 786 ζῶντας
1192 689 1272 768 καὶ
1293 692 1313 731 *
1330 685 1527 790 νεκροὺς
1551 689 1601 762 ἐν

318 808 621 906 δικαιοσύνη,
646 803 724 900 καὶ
750 796 1060 894 ἀποδοῦναιθ)

396 985 505 1060 XVII.
533 977 608 1054 Σοὶ
632 971 736 1073 κύριε
762 970 782 1046 ὃ
808 966 898 1053 θεὸς
922 965 1032 1064 ήμῶν
1057 960 1104 1037 τά
1132 961 1181 1036 σδι
1206 963 1246 1036 ἐκ
1270 966 1352 1036 τῶν
1367 965 1449 1034 σῦν
1464 951 1602 1057 δούρων

319 1083 583 1188 προεθήκαμεν
608 1071 770 1156 ἐνώπιόν
795 1087 876 1147 σου.
929 1066 1004 1142 Καὶ
1029 1061 1198 1160 δεόμεθα
1223 1061 1289 1137 καὶ
1312 1057 1603 1158 παρακαλοῦμεν

320 1216 361 1266 σε
387 1184 635 1290 φιλάνθρωπε
661 1174 798 1280 ἀγαθά,
824 1167 1081 1258 ἐξαπόστειλον
1106 1167 1146 1251 ἐξ
1164 1163 1288 1264 ῦψους
1304 1169 1373 1237 τοῦ
1391 1159 1501 1262 άγίυυ
1519 1184 1602 1250 σου,

320 1294 360 1379 ἐξ
384 1289 535 1378 ἑτοίμου
559 1273 841 1378 κατοικητηρίου
867 1299 949 1363 σου,
976 1273 1016 1345 ἐκ
1035 1275 1115 1345 τῶν
1133 1267 1241 1365 άπερι
1268 1261 1423 1364 ράπτων
1439 1259 1603 1352 κόλπων,

321 1393 440 1476 αὐτὸν
464 1388 532 1464 τόν
556 1380 808 1484 παράκλητον,
834 1375 878 1450 τὸ
903 1379 1052 1468 πνεῦμα
1076 1376 1142 1465 τῆς
1158 1293 1338 1465 ἀληθείας
1356 1363 1439 1465 [τὸν
1456 1363 1604 1494 ἅγιονξὶ

321 1497 389 1571 τὸν
421 1489 566 1588 κύριον,
599 1484 669 1562 τὸν
695 1473 891 1574 ζωοποιόν,
926 1473 995 1551 τὸν
1021 1468 1195 1569 ἐννόμῳ
1220 1469 1285 1544 καί
1310 1461 1518 1567 προφήταις
1542 1494 1606 1540 και

323 1592 549 1675 διποσπόλοις
574 1594 753 1683 λαλῆσαν,
779 1580 822 1654 τὸ
848 1581 1042 1672 πανταχοῦ
1068 1571 1191 1673 παρόν
1215 1570 1280 1646 καί
1302 1568 1351 1644 τὰ
1373 1575 1498 1645 πάντα
1515 1574 1606 1664 πλη-

323 1706 430 1795 ροῦν,
456 1697 635 1793 ἐνεργοῦν
658 1715 698 1760 τε
726 1678 985 1769 αὐτεξουσίως,
1012 1676 1058 1750 οῦ
1083 1672 1318 1764 διακονικῶς,
1344 1671 1405 1771 ἐφ’
1426 1669 1491 1754 οὓς
1510 1666 1607 1768 βού-

323 1809 424 1876 λεται
458 1793 527 1869 τὸν
563 1786 752 1892 ἅγιασμὸν
787 1781 940 1878 εῦδοκίρι
971 1785 1016 1874 τῇ
1045 1784 1105 1874 σῇ,
1141 1774 1185 1851 τὸ
1211 1772 1356 1849 ἁπλοῦν
1380 1771 1449 1869 τήν
1475 1768 1606 1870 φύσιν,

323 1901 367 1975 τὸ
393 1893 570 1994 πλημερὲς
594 1891 664 1988 τὴν
689 1884 889 1987 ἐνέργειαν,
923 1879 992 1978 τὴν
1016 1885 1097 1952 τῶν
1121 1875 1242 1952 θείων
1264 1870 1512 1975 χαρισμάτων
1537 1902 1606 1969 πη-

323 1998 412 2104 γήν·
447 1996 490 2071 τὸ
524 1993 583 2070 σοὶ
616 1983 835 2087 ὁμοούσιον·
868 1983 911 2058 τὸ
945 1985 986 2055 ἐκ
1012 1987 1082 2056 σοῦ
1107 1975 1413 2078 ἐκπορευόμενον,
1445 1973 1489 2049 τὸ
1516 1971 1607 2049 σύν-

324 2105 472 2200 θρονον
506 2105 571 2192 τῆς
605 2087 796 2192 βασιλείας
832 2110 913 2175 σου,
950 2080 1014 2157 καὶ
1049 2088 1118 2156 τοῦ
1148 2083 1377 2183 μονογενοῦς
1403 2103 1473 2152 σου
1506 2075 1607 2166 Υἱοῦ,

324 2210 394 2277 τοῦ
428 2196 562 2298 κυρίου
596 2193 661 2271 καί
695 2194 791 2266 θεοῦ
825 2186 890 2261 καὶ
923 2191 1088 2282 σωτῆρος
1122 2181 1231 2282 ἡμῶν
1259 2182 1382 2278 Ἰησοῦ
1407 2183 1606 2276 Χριστοῦ].

316 2305 394 2379 ’tro
428 2299 470 2376 δὲ
505 2299 564 2398 ἐφ’
594 2296 705 2394 ἡμᾶς,
738 2287 802 2363 καί
828 2287 886 2364 ἐπὶ
911 2283 999 2368 τοῦς
1024 2285 1161 2383 ἄρτους
1186 2280 1354 2373 τούτους,
1386 2281 1450 2356 καί
1475 2278 1535 2354 ἐπὶ
1559 2275 1608 2353 τά

326 2401 484 2504 ποτήρια
510 2407 643 2486 ταῦτα,
669 2393 712 2472 τὸ
739 2387 885 2486 πνεῦμά
912 2413 981 2463 σου
1007 2385 1050 2461 τὸ
1077 2385 1230 2486 άγιον,’)
1255 2386 1320 2461 ἵνα
1347 2381 1444 2458 αῦτδι
1470 2376 1607 2483 ’ἁγιάσῃ

327 2507 391 2582 καὶ
415 2495 601 2598 τελειώσῃ,
628 2497 678 2582 ὥς
704 2489 993 2588 παντοδύναμος
1018 2483 1119 2595 θεός.
1153 2497 1338 2592 Ἔκφώυως,
1385 2483 1449 2559 καί
1474 2480 1607 2582 ποιήσῃ

327 2605 394 2682 τὸν
419 2601 491 2703 μίν
516 2603 633 2704 ἄρτον
658 2605 779 2694 σῶμα.

886 2721 925 2790 Ὁ
957 2719 1050 2803 λαός.

399 2818 528 2918 Ἀμήν.
798 2837 800 2842 ·

791 2907 829 2976 ‘0
853 2905 959 2998 λερεῦς
979 2903 1145 2997 δκφιόνιος.

326 3051 330 3059 ·
412 3022 463 3098 Τὸ
498 3021 539 3098 δὲ
576 3014 765 3114 ποτήριον,
800 3011 894 3108 αίμα
920 3017 986 3106 τῆς
1010 3017 1140 3105 καινῆς
1165 3001 1362 3102 διαθήκης,
1398 3005 1611 3082 αὐτοῦτοῦ

329 3126 463 3225 κυρίου
498 3123 561 3199 καί
596 3124 692 3194 θεοῦ
727 3114 792 3197 καί
819 3121 996 3211 σωτῆρος,
1032 3111 1096 3186 καί
1122 3108 1385 3208 παμβασιλέως
1410 3107 1520 3205 ἡμῶν
1548 3115 1611 3204 Ιη-

332 3238 401 3306 σοῦ
427 3230 608 3324 Χριστοῦ.

853 3311 892 3380 ‘0
915 3309 1079 3391 διάκονος.

408 3428 615 3504 Κατίλθετε
644 3420 679 3495 οί
704 3415 885 3495 διάκονοι.

793 3563 832 3633 Ὁ
855 3562 962 3652 ἱερεύς
983 3559 1150 3651 ἐκφάτως.

397 3679 478 3754 Ἵνα
515 3674 696 3779 γίνωνται
731 3679 847 3745 πᾶσιν
881 3667 974 3766 ἡμῖν
1008 3669 1047 3750 ἐξ
1087 3665 1215 3738 αὐτῶν
1253 3659 1614 3762 μεταλαμβάνουσιν

333 3787 385 3865 είς
410 3779 547 3866 πίστιν,
584 3781 634 3858 είς
658 3783 788 3871 νῆψιν,
825 3775 875 3854 εἰς
899 3775 1015 3857 ἴασιν,
1052 3770 1103 3850 είς
1129 3761 1391 3864 σωφροσύνην,
1428 3769 1478 3850 ελς
1503 3763 1613 3864 ἁγια-

334 3879 445 3970 σμόν,
480 3885 530 3964 είς
555 3875 810 3952 ἐπανανέωσιν
834 3879 969 3971 Ψυχῆς,
1007 3865 1180 3966 σώματος
1212 3867 1276 3944 καὶ
1301 3865 1524 3964 πνεύματος,
1562 3870 1614 3950 είς

421 4053 445 4116 1)
468 4053 558 4098 Nortiur
582 4051 692 4108 nopotem:
716 4039 761 4091 άπ.
784 4040 881 4108 ἑκάστῳ
907 4037 972 4090 κατὰ
992 4037 1026 4090 τίι
1044 4039 1106 4107 loyor
1124 4033 1212 4088 αῦιοῦ.
1246 4041 1329 4088 somer
1347 4043 1498 4088 coniectorum
1514 4040 1613 4094 titurgio

335 4125 416 4180 cyrilli.
487 4107 829 4180 2)Νσα1ἰυιιτὸι“ι’γιον-
846 4109 878 4160 τά
897 4105 1058 4170 ζουσα-τὸ
1078 4107 1201 4170 λαλῆσαι.
1272 4101 1614 4167 3λΝεε1ἰιιεειιρρΙοι,κατιί-

334 4201 441 4256 πεμψοε
459 4190 500 4234 rod
516 4189 593 4244 oporto
609 4183 702 4242 portorio
719 4184 817 4228 roooim
835 4192 885 4240 opto
903 4185 999 4240 pertinet
1015 4175 1198 4235 ίξαπόστειλσν
1215 4181 1244 4224 ιδ
1262 4191 1289 4224 ει
1307 4190 1365 4234 quoe
1383 4185 1515 4233 sequuntur.

327 4326 651 4347 ,-,,,,,,,....--

421 4425 479 4490 cop.
498 4421 565 4473 tttt.
583 4417 663 4468 ttttt.
680 4418 739 4469 m.
775 4417 822 4470 loo.
841 4417 951 4469 at-ttt.
970 4418 1001 4467 ct.
1020 4417 1096 4481 ott.
1132 4415 1187 4466 Bor.
1215 4415 1391 4466 lamnationem
1409 4411 1490 4462 Sancti
1509 4409 1614 4476 Spiritus

336 4512 457 4577 excipiunt
474 4504 733 4566 commemorationes,
752 4503 815 4568 opud
834 4501 938 4553 Marcum
958 4510 982 4550 ει
999 4501 1114 4566 ΟμίΙΙιιιιι
1126 4499 1271 4551 Ρτιεῐιιλοολ
1290 4499 1440 4556 intersertae,
1459 4495 1615 4560 μΙιιιεεΟτε-

336 4595 415 4644 λίσσεο
434 4600 488 4642 onte
505 4589 649 4638 trrotionom
668 4587 775 4648 λίοειίιε,
801 4589 872 4637 Potor
889 4587 977 4637 Noster
995 4601 1049 4636 com
1067 4583 1366 4649 oobteqoentoorottooo.
1403 4580 1496 4632 Similia
1514 4579 1616 4645 proobrt

336 4677 408 4742 ὓπερ.
425 4674 554 4738 λεωλορεε
573 4673 707 4724 orationem
725 4672 871 4722 dominicam
891 4677 961 4722 oront
978 4671 1076 4722 domum
1094 4669 1266 4720 communiunt
1283 4674 1389 4733 perrott-
1443 4698 1445 4702 .
