3378 5302
687 437 759 532 113

70 595 318 724 ᾉσταυροῦ,
358 623 437 700 καὶ
472 632 554 702 τοῦ
590 621 805 708 θανάτου
840 621 918 699 καί
952 631 1032 722 τῆς
1065 625 1245 755 ταφῆςί)
1282 627 1363 702 καί

84 735 161 856 159
186 727 483 857 τριρμίρου
468 756 516 802 εκ
540 735 724 858 νεκρῶν
745 724 1063 816 ἀναστάσεως,
1089 725 1272 825 καὶτῆς
1297 734 1362 814 εἰς

86 828 323 956 οὐρανοὺς
347 825 545 917 ἀνόδου,
570 829 751 926 καὶτῆς
775 831 823 904 ἐκ
848 823 1016 914 δεξιῶν
1040 851 1125 904 σου
1146 836 1228 905 τοῦ
1249 833 1363 910 ’Θεοῦ

85 931 160 1006 καὶ
188 929 382 1028 Πατρός
415 929 674 1059 καθέδρας·
710 929 788 1006 καὶ
811 936 891 1026 τῆς
915 929 1141 1060 δευτέρας
1164 928 1362 1017 ἐνδόξου

85 1032 158 1106 καὶ
196 1035 409 1157 φοβερᾶς
442 1031 588 1107 αὐτοῦ
622 1029 902 1130 παρουσίας,
947 1030 1062 1109 ὅταν
1096 1033 1210 1130 ἔλθῃ
1245 1033 1377 1128 μετὰ,

86 1131 221 1230 δόξης
260 1139 427 1233 κρίναι
470 1133 651 1223 ζῶντας
690 1131 768 1208 καὶ
810 1131 1038 1232 νεκροὺς,
1072 1131 1185 1210 ὅταν
1219 1135 1362 1234 μέλλῃ

86 1233 375 1312 ἀποδιδόναι
411 1232 593 1334 ἑκάστῳ
627 1234 744 1309 κατά
780 1235 835 1310 τὰ
860 1235 973 1337 ἔργα
999 1235 1168 1325 αὐτοῦ,
1204 1239 1363 1338 προςφέ

86 1338 198 1433 ρομίν
233 1361 306 1428 σοι,
340 1334 524 1466 Δέσποτα,
557 1335 626 1466 τὴν
660 1335 832 1436 φοβερόν
864 1339 1007 1465 ταύτην
1036 1336 1101 1412 καὶ
1126 1335 1373 1466 ἀναίμακτον.

86 1437 242 1528 θυσίαν,
277 1435 496 1536 δεόμενοιί
493 1465 542 1514 να
573 1437 626 1566 νὴ
652 1437 747 1514 κατὰ
772 1437 840 1523 τὰς
862 1436 1050 1566 ἁμαρτίας
1074 1437 1184 1535 ἡμῶν
1209 1435 1363 1538 ποιήσῃς

86 1541 170 1666 ρεθ
212 1539 347 1670 ηἱμῶν,
388 1537 500 1669 ιιρδε
522 1538 618 1614 κατὰ
653 1539 776 1624 τὰς
756 1536 915 1637 ανομίας
949 1539 1058 1668 ι’ρμῶν
1070 1539 1364 1666 ἀνταποδώσῃς

86 1640 188 1738 ἡμῖν·
218 1637 314 1716 ἀλλά
338 1641 434 1716 κατὰ
459 1640 529 1738 τὴν
555 1640 625 1739 σὴν
651 1640 844 1719 ἐπιείκειαν
867 1640 931 1717 καὶ
952 1637 1106 1770 ἀιρατόν
1132 1669 1200 1718 σου
1227 1653 1363 1744 φιλαν-

87 1740 276 1839 θρωπίαν,
304 1741 471 1841 ὑπερβὰς
495 1741 559 1818 καὶ
584 1742 840 1842 ἐξαλείψας
802 1773 844 1818 το
869 1741 1006 1818 καθΗ
983 1750 1094 1840 ημῶν
1093 1731 1372 1874 χειρόγραφον

87 1852 157 1922 τῶν
184 1851 268 1921 σῶν
292 1845 443 1936 ικετῶν,
461 1844 600 1943 χαρίσῃ
624 1844 716 1942 ἡμῖν
732 1844 788 1925 τά
813 1841 1017 1974 ἐπουράνια
1041 1844 1105 1920 καὶ
1130 1843 1266 1922 αλαίνιοί
1292 1871 1361 1924 σου

87 1943 305 2046 δωρήματα,
339 1947 363 2020 5
398 1947 599 2074 ὀφθαλμός
631 1945 700 2021 οάκ
725 1945 812 2035 εἶδε,
845 1944 908 2022 καί
934 1941 1000 2072 053
1025 1945 1094 2075 ράκ
1118 1947 1265 2043 ἤκουσε,
1297 1948 1362 2024 καὶ

87 2049 139 2122 ini
169 2045 339 2147 καρδίαν
361 2045 585 2177 ἀνθριόπρυ
621 2048 690 2178 οὐκ
723 2047 860 2146 ἀνέβη,
894 2046 974 2121 ἀ
952 2045 1170 2144 ητοίμασας,
1204 2047 1224 2123 5
1260 2048 1361 2139 Θεὸς,

88 2155 157 2276 τρῖς
192 2147 370 2278 ἀγαπῶσί
403 2169 460 2224 σε·
493 2147 635 2246 καὶμὴ
661 2147 819 2245 διέμί,
850 2177 916 2229 και
903 2147 1073 2224 διὰ
1031 2179 1098 2233 τας
1123 2149 1214 2245 ἐμὰς
1239 2149 1363 2252 ἀμαρ-

89 2249 161 2336 ιίας
189 2248 378 2349 ἀθετήσης
402 2250 470 2328 τὸν
494 2250 600 2341 λαὸν,
627 2247 874 2351 φιλάνθρωπα
899 2247 1024 2350 Κύριε.

523 2376 609 2452 Εἶτα
630 2383 720 2472 λέγει
740 2382 778 2452 ἐκ
797 2381 921 2471 τρίτου.

153 2487 200 2565 Ὁ
223 2483 300 2590 γάρ
327 2483 414 2572 λαός
439 2511 508 2563 σου
534 2486 600 2562 καί
621 2485 843 2585 ἡ’ίκκλησία
869 2508 937 2563 σου
962 2483 1167 2562 ίιίετεάουσί
1193 2507 1243 2561 σε.

643 2615 801 2700 ’.Ολαός
896 2673 899 2681 .
1014 2662 1021 2673 -

149 2723 370 2820 Ελέησον“
348 2729 460 2821 ημᾶς,
485 2719 644 2819 Κύριε
626 2752 647 2797 ο
676 2723 775 2812 θεὸς,
803 2721 823 2818 5
848 2722 969 2822 πατὴρ
986 2678 1028 2798 ὁΙ
1042 2717 1321 2824 παντοκράτωρ.

521 2852 634 2924 Πάλιν
655 2851 783 2944 λίνοιό
790 2851 922 2946 ίερείς.

158 2961 300 3038 XXXII.
319 2957 536 3087 Ἐλέησον
514 2967 626 3056 ημᾶς,
653 2958 673 3034 5
702 2958 833 3043 Θεὸς“
815 2989 835 3034 ο
855 2948 1141 3086 παντοκράτωρ.

152 3059 371 3160 Ἐλέησονε
349 3069 460 3159 ημᾶς,
487 3059 507 3136 ὁ
537 3059 669 3145 θεὸς*
649 3091 670 3136 ο
697 3059 820 3162 σωτὴρ
844 3059 965 3158 ἡμῶν.
1099 3099 1103 3108 ·

152 3166 326 3262 Ἐλέησον
358 3162 478 3260 ἡμᾶς,
516 3162 536 3238 5
573 3161 671 3252 Θεὸς,
707 3161 803 3237 κατὰ
838 3162 882 3237 τὸ
916 3161 1012 3263 μέγα
1048 3155 1144 3242 ἔλεός
1180 3183 1261 3253 σου,
1297 3158 1362 3233 καὶ

94 3263 341 3350 ἐξαπόστειλον
373 3262 484 3364 ἐφ’ε
463 3271 561 3393 5559
594 3263 657 3338 καί
689 3263 749 3337 ἐπὶ
780 3261 828 3339 τά
860 3261 1082 3364 προκείμενα
1108 3258 1214 3361 δῶρα
1240 3267 1360 3336 ταῦτα

93 3367 129 3442 τὸ
152 3364 316 3466 Πνεῦμά
343 3391 412 3441 σου
437 3365 480 3440 τὸ
505 3361 705 3467 πανάγιον,
797 3441 803 3452 ,

441 3491 526 3568 Εἶτα
552 3495 720 3578 κλίνας
685 3524 743 3566 τον
765 3478 884 3580 αάχίνα
905 3494 1004 3584 λέγει.

96 3605 147 3732 [15
170 3602 303 3704 κύριον
328 3632 392 3679 και
380 3600 613 3694 ζωοποιὸν,
639 3595 682 3677 τό
709 3599 927 3729 σύνθρονον
953 3595 1012 3673 σοί
1028 3626 1082 3696 τῳ
1065 3600 1179 3696 Θεῷ
1195 3625 1259 3672 και
1247 3595 1361 3671 Πα-

95 3706 158 3804 τρὶ,
188 3707 253 3783 καὶ
278 3713 333 3804 τῷ
359 3709 555 3807 μονογενεῖ
579 3729 647 3778 σου
680 3704 768 3802 Υἱῷ,
800 3701 843 3778 τὸ
870 3702 1165 3800 συμβασιλεῦον
1200 3697 1287 3773 τὸ“
1270 3727 1361 3796 ομο-

172 3865 194 3926 i)
213 3866 263 3910 θαι.
280 3866 368 3910 λιιιιο.
387 3857 479 3909 sni
447 3875 495 3922 της
512 3857 607 3925 ταφῆς.

97 4031 137 4080 ιλιι
160 4033 306 4097 Sanguinem
325 4031 379 4082 nori
397 4031 544 4092 testimonii,
562 4029 704 4092 sangninem
723 4026 886 4086 vivificantem,
904 4025 1044 4087 sangninem
1061 4022 1199 4082 coelestem,
1218 4022 1359 4084 sangninem

96 4116 177 4167 sninres
201 4125 299 4168 nnsirss
324 4124 348 4166 ei
372 4128 475 4180 corpore
493 4101 633 4174 uirentem,
657 4113 799 4174 sangninem
817 4111 893 4176 ipsius
910 4109 1005 4160 Domini
1023 4123 1051 4158 re
1068 4105 1229 4171 redemptoris
1248 4105 1323 4154 nosiri
1342 4105 1361 4156 1.

97 4199 200 4252 notin
219 4211 245 4252 ni
262 4203 295 4252 sii
312 4199 486 4264 accipientibus
505 4201 584 4264 ipsnm
603 4199 626 4248 in
644 4197 813 4248 remissionem
831 4203 985 4261 poeoniorum
1005 4203 1028 4244 ει
1046 4193 1069 4243 in
1088 4193 1158 4242 riirnr
1176 4189 1325 4240 ieiunumst*

170 4287 222 4351 Cpr.
240 4311 274 4323 -
293 4287 339 4346 Qni
358 4284 504 4336 benedicens
521 4283 597 4347 (Spin.
608 4281 643 4343 S.)
661 4289 685 4332 ei
701 4281 853 4332 senoriiierns
872 4293 960 4343 corpus
972 4278 1059 4329 Chrisri
1071 4275 1178 4341 persseiri
1187 4285 1274 4339 ponem
1287 4273 1360 4325 λοσε.

97 4367 200 4434 Populos.
227 4374 309 4421 rnen.
346 4369 376 4420 Ei
393 4369 539 4432 Snnpninern
558 4367 666 4418 eiusdem
685 4365 774 4417 Christi
792 4366 901 4430 periisini
918 4364 1015 4413 minium
1034 4361 1098 4427 qnod
1117 4361 1140 4410 ir
1159 4359 1205 4408 inno
1223 4357 1296 4408 nslice
1315 4367 1359 4410 ιιι

97 4451 186 4506 λεαιιί
209 4469 326 4506 censores
344 4457 460 4520 Syrorum
479 4453 601 4503 Romrnso
618 4451 701 4502 nnitnti
725 4449 902 4513 sdscripiornm
928 4449 952 4497 in
970 4447 1017 4496 hoc
1035 4443 1113 4507 copiis
1130 4449 1260 4504 mninrnni,
1284 4443 1315 4494 iis
1334 4450 1361 4494 ni

98 4541 227 4590 misnlism
251 4541 318 4591 iliius
335 4539 453 4589 orsiinnis
471 4553 519 4588 nnn
538 4538 567 4587 od
586 4536 735 4586 eiiieiendnnn
755 4542 794 4584 sot
811 4535 892 4598 poiins
910 4527 1124 4583 consummandam
1142 4527 1316 4578 eismenrnrnm
1335 4530 1359 4580 in

100 4635 174 4688 rorpns
190 4633 214 4675 ιι
231 4627 375 4688 ειοςοίοιω
388 4623 477 4674 Christi
495 4621 719 4672 rrnnsrnnrerionern
739 4617 782 4669 ssd
800 4618 829 4667 od
849 4618 953 4668 irncinm
971 4629 998 4665 er
1015 4625 1097 4664 eornm
1117 4611 1187 4675 digno
1206 4613 1361 4677 susceptione

99 4709 265 4774 percipiendum
284 4709 420 4762 reinierini.
446 4706 627 4758 Ἑλλωτίδα
646 4705 675 4754 ii.
693 4720 717 4769 p.
730 4703 780 4753 viii
790 4717 828 4768 sq.
1139 4780 1154 4832 8

127 4792 157 4839 ii.
