3360 5304
700 442 769 516 181

89 629 202 702 mine
227 626 503 700 benedicunt
528 643 569 698 et
593 625 792 719 adorent,
820 627 984 701 millies
1006 628 1175 704 milleni
1193 630 1372 727 superni

91 729 326 827 (Spiritus)
354 739 396 801 et
421 727 575 800 decies
596 729 714 801 mille
741 730 959 822 myriades
984 731 1246 826 Angelorum
1266 731 1371 806 San·

91 843 275 922 storum,
321 830 545 904 exereitus
586 831 905 928 spiritualium,
948 833 1143 908 ministri
1177 834 1293 928 ignis
1330 842 1373 906 et

90 933 295 1030 spiritns,
324 956 414 1005 aum
440 930 671 1005 Cherubim
697 933 885 1026 sanetis,
922 943 963 1006 et
988 934 1211 1032 Seraphim
1238 934 1371 1031 spiri·

91 1033 305 1130 tualibus,
332 1059 481 1107 nomen
510 1043 625 1106 tuum
647 1033 993 1108 sanctificantet
1012 1036 1255 1130 celebrant,
1284 1037 1370 1109 ela·

91 1151 277 1230 manleS,
316 1151 360 1209 et
391 1135 638 1229 laudantes,
675 1136 982 1212 indesinenter
1008 1138 1230 1214 clamando
1258 1139 1370 1212 alter

92 1239 139 1310 ad
165 1239 361 1312 alterum.

162 1373 291 1446 Dicunt
320 1373 392 1446 olto
416 1395 505 1446 uoce.
559 1371 764 1466 Sanetus,
802 1373 1007 1467 Sanetus,
1045 1375 1251 1466 Sanetus,
1287 1374 1371 1446 Do·

93 1477 227 1592 minus
253 1475 371 1550 Deus
395 1487 572 1572 potens,
610 1476 729 1572 pleni
765 1488 866 1549 sunt
902 1477 1013 1550 eoeli
1050 1488 1090 1550 et
1128 1486 1242 1550 terra
1277 1476 1370 1571 glo·

93 1603 152 1650 rra
178 1601 285 1651 erus.

164 1711 336 1786 Sacerdos
371 1720 510 1786 secreto.
565 1711 729 1805 Sanetus,
765 1711 927 1805 sanetus,
961 1713 1103 1785 Sanetus
1137 1737 1193 1804 es,
1227 1709 1370 1784 Domine

93 1813 177 1885 Deus
212 1825 344 1910 potens,
379 1815 474 1887 cuins
509 1815 614 1910 gloria
650 1814 740 1913 pleni
774 1827 853 1887 sunt
887 1815 968 1887 coeli
997 1825 1031 1885 et
1056 1825 1156 1905 terra,
1192 1823 1225 1884 et
1251 1822 1369 1883 natura

92 1915 295 1988 substantiae
323 1917 414 1989 eius:
442 1927 479 1989 ut
504 1917 633 1989 honore
661 1917 848 2012 splendoris
876 1916 948 1988 eius
976 1915 1132 2010 gloriosi:
1162 1915 1260 2006 (sient
1286 1913 1369 1984 scri·

92 2028 180 2113 ptum
208 2023 270 2114 est]
299 2019 428 2091 eoelum
456 2027 489 2090 et
515 2029 603 2091 terra
628 2019 726 2116 plena
751 2017 818 2090 mei
841 2027 929 2110 sunt,
958 2017 1039 2089 dicit
1056 2016 1218 2089 Dominus
1237 2025 1370 2110 potens.

93 2120 232 2192 Sanetus
260 2145 297 2192 es
324 2121 414 2193 Deus
441 2120 550 2214 Pater,
582 2145 660 2193 vere
695 2121 797 2212 solus,
836 2145 853 2192 a
888 2143 952 2217 quo
988 2119 1096 2191 omnis
1123 2118 1305 2214 paternitas
1331 2116 1368 2187 in

92 2221 179 2293 eaelo
208 2233 241 2294 et
268 2223 303 2294 in
331 2233 419 2295 terra
445 2224 647 2295 nominatur.
685 2223 828 2294 Sanetus
856 2246 892 2293 es
918 2221 982 2293 Fili
1009 2231 1155 2312 aeterne,
1182 2239 1369 2316 perquem

91 2324 199 2396 omnia
224 2321 312 2396 laeta
339 2334 427 2398 sunt.
469 2325 614 2398 Sanctus
641 2347 677 2396 es
696 2324 842 2420 Spiritus
862 2335 989 2417 sancte,
1017 2333 1163 2413 aeterne,
1190 2343 1369 2417 perquem

92 2427 197 2497 omnia
231 2427 494 2499 sanctificantur.
547 2427 614 2498 Vae
647 2425 743 2519 milri,
779 2449 837 2498 uae
870 2426 966 2518 mihi,
1001 2426 1057 2524 qui
1085 2424 1253 2519 obstupui,
1289 2421 1366 2517 quia

93 2528 139 2598 rir
161 2528 307 2624 pollutus
334 2529 430 2601 labiis
459 2553 521 2623 ego
549 2539 683 2601 sumet
710 2529 797 2599 inter
823 2529 980 2626 populum
1008 2527 1170 2625 pollutum
1194 2524 1290 2597 labiis
1310 2523 1368 2594 ha·
1448 2569 1455 2579 -

93 2629 169 2721 bito,
204 2639 238 2702 et
263 2629 390 2726 Regem
417 2631 596 2703 Dominum
633 2641 801 2726 potentem
835 2630 991 2703 viderunt
1016 2629 1104 2701 oculi
1130 2627 1207 2699 mei.
1260 2625 1370 2710 Quam

96 2733 245 2804 terribilis
274 2745 326 2804 est
352 2734 451 2806 hodie
479 2733 572 2806 loeus
600 2733 681 2820 iste3
709 2757 777 2811 non
805 2743 856 2804 est
881 2732 936 2804 hie
963 2731 1051 2804 aliud
1079 2731 1144 2802 nisi
1168 2729 1285 2801 domus
1303 2727 1366 2800 Dei

95 2845 125 2904 et
155 2845 249 2930 porta
285 2836 382 2928 coeli,
420 2835 497 2931 quia
532 2835 627 2906 oculo
655 2835 695 2905 ad
724 2833 856 2905 oculum
883 2835 974 2906 visus
1002 2855 1037 2903 es
1065 2832 1217 2905 Domine.
1270 2828 1368 2901 Nune

95 2957 165 3006 rere
191 2935 280 3008 adsit
306 2936 483 3009 nobiscum
509 2935 614 3030 gratia
641 2947 707 3026 tua,
734 2935 889 3028 Domine,
920 2958 1025 3032 purga
1052 2932 1279 3006 immunditias
1306 2953 1366 3001 no-

96 3047 184 3130 stras,
219 3061 297 3110 oum
332 3039 593 3112 sanctificatione
627 3035 805 3133 Seraphim
838 3048 876 3118 et
903 3035 1200 3130 archangelorum.
1254 3031 1368 3105 Gloria

97 3139 361 3214 miserationibus
388 3142 467 3233 tuis,
494 3141 571 3238 quia
598 3150 751 3212 terrenos
778 3140 913 3212 sociasti
940 3163 1015 3210 cum
1042 3133 1281 3233 spiritualibus.

156 3393 201 3465 lit
222 3394 445 3492 prosequitur
471 3403 601 3466 secreto
629 3393 743 3466 diceros
770 3391 952 3464 inclinatus
979 3389 1065 3461 hone
1094 3385 1297 3459 Orationem

159 3563 229 3634 llll.
258 3563 302 3636 Et
328 3587 405 3636 eum
430 3563 495 3635 illis
513 3561 737 3634 Potestatihus
764 3558 963 3632 coelestibus
991 3555 1188 3630 confitemur
1205 3554 1276 3646 tibi,
1303 3575 1366 3625 uos

6 3749 8 3756 Ι
96 3665 183 3736 etiam
210 3666 298 3738 servi
326 3667 387 3756 tui,
416 3675 546 3756 tenues,
574 3664 724 3736 imbelles
751 3673 785 3734 et
810 3663 946 3755 inlrrmi,
981 3661 1058 3759 quia
1084 3657 1279 3756 praestitisti
1306 3679 1367 3727 no·

94 3765 138 3838 bis
169 3768 312 3862 gratiam
346 3777 436 3838 tuam
471 3791 635 3861 maguam,
670 3787 755 3863 quae
788 3765 927 3861 rependi
964 3786 1031 3835 non
1065 3770 1185 3858 potest.
1238 3757 1366 3854 Nempe

95 3867 222 3941 induisti
252 3870 431 3940 humanam
458 3879 608 3942 naturam
643 3879 810 3940 nostram:
845 3876 883 3938 nt
915 3865 1015 3936 vitam
1047 3861 1145 3935 nohis
1177 3871 1365 3958 praestares

94 3993 144 4064 per
169 3972 377 4043 divinitatem
405 3981 511 4043 tuam:
540 3971 688 4044 exaltasti
713 3964 931 4040 humilitatem
950 3976 1115 4038 riosham:
1144 3961 1278 4034 erexisti
1295 3959 1365 4030 rui·
1414 3983 1420 4000 *

94 4095 160 4144 nam
190 4082 361 4146 nostram:
396 4072 603 4145 resuscitasti
636 4070 870 4144 mortalitatem
902 4079 1067 4141 nostram:
1106 4064 1260 4137 dimisisti
1287 4083 1363 4173 pep-

94 4185 155 4245 cata
180 4186 315 4248 nostra:
345 4185 378 4246 et
403 4174 589 4248 iustificasti
617 4183 746 4246 reatum
772 4181 984 4268 peecatorum
1007 4177 1215 4240 nostrorum:
1243 4161 1364 4233 illumi·

95 4277 169 4348 nasti
194 4277 452 4372 intelligentiam
477 4288 639 4368 nostram,
667 4285 700 4346 et
726 4273 957 4348 condemnasti
983 4269 1124 4344 Domine
1142 4265 1232 4338 Deus
1250 4271 1364 4335 noster

95 4375 268 4472 inimicum,
305 4390 338 4451 et
371 4379 576 4476 triumphare
610 4377 718 4450 fecisti
747 4377 941 4450 tenuitatem
967 4383 1106 4444 naturae
1133 4364 1275 4439 imbellis
1303 4386 1363 4478 no·

94 4489 180 4552 strae.
234 4481 301 4554 Per
326 4482 560 4553 miserationes
587 4479 709 4551 effusas
736 4477 862 4574 gratiae
888 4489 977 4566 tuae,
1004 4497 1022 4543 o
1045 4471 1203 4559 clemens,
1231 4473 1363 4538 remitte

95 4577 200 4655 delicta
235 4595 270 4656 et
302 4593 456 4680 peccata:
495 4583 623 4655 dimitte
651 4579 771 4652 delicta
796 4603 882 4670 mea,
910 4578 945 4649 in
971 4572 1106 4646 iudicio.
1159 4569 1203 4641 Et
1228 4577 1364 4682 propter

96 4685 193 4758 onnia
235 4685 359 4760 auxilia
396 4697 473 4778 tua,
514 4696 548 4758 et
582 4681 705 4778 gratias
739 4693 814 4756 tuas
848 4703 929 4776 erga
961 4699 1043 4768 nos,
1084 4671 1268 4745 reseremus
1303 4667 1363 4740 trbr
