3336 5302
691 425 777 501 437-

83 618 222 704 ματί,
256 616 345 684 νῦν
378 635 458 682 και
444 607 583 700 ἀεί’,
608 610 687 684 καί
713 614 778 693 τίς
802 607 910 694 τοὺς
935 613 1110 694 αλῶνας
1132 617 1227 685 τῶν
1254 608 1366 686 αλαί-

84 737 185 786 νων
211 712 287 806 (λοι.
299 713 372 808 36).

171 823 212 893 ‘0
237 824 346 916 κοιόι
390 807 521 908 Ἀμήν·
615 859 618 868 ·

539 953 578 1027 ‘0
601 955 708 1048 ίορείς
729 955 914 1046 ἐποίχεται

175 1059 366 1165 Πρόσχες,
386 1059 500 1163 Κύριε
519 1063 642 1161 Ἰησοῦ
666 1063 819 1162 Χριστί,
846 1063 866 1139 ὃ
896 1063 983 1149 Θεὸς
1006 1061 1116 1162 ἡμῶν
1141 1091 1172 1166 p.
1181 1067 1277 1180 3654

631 1227 821 1322 Ἔκφῶνως.

174 1315 423 1446 Πρόσχιομεν.
469 1327 645 1446 Ὁίορείς.

180 1419 293 1494 Τὰ”
268 1447 380 1521 αγια
404 1425 503 1504 τοῖς
528 1417 692 1521 ἁγίοις.

174 1529 260 1604 Ελτα
286 1540 347 1626 τῆς
376 1531 862 1632 μεταλῆψοωςτελειωθοίσης,
890 1534 1034 1603 καὶτῶν
1055 1499 1157 1624 ἁγίων
1176 1535 1364 1630 μυστηρίων

86 1631 161 1705 ἀπὸ
182 1643 243 1726 τῆς
264 1633 357 1726 ίερᾶς
376 1632 549 1726 ἀρθέντων
568 1620 793 1727 τραπέζης”
755 1661 887 1721 ευχοται
908 1632 961 1705 ‹5‘
946 1633 1067 1725 ιορείς.

177 1741 568 1870 Εὖχαριστοῦμίν
601 1765 692 1831 σοι,
725 1736 891 1870 Κύριε
873 1770 893 1815 ο
930 1739 1070 1826 Θεὸς*
1050 1749 1171 1838 ημῶν,
1204 1741 1278 1816 ἐπὶ
1310 1751 1364 1839 τῇ

86 1839 351 1940 μεταλήψει
373 1851 466 1920 τῶν
486 1842 657 1945 ἁγίων,
683 1841 955 1938 ἁχρὰντων,
995 1840 1256 1919 ἀθανάτων
1287 1847 1366 1918 καὶ

87 1944 389 2043 ἐπουρανίων
421 1969 505 2021 σου
538 1944 814 2042 μυστηρίων
840 1946 916 2038 (Ιοο.
937 1944 1071 2040 44),ι
1048 1972 1072 2018 α
1107 1942 1294 2028 ὲῖλωκας“
1273 1951 1365 2040 ημῖν

87 2046 145 2120 ἐπ’
177 2045 367 2175 εὐεργεσίᾳ
398 2046 461 2121 καὶ
493 2045 682 2175 ἁγιασμῷ,
716 2045 780 2120 καί
811 2043 907 2120 λοίσει
932 2052 1011 2132 τῶν
1015 2053 1173 2173 ψυχῶν
1198 2045 1261 2120 καί
1285 2055 1366 2174 τῶγ

88 2144 280 2241 σωμάτων
311 2145 432 2244 ἡμῶν.
485 2147 623 2237 Αὐτὸς,
648 2145 809 2222 δέσποτα
835 2153 912 2222 τῶν
946 2141 1140 2236 ἁπάντων,
1173 2146 1238 2231 ἁὸς
1263 2147 1364 2248 γενί-

88 2248 239 2325 σθαι’
217 2254 310 2346 ημῖν
341 2249 412 2346 τὴν
441 2249 645 2326 κοινωνίαν
677 2257 745 2324 τοῦ
778 2246 888 2376 ἁγίου
921 2245 1095 2343 σώματος
1118 2248 1182 2324 καὶ
1208 2251 1364 2343 αἵματος

86 2359 158 2425 τοῦ
183 2355 354 2448 Χριστοῦ
379 2376 462 2440 σου,
489 2355 555 2435 ελς
556 2349 682 2426 πίστιν
699 2350 1011 2446 ἁκοταίσχυντον,
1038 2351 1125 2435 εἰς’
1105 2347 1255 2452 αγὰπην
1270 2352 1365 2426 ἁνυ-

87 2449 279 2550 πόκριτσν,
315 2457 367 2537 είς
400 2450 619 2550 πλησμονὴν
654 2451 800 2552 σοφίας,
837 2455 938 2536 ελςί
935 2477 1022 2528 οισιν
1054 2461 1177 2550 ψυχῆς
1200 2453 1263 2528 καὶ
1290 2449 1364 2528 σαί-

53 2620 57 2638 ,
88 2583 221 2648 ματος,
248 2554 345 2638 εἰς
325 2553 541 2652 αποτρσπὴν
566 2552 748 2638 παντὸςί
744 2553 918 2646 ναντίου,
954 2558 1006 2637 εἰς
1030 2554 1261 2652 περιποίησιν
1286 2564 1365 2631 τῶν
1475 2593 1479 2600 ·

88 2657 253 2730 ἐντολῶν
284 2680 367 2746 σου,
401 2660 453 2740 ελς
478 2655 685 2756 ἀπολογίαν
709 2652 988 2755 εὐπρόςδεκτον,
1021 2654 1091 2754 τὴν
1115 2655 1175 2731 ἐπὶ
1199 2665 1268 2732 τοῦ
1293 2685 1365 2756 φο-

87 2757 207 2855 βεροῦ
229 2753 403 2856 βήματος
424 2766 493 2834 τοῦ
518 2762 688 2855 Χριστοῦ
714 2781 811 2836 σου.

777 2946 843 2992 νο.

167 3027 305 3127 ’operat
326 3024 600 3125 μεταλαβόντες
614 2919 934 3116 ἁίοὰιὰίίωτῗΗ
869 3023 1002 3127 ἁγίων,
1027 3023 1240 3126 ἁχρὰντων,
1261 3028 1364 3104 ἁθα·

90 3125 485 3328 vdzffmzafiofist
431 3237 570 3319 σῶσον,
595 3228 745 3326 ἐλέησον
768 3256 832 3302 και
819 3223 1102 3326 διαφύλαξον.

181 3332 258 3428 Τὴν
280 3329 425 3431 ἡμέραν
449 3340 577 3407 πᾶσαν
600 3329 755 3420 τελείαν,
782 3328 906 3432 ἁγίαν.

633 3492 816 3588 Ἐκφῶνως.
1211 3558 1213 3569 .

165 3599 250 3679 Ότι
277 3601 326 3679 σὺ
351 3601 372 3677 ἁ
397 3599 581 3733 ἁγιασμος
604 3600 726 3699 ἡμῶν,
761 3599 825 3678 καὶ
861 3597 921 3676 σοὶ
956 3597 1026 3696 τὴν
1057 3595 1219 3685 ἁόξαν’
1199 3601 1367 3696 αναπέμ-

92 3731 223 3800 πομεν,
258 3713 313 3804 τῷ
328 3704 504 3834 πατρί,
500 3703 564 3780 καί
588 3711 642 3802 τῷ
668 3703 753 3802 υἱῷ,
779 3731 843 3777 και
868 3707 922 3800 τῷ
949 3699 1045 3804 ἁγίῳ
1070 3698 1267 3803 πνεύματι,
1293 3713 1366 3781 νῦν

93 3805 154 3881 καὶ
181 3804 251 3897 ἀεὶ,
276 3804 341 3880 καὶ
366 3810 418 3891 ολς
441 3804 529 3890 τοὺς
554 3775 696 3890 αἰῶνας
719 3811 799 3880 τῶν
824 3774 987 3879 αλῶνιον.

167 3909 287 3982 ”Εν
257 3904 383 4006 ειρήνῃ
409 3911 665 4007 πραελθῶμεν.

180 4015 255 4085 Tot
281 4008 425 4107 Κυρίου
450 4008 662 4107 διαθῶμεν.

244 4171 332 4265 Βίγῆ
355 4171 623 4262 ἁπισθὰμβωνος
643 4168 877 4263 ίιιφωνουμίνη
898 4169 993 4260 παρὰ
1012 4176 1073 4239 τοῦ
1088 4167 1213 4261 ίερίως.

172 4279 215 4358 Ὁ
240 4280 406 4382 εὐλογῶν
431 4276 519 4415 τοὺς
544 4272 791 4378 εὐλογοῦντοίς
815 4299 855 4351 σε
881 4269 996 4374 Κύριε
1019 4301 1052 4374 p.
1065 4276 1151 4350 370.

441 4440 529 4536 Είχὴ
552 4441 588 4514 ίν
607 4447 655 4534 τῷ
676 4440 904 4512 συστεῖλαι
866 4466 910 4510 τα
930 4437 1021 4530 ἅγια.

162 4551 346 4626 Ἤνυσται
380 4549 444 4626 καί
467 4545 717 4625 τετίλεσται“
696 4569 786 4624 οσον
811 4549 863 4630 εἰς
885 4545 955 4642 τὴν
978 4541 1162 4670 ἡμετεραν
1185 4535 1364 4636 δύναμιν,

99 4649 287 4823 Χιριστεε
269 4681 290 4727 ο
329 4649 470 4738 θεὸς“
449 4659 581 4749 ημῶν,
617 4649 661 4726 τὸ
696 4656 761 4749 τῆς
796 4655 862 4744 σῆς
897 4641 1112 4739 οἰκονομίας
1131 4637 1364 4817 2ριυστήριον.
