3336 5302
682 449 756 524 369
778 476 794 494 ²

89 664 109 706 ο
95 631 259 716 ῦουλος
283 639 352 708 τοῦ
381 637 473 707 Θεοῦ
500 629 686 723 όιοίνονος,
716 643 747 728 (ὁ
771 649 876 728 δεῖνα)
902 633 947 708 τὸ
980 633 1117 732 τίμιον,
1151 635 1215 709 καί
1248 635 1357 738 ίίγιον

90 732 176 830 αίυα
207 741 277 810 τοῦ
302 732 446 832 Κυρίου
471 735 535 809 καὶ
564 739 670 824 θεοῦ,
705 735 770 810 καί
796 743 961 832 σωτῆρος
985 735 1095 832 ἡμῶν
1114 737 1235 833 Ἰησοῦ
1260 744 1357 837 Χρι-

89 843 185 926 στοῦ,
211 837 314 920 ελς”
288 859 425 935 αφεσιν
450 837 568 911 αὐτοῦ
596 835 806 934 ἁμαρτιῶν,
832 837 897 911 καὶ
922 842 972 922 εἰς
998 836 1098 935 ζωὴν
1124 836 1289 916 αῑυίνιον.

274 965 539 1056 Μεταλαβόντος
561 969 598 1042 66
619 975 680 1038 τοῦ
702 966 866 1047 διακόνου,
870 967 1018 1059 λέγει(
1000 997 1018 1040 ο
1042 967 1164 1062 ίερεός·

168 1073 334 1148 Τοῦτο’
319 1072 443 1171 ἥψατο
468 1081 546 1200 6666
567 1073 720 1170 χειλέων
747 1099 828 1163 σου,
864 1074 928 1150 καί
953 1075 1083 1174 ἀφελεῖ
1105 1076 1171 1162 τὰς
1198 1075 1356 1187 άνοιιίας

87 1201 161 1264 σου,
186 1173 251 1249 καὶ
276 1173 344 1262 τὰς
370 1173 554 1274 ἁμαρτίας
581 1201 649 1250 σου
677 1179 947 1276 περικαθαριεῖ.

163 1361 316 1436 XXXVI.
360 1371 445 1444 Τότε
467 1373 636 1462 λαβῶνὸ
597 1401 617 1443 τ
639 1402 656 1443 ν
678 1373 774 1464 όίγιον
795 1371 949 1444 δίσκον
930 1403 948 1444 ο
974 1371 1136 1458 διάκονος,
1160 1374 1273 1446 ἐπάνω
1295 1385 1355 1445 τοῦ

85 1473 174 1566 ἁγίου
202 1471 375 1567 ποτηρίου,
404 1473 648 1566 άπασττογγίζει
675 1483 723 1567 τῷ
751 1473 835 1566 ἁγίῳ
861 1474 998 1568 σπόγγῳ
1026 1475 1115 1545 πάνυ
1144 1481 1267 1560 καλῶς,
1298 1479 1354 1546 καί

84 1579 163 1663 μετὰ
183 1585 350 1667 προςοχῆς
370 1577 427 1646 καί
448 1575 624 1663 εὐλαβείας
643 1576 802 1662 σκεπάζει
823 1577 862 1646 τὸ
884 1575 979 1666 όίγιον
993 1577 1155 1670 ποτήριον
1169 1586 1217 1669 τῷ
1230 1579 1354 1665 καλάμ-

84 1707 170 1766 ματι,
198 1677 326 1766 ὁμοίως
351 1679 410 1749 καὶ
436 1677 496 1748 ἐπί
523 1679 580 1748 τὸν
602 1677 697 1766 άγιον
719 1677 833 1748 δίσκον
855 1675 1037 1768 ἀνατίθησι
1056 1680 1115 1749 τὸν
1137 1677 1270 1767 ἀστέρα,
1298 1681 1354 1749 καί

85 1781 124 1850 τὰ
142 1779 350 1868 καλύμματα.

243 1894 329 1969 Εἶτα
351 1899 557 1988 ἐπιλέγει
521 1927 581 1990 την
601 1905 661 1990 τῆς
681 1895 891 1984 εὐχαριστίας
912 1894 1008 1987 εὐχὴν
1029 1895 1047 1965 6
1071 1895 1186 1985 ίερεάς.

165 2003 557 2101 Εὐχαριστοῦμέν
584 2029 675 2092 σοι,
709 2002 870 2077 όίσποτα
897 2001 1219 2100 φιλάνθρωπε,’
1183 2003 1353 2129 ευεργέτα

86 2115 156 2181 τῶν
182 2115 319 2232 ψυχιῦν
343 2105 465 2202 ἡμῶν,
492 2105 563 2180 6'66
588 2104 651 2180 καὶ
672 2113 716 2200 τῇ
735 2101 904 2232 παροάση
921 2103 1039 2199 ηυέρᾳ
1065 2104 1354 2200 κατηξίωσας

84 2209 198 2304 ἡμᾶς
230 2216 324 2284 τιῦν
357 2207 591 2302 ἐπουρανίων
617 2233 699 2294 σου,
736 2205 800 2280 καὶ
826 2202 1037 2280 ἀθανάτων
1061 2205 1352 2304 μυστηρίων

85 2307 386 2408 όρθοτόμησον
366 2318 476 2406 ηυιῦν
497 2309 597 2437 τὴν
584 2307 692 2384 6666·
722 2303 989 2404 στήριξον“
969 2334 1087 2402 ηιιας
1112 2311 1153 2382 έν
1169 2337 1222 2406 τοι
1206 2305 1353 2406 φόβῳ

86 2438 149 2486 σου
175 2411 263 2494 τοὺς
288 2409 447 2494 πάντας·
476 2407 749 2510 φρούρησον
766 2409 883 2538 ημῶν
908 2407 976 2504 τὴν
1003 2407 1118 2504 ζωὴν·
1148 2407 1353 2507 ἀσφάλισοιι

84 2513 188 2610 ημῶν
220 2513 267 2586 τὰ
301 2510 531 2612 διαβήματα,
566 2513 703 2608 εῦχαῖς,
729 2510 792 2586 καὶ
817 2509 969 2594 ίνεσίαις
994 2518 1057 2607 τῆς
1083 2508 1237 2595 ε’νάόξου
1267 2515 1353 2586 θεο-

85 2613 203 2703 τόκου,
228 2614 293 2689 καὶ
320 2615 572 2714 όιειπαρθένου
582 2614 754 2712 Μαρίας,
781 2609 844 2687 καὶ
869 2611 1024 2688 πάντων
1049 2641 1127 2686 των
1145 2611 1265 2716 ἁγίων
1284 2638 1352 2688 σου

86 2719 192 2810 [elem.
220 2719 294 2816 21).

163 2833 234 2902 Καί
256 2829 362 2912 οίίτως
383 2827 551 2919 ἀνοίγουσι
574 2832 633 2920 τὴν
654 2828 764 2918 θόρᾱν
785 2825 886 2897 606‘
867 2825 962 2916 αγίου
983 2825 1144 2917 βήματος,
1165 2829 1221 2896 καί
1244 2823 1355 2897 όόιά-

84 2961 173 3017 κονος
192 2931 423 3023 προςκυνήσας
443 2931 545 3015 ἅπαξ,
569 2929 731 3018 λαμβάνει
752 2931 790 2998 τὸ
813 2928 976 3020 ποτήριον
991 2927 1076 3014 μετὰ
1091 2925 1275 3017 εὐλαβείας,
1297 2929 1355 2998 καί

86 3034 208 3124 ἔρχεται
229 3034 279 3115 είς
299 3035 359 3124 τὴν
379 3032 498 3123 θύραν,
518 3035 575 3103 καί
597 3033 693 3120 ὑψῶν
714 3031 753 3101 τὸ
775 3029 869 3120 ίίγιον
890 3029 1063 3120 ποτήριον,
1090 3024 1251 3098 δείκνυσιν
1273 3029 1356 3098 αὐτὸ

84 3145 126 3226 τῷ
146 3140 227 3227 λαῷ,
249 3137 370 3226 λέγων·

162 3241 296 3316 Μετὰ
324 3237 478 3337 φόβου
508 3244 640 3327 Θεοῦ,
677 3234 877 3319 πίστεως
910 3235 989 3310 καί
1016 3231 1196 3336 ἀγάπης
1222 3261 1352 3378 προς-

85 3343 239 3418 ίλθετε
267 3345 342 3440 (1ου.
370 3345 442 3438 43).

629 3433 667 3503 ‘0
687 3433 800 3523 χορός·

162 3541 464 3684 Εὐλογημένος
446 3575 466 3618 ο
492 3538 688 3640 ἐρχόμενος
713 3543 753 3616 ἐν
779 3537 935 3634 ὀνόματι
961 3539 1116 3636 Κυρίου.

160 3658 324 3730 Ἰστέον”
304 3687 359 3729 οτι
380 3686 411 3728 ει
399 3655 544 3746 ”μέν
514 3654 580 3727 εισί
600 3681 688 3737 τινες
709 3681 742 3724 οι
729 3653 962 3744 ’μεταλαβεῖν
983 3652 1190 3741 βουλόμενοι,
1225 3649 1313 3740 α’ίρει
1334 3649 1353 3722 ό

87 3787 184 3852 ιερευς
207 3788 278 3831 απο
299 3787 366 3830 των
386 3767 447 3830 τοῦ
469 3756 624 3828 διακόνου
644 3763 765 3872 χειρῶν
782 3783 821 3826 το
809 3756 939 3872 άγιον
958 3781 1122 3846 ποτηριον
1143 3781 1200 3823 και
1190 3752 1355 3840 μεταδί-

86 3865 181 3934 δοσιν
204 3861 330 3945 αὐτοῖς,
362 3863 481 3978 λέγγιν·
523 3843 874 3944 Μεταλαμβάνει
857 3876 877 3920 ο
911 3843 1044 3928 δοῦλος
1077 3851 1145 3918 τοῦ
1182 3847 1275 3916 Θεοῦ
1310 3845 1352 3917 Ν.

86 3952 124 4025 τὸ
156 3951 283 4048 τίμιον
314 3950 378 4026 καί
404 3949 512 4052 όίγιον
539 3957 649 4042 σῶμα
673 3947 737 4022 ναί
763 3947 858 4044 αἷμα
884 3955 951 4021 τοῦ
977 3944 1120 4045 Κυρίου
1146 3943 1209 4019 καὶ
1235 3951 1354 4038 σωτῆ-

87 4081 143 4148 ρος
173 4053 285 4151 ημῶν
302 4055 426 4148 Ἰησοῦ
451 4057 620 4148 Χριστοῦ
654 4050 756 4133 εἰς’
739 4051 874 4148 α’φεσιν
909 4047 1123 4145 ἁμαρτιῶν
1140 4045 1258 4120 αὐτοῦ
1290 4042 1353 4118 καί

87 4159 130 4237 ἕλε
154 4155 256 4252 ζωὴν
275 4151 440 4230 alamur.
483 4168 554 4236 Καὶ
576 4163 775 4253 εὐλογῶν
739 4191 798 4235 τον
819 4165 911 4247 λαὸν,
939 4163 1134 4248 κατέχοντος
1156 4167 1216 4230 τοῦ
1237 4155 1354 4230 διακό-

87 4293 138 4338 νου
158 4272 199 4339 τὸ
221 4269 317 4357 ἅγιον
337 4265 502 4360 ποτήριον
524 4266 672 4355 ἐπιλέγει
695 4265 867 4357 ἒνφιίνως·

163 4382 336 4450 Σῶσον
368 4373 388 4450 6
426 4372 535 4456 Θεὸς
564 4371 647 4448 τὸν
680 4367 791 4446 λαόν
832 4395 934 4460 σου,
975 4365 1052 4443 καὶ
1092 4362 1353 4466 εὐλόγησαν

87 4474 161 4572 τὴν
186 4474 511 4575 κληρονομίαν
538 4499 621 4549 σου
649 4473 818 4570 (16643).
866 4485 937 4555 Καὶ
972 4479 1234 4572 ἐπιστρέφουσιν
1265 4477 1284 4548 ὅ
1316 4503 1355 4548 τε

89 4589 236 4674 διάκονος
262 4591 319 4662 καί
345 4589 364 4660 6
394 4589 500 4684 ίερεὺς
520 4587 569 4672 τίς
589 4589 649 4680 τὴν
670 4585 768 4678 άγίαν
787 4584 964 4678 τράπεζαν,
997 4583 1056 4652 καί
1074 4589 1186 4675 θυμιᾷ
1206 4578 1226 4652 6
1249 4579 1356 4672 ίερεὺς

88 4693 161 4782 τρίς,
182 4695 287 4784 λέγων
302 4691 382 4768 καθ’
405 4691 541 4766 ἑαυτὸν·
