3548 5296
786 1377 1011 1472 CAPUT
1053 1380 1126 1470 vl.

614 1586 670 1650 οε
697 1549 1001 1650 οιειιιιιουιιε
1035 1585 1263 1650 οινευειε.

322 1827 362 1901 Α.
398 1819 678 1898 Ἀνολουθία
709 1828 793 1896 τοῦ
824 1819 1035 1923 μεγάλου
1062 1819 1301 1922 άγιασμοῦ
1324 1825 1420 1895 τῶν
1444 1817 1598 1922 ἁγίων

689 1937 985 2038 θεοφανείων
1012 1943 1055 2038 (η.
1072 1940 1146 2013 237
1161 1942 1236 2038 ειη).

426 2121 528 2192 Μετὰ
546 2121 585 2190 τδ
608 2119 716 2190 εἰπεῖν
736 2121 794 2191 τὸν
816 2120 909 2211 ἱερέα
922 2121 982 2210 τὴν
996 2117 1263 2206 όπισθάμβωνον
1278 2114 1373 2208 εόχὴν
1388 2115 1596 2208 ἐξερχόμεθα

320 2221 444 2306 πάντες
471 2223 507 2294 ίν
532 2229 580 2314 τῷ
607 2225 744 2314 λοιπῆρι
769 2223 1065 2312 προπορευομὲνου
1086 2227 1146 2290 τοῦ
1167 2219 1283 2310 ίερέως
1301 2220 1387 2306 μετὰ
1408 2217 1597 2307 λαμπάδων

320 2325 377 2398 καί
397 2333 578 2412 δυμιατοῦ.
604 2321 718 2411 Ἡμῶν
739 2325 777 2394 δὲ
798 2321 996 2417 ψαλλόντων
1016 2324 1056 2392 τό
1077 2323 1187 2410 παρδν
1207 2319 1393 2411 τροπάριον
1413 2321 1451 2390 ἔτι
1470 2321 1599 2407 τρίτου.

409 2427 507 2516 Φωνὴ
523 2423 651 2514 Κυρίου
665 2426 727 2496 ίπί
745 2432 812 2494 τῶν
832 2423 963 2494 ἁδάτων
982 2431 1050 2516 βοᾷ
1070 2425 1229 2512 λέγουσα·
1252 2426 1356 2505 δεῦτε,
1374 2422 1492 2510 λάβετε
1506 2423 1599 2492 πάν-

320 2553 376 2609 τες
396 2535 528 2614 πνεῦμα
549 2526 682 2618 σοφίας,
704 2533 837 2612 πνεῦμα
852 2528 1023 2608 συνέσεως,
1046 2533 1180 2612 πνεῦμα
1194 2522 1305 2616 φόβου
1322 2529 1420 2607 Θεοῦ,
1442 2531 1502 2594 τοῦ
1518 2525 1598 2594 ἐπι-

322 2630 484 2721 φανέντος
504 2633 664 2716 Χριστοῦ.

651 2772 737 2848 Είτα
757 2777 800 2846 τὰ
820 2775 972 2866 παρόντα
992 2777 1172 2869 τροπάρια,
1195 2775 1257 2858 δίς.

404 2893 555 2988 Σήμερον
575 2901 641 2964 τῶν
661 2891 792 2964 ἁδάτων
814 2893 987 2986 ἁγιάζεται
1007 2895 1028 2982 ἡ
1051 2895 1152 2990 φάσις
1173 2896 1230 2966 ναί
1251 2895 1408 2986 ῥήγνυται
1429 2893 1448 2965 ὁ
1467 2893 1598 2986 Ἰορδά·

320 3024 377 3090 νης
396 3000 453 3069 ιιοί
473 3006 539 3068 τῶν
559 2995 655 3068 ίδίων
676 2995 831 3085 ναμάτων
850 2999 964 3084 ἐπέχει
985 2999 1024 3068 τὸ
1045 3006 1160 3090 ῥεῦμα,
1183 2997 1349 3088 δεσπότην
1370 2993 1457 3085 ὁρῶν
1477 2997 1599 3072 νιπτό-

321 3125 430 3186 μενον.
473 3099 547 3180 Δίς.

402 3199 459 3283 Ὡς
480 3197 664 3292 άνδρωπος
685 3201 720 3270 ἐν
740 3205 884 3290 ποταμῷ
905 3194 1021 3287 ἦλθες,
1042 3199 1171 3290 Χριστὲ
1190 3202 1340 3286 βασιλεῦ,
1361 3200 1419 3269 καί
1442 3202 1597 3270 δουλικὸν

319 3301 497 3391 βάπτισμα
523 3305 638 3389 λαβεῖν
664 3299 821 3382 σπεόδεις
842 3299 963 3389 άγαδὲ,
992 3299 1059 3371 όπό
1081 3309 1147 3368 τῶν
1167 3309 1229 3370 τοῦ
1250 3298 1446 3389 προδρόμου
1466 3310 1594 3391 χειροῖν,

322 3406 381 3475 διὰ
401 3407 462 3486 τὰς
483 3403 647 3494 ἁμαρτίας
667 3401 770 3492 ἡμῶν,
793 3401 1028 3494 φιλάνθρωπε.
1069 3402 1175 3485 Δόξα.
1218 3403 1290 3470 Καὶ
1311 3410 1377 3471 νῦν.

404 3507 500 3595 Πρὸς
518 3507 578 3596 τὴν
600 3505 714 3596 φωνην
734 3513 794 3573 τοῦ
814 3511 962 3590 βοῶντος
975 3503 1011 3573 ίν
1025 3511 1066 3594 τῇ
1081 3503 1202 3595 ἐρήμην,
1226 3501 1426 3591 ἑτοιμάσατε
1440 3505 1501 3594 τήν
1515 3501 1596 3573 ὁδὸν

320 3613 382 3676 τοῦ
403 3605 541 3695 Κυρίου,
562 3601 677 3696 ἦλθες,
699 3603 814 3692 Κίριε,
835 3607 968 3696 μορφὴν
991 3604 1112 3673 δούλου
1134 3605 1255 3691 λαβὼν,
1283 3603 1461 3692 βάπτισμα
1483 3604 1594 3688 αἰτῶν,

321 3705 342 3778 δ
362 3707 407 3796 μὴ
430 3709 527 3794 γνοὺς
548 3705 721 3796 ἁμαρτίαν.
757 3705 904 3775 Είδοσάν
925 3731 964 3774 σε
984 3705 1092 3776 όδατα
1112 3707 1170 3776 καί
1192 3705 1422 3798 ἐφοβήθησαν.
1452 3707 1597 3796 Σόντρο

320 3833 385 3894 μσς
405 3811 536 3898 γέγονεν
557 3805 575 3877 ό
599 3808 792 3897 πρόδρομος
812 3807 869 3876 καί
891 3805 1009 3897 ἐβόησε
1030 3811 1151 3896 λέγων·
1172 3815 1254 3888 Πῶς
1275 3806 1418 3898 φωτίσει
1439 3805 1457 3876 ό
1479 3806 1596 3893 λίχνος

321 3911 361 3978 τὸ
383 3916 473 4002 φῶς,
494 3916 569 3990 πῶς
586 3907 819 4000 χειροθετήσει
839 3907 858 3977 ὁ
881 3911 1001 3990 δοῦλος
1021 3909 1078 3977 τόν
1100 3907 1283 4000 δεσπότην,
1305 3907 1444 3997 ἁγίασον
1464 3909 1525 3996 ἐμὲ
1538 3911 1596 3980 καί

321 4010 365 4081 τὰ
385 4009 502 4094 όδατο,
525 4017 640 4101 σῶτερ,
662 4009 681 4081 o‘
704 4009 808 4100 α’ίρων
828 4016 888 4078 τοῦ
908 4008 1049 4096 Κόσμον
1070 4011 1131 4100 τὴν
1151 4008 1326 4101 ἁμαρτίαν.

404 4111 442 4180 ‘0
464 4111 627 4194 διάκονος.
669 4111 793 4202 Σοφία.
834 4109 1049 4200 Πρόσχωμεν.

405 4212 622 4306 Προφητείας
641 4211 781 4280 Ἠσαίου
802 4211 842 4281 τὸ
864 4209 1064 4302 ἀνάγνωσμα
1085 4237 1111 4280 ο.
1127 4221 1179 4284 35.

362 4333 364 4338 ’
406 4314 622 4407 Προφητείας
640 4310 780 4380 Ἠσαίου
802 4313 841 4380 τὸ
864 4309 1062 4402 ἁνάγνωσμα
1083 4340 1109 4382 ο.
1126 4325 1178 4386 55.

405 4413 622 4506 Προφητείας
641 4411 781 4484 Ἠσαίου
802 4415 841 4483 τό
864 4411 1061 4504 ἀνάγνωσμα
1084 4439 1110 4482 ο.
1129 4424 1178 4497 12,
1194 4423 1288 4486 3-6.

404 4515 639 4606 Προκείμενον.
681 4515 808 4605 Κόριος
829 4517 1003 4607 φωτισμός
1021 4542 1087 4602 μου
1108 4518 1165 4585 καί
1185 4514 1295 4607 σωτήρ
1315 4539 1392 4603 μου.

405 4615 532 4703 Στίχος.
575 4615 701 4707 Κόριος
721 4615 973 4708 ὑπερασπιστὴς
994 4624 1053 4708 τῆς
1075 4618 1160 4708 ζωῆς
1179 4642 1255 4706 μου.
1342 4672 1345 4682 .
