3314 5304
73 657 182 726 μενοι,
207 631 290 712 ταῖς
314 625 569 759 ἀγγελικαῖς’
548 625 719 725 αορότως
735 623 1070 728 δορυφορούμενον
1084 625 1247 715 τάξεσιν·
1276 630 1343 705 ἀλ-

74 729 228 828 ἱηλούϊα,
256 727 465 827 ἀλληλούϊα.
494 727 703 827 ἀλληλούὶα.

147 885 271 958 ΧΧῙῙῙ
316 889 460 988 8626‘*
438 923 480 986 ην
500 892 629 986 λέγει<
611 923 630 967 ο
654 893 761 986 ἱερεύς
780 903 956 983 μυστικῶς,
978 903 1039 996 τοῦ
1051 903 1246 988 χερουβικοιῖ
1261 893 1343 990 ᾀδο-

97 999 177 1070 ένου.

74 1028 96 1086 μ
152 1102 287 1187 Οὐδεὶς
318 1103 418 1189 ἄξιος
450 1110 529 1178 τῶν
564 1101 847 1230 συνδεδεμένων
878 1109 959 1187 ταῖς
992 1109 1183 1200 σαρκικοῖς
1208 1105 1344 1177 ἐπιθυ-

75 1205 168 1304 μίαις
192 1233 257 1279 και
244 1203 448 1300 ἡδοναῖς,
475 1204 805 1302 πρσςέρχεσθαι,”
781 1235 803 1300 η
826 1211 1056 1334 λειτουργεῖν
1082 1231 1153 1294 σοι,
1187 1206 1344 1303 βασιλεῦ

76 1315 132 1404 τῆς
155 1304 281 1430 δόξης·
308 1305 352 1380 τὸ
377 1305 467 1432 γὰρ
478 1305 666 1381 διακονεῖν
691 1330 762 1394 σοι,
789 1335 901 1436 μεγα,
924 1335 988 1436 κμι
1010 1306 1187 1436 φοβερὸν
1193 1305 1257 1381 καὶ
1276 1305 1344 1382 αὐ-

76 1415 149 1492 ταῖς
179 1414 262 1492 ταῖς
287 1405 521 1506 ἐπουρανίοις
546 1404 765 1504 δυνάμεσιν.
810 1407 944 1482 Ἀλλ’
932 1407 1033 1536 ρ’μως
1058 1407 1187 1484 666⁸
1148 1436 1216 1506 την
1243 1409 1345 1506 ἀφα-

79 1539 136 1585 τον
160 1539 223 1584 και
210 1505 458 1608 “ἀμέτρητόν
483 1534 553 1583 σου
587 1509 949 1608 φιλανθρωπίαν,’
928 1510 1117 1606 ἀτρέπτως
1141 1507 1204 1584 καὶ
1230 1509 1346 1586 ἀναλ-

80 1608 229 1696 λοιιότως
247 1611 418 1741 γέγονας
452 1611 669 1708 ἀνθρωπος,
702 1610 766 1684 καὶ
799 1609 990 1711 ἀρχιερεύς
1013 1609 1123 1738 ἡυῶν
1148 1609 1346 1710 ἐχρημάτι-

80 1739 176 1842 σρς,
196 1714 260 1787 καὶ
300 1720 365 1809 τῆς
396 1720 666 1840 λειτουργικῆς
675 1708 811 1808 ταύτης
843 1712 906 1788 καὶ
938 1710 1172 1807 ἀναιμόκτου
1206 1713 1348 1797 θυσίας

81 1815 140 1910 τὴν
163 1815 378 1942 ἱερουργίαν
403 1812 666 1912 παρέδωκας
644 1819 749 1909 ημῖν,
777 1811 828 1897 αἱς
853 1810 1032 1910 δεσπότης
1057 1823 1137 1893 τῶν
1155 1811 1345 1890 ἀπόντων.

81 1916 135 1990 Σὸ
159 1916 231 2018 γὰρ
257 1912 386 2044 μόνος,
412 1915 586 2012 Κύριε,ς
568 1946 588 1990 ο
611 1914 745 1999 Θεὸς
722 1925 845 2042 ημῶν,
872 1913 1060 2006 δεσπόζεις
1083 1923 1163 1990 τῶν
1187 1920 1347 2012 ἐπουρα-

80 2018 177 2107 νίων,
210 2017 274 2147 κριὶ
304 2025 383 2093 τῶν
416 2015 653 2145 ἐπιγείων,ὸ
686 2020 746 2090 ἐπι
733 2013 918 2144 θρόνου
939 2019 1207 2116 χερουβινοῦἐ
1209 2016 1347 2112 ποχαό

82 2147 192 2240 μεγος,
229 2120 354 2194 ὁτῶν
381 2119 561 2248 Σερρφὶμ
582 2115 731 2247 κύριρς,
765 2145 829 2192 και
817 2117 1028 2246 “βασιὶεὺς
1052 2127 1121 2194 τοῦ
1138 2119 1298 2217 Ἰσραὴλ,
1326 2115 1348 2192 6

83 2224 186 2314 μόνος
216 2220 338 2350 ἀγιος,
370 2219 434 2296 καὶ
459 2225 500 2296 έν
526 2219 665 2348 ἁγίοις
671 2216 967 2316 ἀναπαυόμενος.
1020 2219 1075 2296 Σὶ
1100 2220 1232 2296 τοίνυν
1257 2219 1347 2304 δυς-

84 2331 162 2397 ωπιῖι
187 2322 256 2397 τὸν
280 2319 400 2418 μόνον
421 2321 579 2452 ἀγαθὸν
603 2320 666 2396 καὶ
691 2319 861 2418 εὐήκοον·
888 2323 1161 2420 ἐπίβλεψονὶιὶ
1129 2320 1252 2419 πέμέ
1279 2321 1348 2398 τὸν

85 2423 300 2554 ἁμαρτωλὸν
322 2422 386 2498 καὶ
411 2423 562 2522 ἀχρεῖον
588 2420 726 2498 δοῦλόν
752 2448 834 2512 σου,
859 2452 925 2500 και
911 2421 1163 2521 ⁸xa66pto6v
1186 2451 1263 2520 μου
1278 2422 1349 2520 τὴν

85 2527 212 2655 ψυχην,
237 2525 302 2601 καὶ
326 2523 395 2622 τὴν
419 2524 628 2622 καρδίαν
608 2555 682 2600 απυ
667 2521 955 2622 “συνειδησεως
976 2531 1156 2653 πονηροῖς,
1182 2526 1245 2602 καὶ
1265 2523 1349 2600 ἱκοί-

86 2626 198 2702 νωσόν
229 2655 276 2723 υε
308 2634 354 2724 τῇ
381 2625 542 2756 δυνάμει
567 2635 635 2756 τρῦ
662 2624 772 2729 ἁγίου
799 2652 867 2702 σου
894 2624 1116 2756 πνεύματος,
1149 2627 1350 2756 ἐνδεδυμέ-

87 2756 144 2803 νον
167 2728 235 2825 τὴν
260 2736 325 2824 τῆς
350 2728 530 2826 ἱερατείας
551 2725 665 2827 χάριν
690 2737 925 2858 παραστῆναι
950 2737 996 2826 τῇ
1024 2729 1113 2831 ἁγίᾳ
1139 2754 1208 2804 σου
1230 2729 1348 2828 ταύτῃ

88 2830 245 2927 τραπέζῃ,
271 2829 337 2905 καὶ
360 2831 598 2958 ἱερουργῆσαι
623 2830 666 2904 τὸ
693 2829 843 2959 ἅγιον,
841 2859 904 2904 και
892 2830 1120 2927 ἀχρυντόν
1137 2858 1206 2906 σου
1224 2839 1349 2929 σῶμα,

88 2959 140 3005 και
129 2929 266 3006 ⁸t6'
228 2959 355 3025 τιμιον
381 2930 588 3028 αἱμα.Σοὶ
612 2931 685 3034 γὰρ
711 2929 970 3029 προςεύχουαι,
997 2931 1125 3017 κλίνας
1149 2932 1217 3008 τὸν
1233 2936 1350 3030 ἐμαυ-

89 3041 146 3108 τοῦ
176 3033 328 3128 αὐχένα,
362 3034 425 3108 καὶ
457 3032 591 3130 δέομαί
622 3058 707 3107 σου·
736 3032 794 3160 μὴ
827 3033 1061 3132 ἀποστρέψης
1085 3034 1128 3110 τὸ
1153 3031 1350 3130 πρόςωπόν

92 3157 149 3209 σου
179 3135 245 3210 ἀπ’
275 3137 381 3232 ἐμοῦ,
414 3132 509 3232 μηδε
536 3130 815 3262 ἀποδοκιμάσης
839 3163 885 3230 με
912 3138 952 3209 ἐκ
977 3133 1126 3211 παίδων
1151 3160 1237 3210 σου·
1272 3135 1346 3210 ἀλλ’

92 3235 238 3319 ξάἱωσον
270 3235 562 3334 προςενεχθῆναὶ
595 3263 653 3312 σοι
686 3235 744 3310 ὑπ’
782 3239 875 3330 ἐμοῦ
907 3243 975 3311 τοῦ
1009 3234 1254 3366 ἀυαρτωλρῦ,
1286 3236 1350 3311 καὶ

92 3335 231 3423 ἀναξίου
264 3335 403 3467 δρόλου
437 3361 506 3413 σου
539 3336 586 3411 τδι
620 3336 725 3435 δωρα
758 3344 889 3410 ταῦτα.
944 3336 1008 3410 Σὺ
1033 3337 1108 3440 γδιρ
1135 3336 1211 3411 εἶ’
1192 3367 1213 3411 ο
1239 3366 1350 3434 προς-

93 3439 216 3536 ηέρων,
247 3439 312 3514 καὶ
345 3437 653 3570 πρρςφερόμενος,
688 3466 753 3513 και
740 3435 1067 3534 “προςδεχόυενος
1091 3467 1154 3512 και
1142 3435 1351 3515 ⁸6ta6t66-

93 3567 198 3634 μενος,
219 3540 418 3670 Χριστὶ“
401 3571 420 3616 ο
450 3540 590 3624 Θεὸς
568 3549 691 3638 ημῶν,
726 3540 789 3614 aaz
815 3541 874 3670 σρὶ
898 3539 967 3636 τὴν
993 3537 1156 3626 666621⁸
1135 3542 1351 3638 αναπέμ-πο

94 3668 164 3730 μεν,
187 3641 258 3720 σὺν
283 3673 338 3740 τῳ
365 3639 520 3740 ἀνάρχιρ
547 3668 615 3717 σου
641 3641 767 3770 πμτρὶ,
792 3641 856 3716 καὶ
881 3649 934 3740 τιό
961 3643 1164 3772 παγαγίῳ,
1173 3643 1237 3718 καὶ
1258 3643 1352 3768 ἀγα-

95 3744 160 3838 θιῦ,
188 3745 253 3820 καὶ
285 3743 454 3842 ζωοποιηῖ
489 3770 559 3820 σου
584 3741 780 3839 πνεύματι,
814 3750 887 3818 νῦν
911 3744 976 3818 καὶ
1001 3744 1071 3834 ἀεὶ,
1103 3744 1167 3819 καὶ
1192 3751 1242 3830 εἱς
1266 3745 1354 3828 τοὺς

97 3847 220 3928 αἰῶνας
244 3854 323 3921 τῶν
349 3844 512 3921 αἰώνων.

166 3959 408 4090 Πληρωθεὶσης
434 3960 473 4031 66
498 3967 559 4051 τῆς
585 3957 690 4050 εάχῆς,
718 3959 851 4047 λέγουσι
877 3959 933 4029 καὶ
962 3958 1058 4030 αὐτοὶ
1084 3959 1142 4030 τὸν
1161 3960 1353 4051 χεροιιβικὸν

97 4055 197 4142 ἱμνω·
226 4057 300 4131 εἶτα
327 4059 485 4149 λαβδνὸ
517 4059 671 4144 διάκονος
697 4060 755 4132 τὸν
781 4059 950 4146 θυμιατὸν
976 4062 1033 4131 καὶ
1053 4059 1211 4149 θυμίαμα
1230 4061 1353 4146 βαλὼν,

97 4157 233 4246 πρόςεωι
265 4169 314 4252 τῷ
343 4161 551 4256 ἱερεῖ.Καὶ
578 4163 690 4248 λαβὼν
716 4159 869 4250 εὐλογίαν
896 4161 975 4252 παρ’
1005 4160 1123 4288 αἱροῦ,
1156 4169 1268 4252 θυμιᾷ
1294 4162 1354 4252 την

99 4255 181 4346 ἁγίαν
198 4263 366 4352 τράπεζαν
385 4261 549 4353 γύρωθεν,
569 4265 629 4334 καὶ
646 4265 686 4332 τὸ
708 4262 870 4377 ἱερατεῖον
891 4264 979 4346 ὅλον,
1000 4264 1058 4332 καὶ
1077 4263 1135 4331 τὸν
1157 4260 1258 4376 ἱερέα.
1280 4263 1355 4330 Λέ-

98 4383 141 4444 γυ
166 4365 282 4434 δὲκαὶ
308 4366 367 4436 τὸν
394 4352 656 4449 πεντηκοστὸν,
688 4352 752 4426 καὶ
783 4351 967 4451 τροπάρια
992 4348 1257 4438 κατανυκτικά,
1290 4361 1355 4432 ὅσα

100 4463 147 4529 καὶ
164 4464 325 4550 βούλεται,
347 4465 433 4555 ὁμοῦ
453 4468 538 4554 μετὰ
558 4473 618 4536 τοῦ
640 4463 764 4558 ἱερέως.

174 4571 289 4648 XXIV·
332 4588 404 4657 Καὶ
431 4583 635 4674 ἀπέρχονται
657 4585 698 4655 έν
717 4593 758 4676 τῇ
779 4585 957 4674 προθέσει,
979 4582 1274 4672 προπορευομέτοο
1294 4591 1356 4654 τοῦ

104 4679 252 4754 διακόνου.
299 4689 371 4758 Καὶ
405 4687 579 4776 δομαίους
613 4689 657 4756 τὰ
692 4685 788 4776 ἅγια,
825 4684 904 4756 καθ’
943 4684 1060 4755 ἑαυτὸν
1096 4681 1271 4772 εὐχόμενος
1304 4686 1355 4768 τὸ,
