3368 5308
691 417 763 494 533

507 593 652 682 Ὁμοίως
671 598 729 668 καί
748 604 789 689 τῇ
809 595 947 686 γυναικί.

167 699 480 798 Ἀρραβωνίζεται
511 701 534 798 ἡ
561 699 677 798 δούλη
712 709 781 777 τοῦ
810 707 903 778 Θεοῦ
930 699 963 800 (ἡ
986 700 1107 802 δεῖνα)
1133 703 1201 778 τὸν
1226 703 1365 782 δοῦλον

91 811 160 880 τοῦ
189 807 283 878 θεοῦ
310 802 390 898 (τὸν
414 801 533 900 δεῖνα)
559 808 610 887 είς
633 803 677 878 τὸ
703 804 824 900 όνομα
850 811 919 878 τοῦ
944 804 1084 900 πατρὸς
1099 805 1163 880 καὶ
1178 815 1247 882 τοῦ
1264 808 1363 896 υίοῦ,

93 903 250 984 καὶτοῦ
276 902 387 1007 ἁγίου
413 902 635 1000 πνεύματος,
661 913 734 981 νῦν
758 905 822 980 καὶ
848 898 916 979 ἀεὶ.

175 1019 247 1089 Καὶ
267 1023 363 1088 ποιεῖ
383 1020 525 1107 σταυρὸν
554 1020 641 1106 μετὰ
661 1027 721 1090 τοῦ
743 1017 953 1090 δακτυλιδίοο
975 1017 1035 1089 ἀπὶ
1055 1020 1116 1102 τὰς
1135 1023 1283 1112 κεφαλὰς
1305 1019 1366 1092 αύ-

91 1128 165 1205 τῶν,
186 1121 245 1192 καί
266 1117 462 1210 ἐπιτίθησιν
484 1117 568 1190 αύτά
591 1121 652 1190 ἀπί
671 1127 743 1203 τοῖς
764 1123 887 1206 δεξιοῖς
909 1120 1093 1202 δακτύλοις.
1134 1113 1219 1194 Εἶτα
1241 1121 1369 1194 ἀλλάσΒ

93 1219 184 1294 σειὰ
207 1220 379 1304 σύντεκνσς
397 1222 441 1291 τὰ
462 1219 667 1292 δακτυλίδια.
709 1221 748 1292 Ὀ
770 1223 808 1292 δδ
829 1221 936 1310 ἱερεὺς
957 1223 1055 1312 λέγει.

492 1365 568 1435 Τοῦ
587 1357 737 1455 ’Κυρίου
764 1359 974 1478 δεηθῶμεν.

176 1495 347 1570 Δέσποτα
373 1489 500 1590 Κύριε,
528 1492 548 1569 ό
573 1493 661 1579 Θεὸς
684 1493 807 1591 ἡμῶν,
835 1491 1029 1571 ἁπάντων
1044 1494 1276 1595 φειδόμενος,
1302 1497 1366 1574 καί

92 1593 248 1672 πάντων
273 1591 560 1695 προνοούμενος,
586 1595 606 1670 ὁ
632 1595 680 1670 τά
704 1593 851 1693 κρύπτα
875 1593 1097 1700 γιγνώσκων
1113 1607 1190 1673 τών
1209 1597 1366 1698 ἀνθρώ-

92 1726 174 1774 πων
199 1697 264 1774 καὶ
289 1695 443 1772 πάντων
468 1696 537 1795 τήν
562 1704 705 1799 γνῶσιν
730 1699 838 1792 ἔχων,
864 1695 1041 1794 ίλάοθητι
1066 1705 1147 1784 ταῖς
1167 1699 1367 1800 ἁμαρτίαις

92 1801 214 1896 ἡμῶν,
240 1798 395 1884 καὶτὰς
421 1797 581 1895 ἀνομίας
607 1795 850 1903 συγχώρησον
875 1808 954 1874 τών
972 1807 1051 1876 σιῦν
1067 1801 1213 1890 ἱκετῶν,
1239 1811 1366 1879 καλῶν

94 1901 233 1985 αὐτούς
258 1905 308 1984 ελς
332 1898 548 1996 μετάνοιαν,
575 1899 747 1998 παρέχων
772 1901 899 1984 αὐτοῖς
918 1898 1146 2003 συγγνώμην
1162 1932 1366 2003 παραπτω-

92 2000 238 2100 μάτων,
272 2001 467 2099 ἁμαρτιτῦν
498 2001 659 2096 ἱλασμὸν
666 2058 679 2091 ,
713 1999 948 2102 συγχώρησιν
981 2003 1151 2098 ἀνομιῶν
1184 2003 1366 2080 ἑκουσίων

92 2134 129 2178 τε
154 2103 219 2180 καί
246 2103 445 2178 ἀκουσίων.
475 2101 519 2181 Ὁ
545 2103 653 2188 εἰδώς
679 2102 722 2177 τὸ
751 2104 909 2187 ἀσθενὲς
932 2111 997 2200 τῆς
1022 2105 1267 2202 ἀνθρωπίνης
1292 2105 1367 2205 φύ-

94 2231 196 2293 σεως,
225 2204 245 2279 ὁ
272 2203 433 2300 πλάστης
457 2204 521 2280 καὶ
546 2203 786 2306 δημιουργὸς,
814 2204 976 2303 ὅῬαὰβ
1001 2214 1047 2302 τῇ
1074 2207 1191 2303 πόρνη
1219 2233 1367 2309 συγχω-

94 2307 221 2404 ρήσας,
257 2306 321 2382 καί
353 2316 420 2382 τοῦ
453 2302 616 2381 τελώνου
648 2306 717 2402 τὴν
749 2304 953 2401 μετάνοιαν
976 2306 1279 2403 προςδεξάμενος,
1312 2309 1365 2407 μὴ
1397 2317 1401 2339 “

92 2411 270 2506 μνησθῇς
295 2405 576 2504 ἁμαρτημάτων
600 2406 711 2504 ἡμῶν
736 2409 891 2511 ἀγνοίας
916 2411 956 2483 ἐκ
981 2405 1160 2505 νεότητος.
1181 2410 1271 2486 Ἐἁν
1292 2410 1365 2512 γὰρ

94 2508 255 2606 ἀνομίας
279 2507 553 2608 παρατηρήσης,
579 2507 706 2608 Κύριε,
733 2507 860 2607 Κύριε,
887 2510 943 2594 τίς
968 2507 1212 2607 ἀποστήσεται
1238 2513 1366 2610 σοιςῆ

93 2611 181 2688 ποία
208 2607 304 2706 σάρξ
327 2608 619 2707 δικαιωθήσεται
644 2608 806 2689 ἐνώπιον
832 2619 901 2688 σοῦ
908 2641 922 2702 ,·
949 2612 997 2688 σὺ
1022 2611 1096 2715 γὰρ
1113 2611 1230 2710 μόνος
1245 2611 1368 2712 ὑπάρ-

91 2744 166 2810 χεις
183 2711 340 2802 δίκαιος,
359 2710 633 2810 ἀναμάρτητος,
652 2713 769 2816 άγιος,
784 2713 987 2802 πολυέλεος,
1005 2712 1367 2820 πολυεύσπλαγχνος,

92 2816 155 2891 καί
181 2823 380 2907 μετανοιῦν
409 2814 467 2890 ἐπὶ
492 2815 638 2900 κακίαις
663 2811 893 2911 ἀνθρώπων.
921 2816 997 2904 Σύ,
1025 2815 1201 2906 δέσποτα,
1227 2825 1369 2893 οἰκειω-

94 2915 255 3011 σάμενος
290 2915 378 3004 τούς
409 2911 567 3014 δούλους
603 2941 672 2992 σου
707 2915 785 3012 (τὸν
818 2915 923 2992 δεῖνα
949 2917 1014 2990 καί
1038 2917 1117 3013 τὴν
1131 2916 1249 3016 δεῖνα)
1276 2922 1368 2994 ἔνω-

95 3045 163 3094 σον
186 3025 234 3114 τῇ
260 3017 351 3115 πρὸς
377 3015 553 3115 ἀλλήλους
578 3015 715 3120 ἀγάπῃ.
758 3013 934 3114 Δώρησαι
960 3019 1087 3102 αὐτοῖς
1111 3027 1179 3093 τοῦ
1205 3020 1367 3112 τελώνου

92 3119 162 3217 τὴν
188 3119 426 3220 ἐπιστροφὴν,
453 3127 517 3216 τῆς
542 3115 680 3214 πόρνης
705 3117 751 3192 τά
778 3115 939 3212 δάκρυα,
966 3127 1034 3194 τοῦ
1052 3127 1188 3216 ληστοῦ
1204 3120 1273 3216 τήν
1289 3124 1368 3205 ε’ξσ-

93 3218 311 3324 μολόγησιν,
347 3224 411 3296 ἵνα
446 3218 510 3295 διὰ
543 3217 744 3314 μετανοίας
776 3222 815 3305 ἐξ
847 3219 930 3316 ὅλης
962 3217 1120 3316 καρδίας
1152 3220 1294 3310 αὑτῶν,
1327 3225 1369 3298 ἐν

94 3323 253 3419 ὁμονοίᾳ
286 3322 350 3397 καί
383 3319 508 3417 εἰρήνῃ
535 3322 602 3406 τὰς
627 3317 778 3405 ἐντολάς
803 3345 872 3396 σου
899 3321 1151 3424 ἐργαζόμενοι,
1186 3328 1369 3408 καταξιω-

94 3429 207 3526 θώσι]
224 3422 288 3499 καί
313 3431 376 3520 τῆς
401 3422 628 3518 ἐπουρανίου
654 3447 723 3498 σου
748 3421 949 3518 βασιλείας.
980 3423 1065 3500 Ὅτι
1091 3421 1139 3498 σύ
1166 3419 1197 3498 εί
1223 3421 1243 3499 ὃ
1270 3431 1370 3501 οἱκο-

95 3524 211 3622 νόμος
236 3519 402 3613 πάντων,
436 3525 498 3598 καί
526 3524 586 3600 σοί
611 3524 681 3621 τὴν
707 3521 824 3609 δόξαν
849 3525 1129 3624 ἀναπέμπομεν,
1162 3534 1218 3624 τῷ
1243 3527 1369 3626 πατρί,

93 3623 1371 3728 mffQmfflfflmmmmmffimQ

95 3730 162 3813 τὰς
189 3735 333 3813 αλιῦνας
357 3735 436 3802 τῶν
462 3727 624 3804 αίώνων.
670 3727 799 3824 Ἀμήν.
1201 3804 1205 3812 ,

178 3827 320 3928 Ελρήνη
346 3837 447 3904 πᾶσι.
505 3829 579 3914 Τὰς
603 3828 768 3928 κεφαλὰς
792 3826 904 3924 ὑμῶν
929 3837 984 3927 τῷ
1009 3827 1140 3929 Κυρίῳ
1164 3829 1322 3906 κλίνατε.

181 3931 308 4031 Κύριε,
328 3933 450 4027 Ἰησοῦ
464 3929 617 4028 Χριστέ,
643 3927 746 4032 Λόγε
771 3939 841 4006 τοῦ
861 3935 966 4020 Θεοῦ,
994 3929 1013 4004 ὃ
1039 3929 1210 4027 ὑψωθεὶς
1226 3931 1286 4006 ἐπὶ
1302 3941 1371 4007 τοῦ

95 4032 224 4128 τιμίου
263 4033 327 4108 καί
353 4031 535 4124 ζωοποιοῦ
562 4041 740 4129 σταυροῦ,
773 4031 905 4108 καὶτὸ
930 4032 1023 4107 καθ’
1052 4031 1151 4129 ἡμᾶς
1175 4030 1372 4130 διαρρήξας

94 4133 349 4238 χειρόγραφον
382 4135 447 4210 καὶ
484 4140 550 4232 τῆς
590 4131 814 4218 δυναστείας
846 4142 915 4221 τοῦ
949 4131 1130 4231 διαβόλου
1163 4131 1372 4230 ῥυσάμενος

98 4236 210 4334 ἡμᾶς,
235 4233 413 4333 ἱλάσθητι
438 4242 520 4320 ταῖς
545 4235 719 4330 ἀνομίαις
735 4243 814 4311 ταῖν
831 4233 979 4310 δούλων
997 4259 1077 4310 σου.
1094 4235 1177 4312 Ὅτι
1194 4235 1261 4310 τόν
1278 4234 1373 4311 καύ-

99 4365 204 4418 σισνα
229 4337 362 4414 καὶτὸ
386 4334 507 4436 βάρος
530 4345 594 4434 τῆς
619 4335 769 4435 ἡμέρας,
795 4336 859 4412 καί
884 4341 949 4433 τῆς
966 4335 1101 4432 σαρκὸς
1117 4335 1185 4430 τὴν
1201 4334 1372 4434 πύρωσιν

97 4440 147 4540 μὴ
174 4437 368 4536 ἰσχύοντες
390 4433 607 4536 βαστάζειν,
633 4443 684 4522 ελς
707 4433 833 4540 γάμου
859 4437 1038 4534 δευτέραν
1061 4437 1265 4513 κοινωνίαν
1281 4465 1373 4515 συν-

98 4543 285 4640 έρχονται,
317 4540 450 4624 καθώς
475 4540 749 4638 ἐνομοθέτηοας
774 4537 839 4613 διὰ
864 4547 933 4616 τοῦ
958 4537 1112 4621 σκεύους
1136 4546 1200 4634 τῆς
1224 4543 1373 4643 ἐκλογῆς

100 4670 169 4721 σου
190 4641 353 4720 Παύλου
378 4649 447 4720 τοῦ
467 4639 689 4732 ἀποστόλου,
716 4640 830 4717 εἰπών
846 4640 899 4716 δι’
922 4641 1032 4740 ἡμᾶς,
1057 4637 1145 4724 τοὺς
1164 4645 1375 4736 ταπεινοὺς,

131 4767 168 4816 Π.
1140 4760 1174 4814 35
