3368 5308
705 464 779 537 469

177 645 358 720 mamm.
413 645 569 721 Omnium
611 647 759 722 fidelium
795 649 983 749 quicunque
1017 661 1113 745 sunt,
1155 654 1303 728 virorum
1336 679 1375 728 ac

102 749 292 841 mulierum,
326 773 445 822 senum
478 760 513 822 et
537 747 716 824 infantium
742 761 776 824 et
801 751 980 826 cuiuslibet
1005 753 1134 846 aetatis,
1169 756 1225 853 qui
1253 756 1374 832 obdor-

100 851 248 926 mierunt
273 851 308 924 iu
335 851 510 924 sanctitate
537 863 571 924 et
597 853 630 924 iu
657 853 722 928 fide
741 853 877 946 Christi,
893 849 941 928 'ut
967 858 1236 930 commemoratio
1263 859 1321 932 fiat
1339 859 1373 932 in

100 952 163 1025 bac
190 964 304 1026 sancta
330 952 476 1046 liturgia,
502 978 688 1050 precamur.

179 1053 319 1128 Clamas.
371 1055 537 1127 Memento
565 1067 628 1128 etc.

176 1155 234 1251 [Si
259 1153 417 1251 biturpio
442 1156 633 1230 celebratur
659 1169 757 1228 cotra
783 1155 1001 1248 Dominicom‚
1027 1157 1198 1234 Diaconos
1220 1185 1285 1258 pro
1313 1186 1373 1235 re·
1408 1165 1411 1176 '

99 1257 320 1332 surrectionis
362 1259 522 1330 memoria
564 1259 678 1331 statim
720 1257 831 1330 dicat:
888 1255 928 1332 Ut
971 1258 1088 1334 Sancti
1113 1303 1163 1314 -
1185 1261 1373 1360 Prophetae

97 1358 263 1456 Apostoli,
291 1359 512 1433 Patriorcbae
539 1386 567 1433 s.
594 1359 770 1456 Martyris,
798 1361 895 1432 cuius
920 1361 1079 1435 memoria
1104 1361 1167 1436 illo
1193 1365 1247 1436 die
1274 1390 1372 1445 reco-

98 1461 185 1534 litur
211 1503 261 1514 —-
288 1463 551 1535 commemoratio
582 1464 644 1560 fiat
675 1462 711 1534 in
744 1461 806 1534 bac
839 1471 957 1534 sancta
982 1461 1150 1562 biturpio,
1181 1490 1372 1563 precamur.

100 1561 242 1636 Gborus.
295 1561 564 1658 Messeniam]

175 1663 358 1738 manas.
410 1664 565 1758 Domine,
591 1663 743 1738 benedic.

174 1765 264 1838 Dum
289 1766 380 1838 canit
408 1765 547 1856 Clarus,
576 1766 743 1838 Sacerdos
770 1763 852 1838 dicit
878 1775 1027 1856 secreto:

173 1867 352 1962 Memento,
381 1868 534 1961 Domine,
562 1867 740 1941 benedicas
769 1878 803 1939 et
827 1868 1017 1941 miserearis
1036 1879 1170 1942 sanctae
1190 1863 1375 1944 catholicae

96 1977 173 2040 tuae
207 1980 241 2040 et
275 1963 474 2067 apostolicae
509 1969 681 2062 ecclesiae,
718 1993 816 2066 quam
842 1969 988 2065 pretioso
1016 1971 1179 2066 sauguine
1207 1973 1370 2066 unigeniti

95 2067 171 2142 Filii
207 2070 255 2142 tui
290 2071 495 2168 redemptam
529 2083 642 2144 sancta
677 2093 774 2144 cruce
808 2082 864 2144 tua
896 2071 1068 2145 vindicasti
1103 2071 1137 2144 in
1172 2073 1370 2147 libertatem.

94 2170 216 2244 Pacem
243 2171 342 2246 nobis
370 2173 496 2246 tribuas
523 2172 807 2271 imperturbatam.
851 2171 1015 2247 Memento
1042 2173 1183 2246 Domine
1211 2186 1245 2247 et
1271 2175 1371 2248 bene·

95 2273 187 2346 dicas
221 2273 378 2348 omnibus
403 2275 581 2373 Episcopis
615 2273 821 2366 orthodoxis,
856 2275 912 2372 qui
940 2287 1029 2348 recte
1058 2276 1246 2350 diciderunt
1273 2277 1370 2350 nobis

95 2385 128 2446 et
157 2375 378 2450 ostenderunt
403 2376 540 2450 verbum
566 2377 714 2449 veritatis
742 2401 773 2473 p.
786 2375 870 2450 362.

170 2477 276 2550 Elato
308 2502 406 2552 uoce:
442 2479 608 2576 Imprimis
642 2479 784 2552 Domine
817 2486 986 2550 memento
1020 2479 1132 2574 magui
1168 2489 1201 2576 et
1226 2479 1369 2576 piissimi

93 2577 273 2676 Principis,
308 2579 435 2654 Nicolai
469 2579 708 2672 Panlonitsclr,
745 2581 894 2654 omnium
924 2577 1123 2652 'Russiarum
1156 2579 1370 2678 lmperatoris

94 2691 127 2752 et
152 2681 383 2755 Aulocratoris
419 2682 464 2775 (et
493 2679 539 2780 'fit
570 2683 692 2754 mentio
728 2682 872 2756 omnium
896 2681 1071 2777 pontilicm
1097 2693 1128 2755 et
1155 2694 1371 2777 copnotorum

94 2779 326 2878 imperatoris)
363 2795 397 2856 et
431 2783 543 2880 palatii
578 2784 651 2858 eius
685 2795 719 2857 et
754 2784 932 2857 Christiani
967 2783 1142 2858 exercitus.
1195 2785 1370 2860 custodias

95 2906 152 2956 eos
181 2895 215 2956 et
242 2885 432 2958 miserearis
458 2886 501 2958 iis
528 2884 720 2983 tribuasque
748 2885 829 2982 ipsis
856 2910 1020 2960 summam
1045 2909 1161 2983 pacem
1189 2897 1222 2959 et
1247 2889 1370 2985 imper·

95 2985 259 3057 turbatam
286 2987 328 3058 ad
355 2987 478 3060 multos
505 2985 654 3082 annos.¹)

172 3085 314 3160 Claorus.
368 3092 485 3162 Amen.
557 3141 561 3150 -

170 3188 349 3263 Sacerdos.
402 3189 580 3281 Memento,
614 3188 767 3279 Domina,
802 3185 970 3278 Narcissi,
1007 3209 1135 3260 summa
1169 3189 1368 3264 venerabilis

93 3291 196 3363 totius
232 3287 397 3365 Gaicanae
431 3292 540 3387 gentis
568 3289 778 3363 Patriarchee
805 3301 839 3362 et
864 3288 1065 3362 sanctissimi
1093 3287 1264 3362 Catholici.
1300 3291 1367 3388 lpsi

94 3391 260 3465 concedas
294 3395 430 3490 longum
472 3405 601 3491 tempus
636 3415 791 3489 praeesse
824 3392 948 3464 sanctis
975 3391 1126 3464 ecclesiis
1161 3396 1227 3464 tuis
1260 3393 1368 3490 iisque

95 3507 183 3566 recte
212 3494 389 3592 dispertire
416 3496 552 3569 verbum
580 3495 738 3566 veritatis.

171 3595 313 3670 liburno.
365 3599 483 3669 Amen.

171 3697 350 3772 Sacerdos.
372 3695 581 3790 Memento,
608 3695 764 3788 Domine,
796 3695 1046 3792 Archiepiscopi
1074 3695 1175 3767 totius
1203 3693 1367 3769 Gaicanae

94 3801 226 3893 gentis,
259 3801 369 3899 quoad
395 3799 537 3874 Russiae
570 3799 693 3872 linibus
728 3797 928 3870 continetur.
981 3796 1046 3893 lpsi
1075 3795 1240 3869 concedas
1266 3797 1366 3894 longo

94 3911 244 3998 tempore
280 3902 378 3976 nobis
415 3925 572 3999 praeesse
609 3912 643 3976 et
678 3911 768 3973 recta
805 3898 902 3972 nobis
940 3898 1115 3995 dispertire
1148 3897 1284 3972 verbum
1313 3924 1367 3972 ve·

93 4002 211 4076 ritatis.
222 4000 246 4099 ²)
777 4075 785 4092 ,
1001 4045 1006 4054 ·

179 4223 203 4282 l)
222 4221 293 4272 Extra
311 4223 421 4273 Rosciam
440 4220 638 4286 praetermittitur
656 4220 715 4270 brae
734 4217 942 4270 commemoratio.

177 4307 204 4366 2)
222 4307 252 4357 Et
269 4308 328 4357 base
346 4307 523 4373 deprecationis
542 4305 657 4371 periodos
680 4303 758 4355 solam
777 4305 902 4370 occupavit
919 4303 1038 4353 nussiam.
1072 4301 1140 4352 More
1157 4315 1258 4366 prorsas
1276 4303 1368 4354 omitti·

95 4396 144 4454 tar,
179 4406 234 4442 cnm
263 4392 365 4444 ecclesia
391 4393 481 4442 summi
504 4389 622 4442 Catholici
650 4387 828 4440 Etselrmiadsio
856 4389 880 4438 in
904 4387 1036 4438 Moesorum
1062 4386 1176 4436 ditionem
1203 4384 1298 4437 redacto
1326 4388 1366 4439 sit.

95 4477 143 4527 tc:
169 4475 295 4536 Eriuuara,
321 4475 391 4537 llerr,
415 4475 464 4526 und
488 4474 598 4525 erbrrms
617 4473 675 4523 urat
694 4473 743 4524 und
762 4486 836 4534 segne
853 4471 901 4522 alle
919 4469 1113 4534 reebtgltubipsn
1131 4469 1251 4530 bischele,
1274 4471 1367 4523 caelebs

96 4560 135 4610 ruit
159 4561 307 4610 orthodoxer
323 4559 402 4610 latare
427 4559 465 4610 bei
489 4573 535 4610 nus
559 4560 602 4610 das
620 4557 690 4608 Wort
712 4558 756 4608 der
773 4555 896 4606 Wabrbeit
913 4563 1047 4618 rortrageo.
1083 4553 1130 4604 lter
1147 4553 1253 4604 blacan:
1277 4553 1366 4618 segne,

97 4641 162 4696 lterr.
198 4645 246 4694 Der
264 4645 383 4696 Priester:
401 4644 449 4694 tar
466 4643 542 4696 allam
560 4657 650 4694 unsara
669 4641 773 4704 heiligen
792 4642 874 4706 l'apst,
893 4641 939 4691 den
958 4638 1113 4690 llerrnll.ll.
1132 4637 1180 4688 uad
1200 4651 1289 4688 unsara
1307 4640 1365 4690 ebr-

96 4714 219 4792 ntrdigen¹
232 4728 396 4792 Patriarcbrn,
414 4729 460 4782 den
479 4727 556 4779 llerro
574 4727 641 4780 tto.
660 4727 731 4790 (eder
749 4741 838 4778 ansero
852 4725 1000 4786 Embiscbot,
1019 4724 1065 4773 dea
1076 4721 1190 4774 llermN.
1202 4721 1241 4784 ll.)
1259 4723 1365 4776 arberto

124 4813 162 4863 tt.
1134 4805 1165 4856 31
