3336 5302
404 615 510 714 Υπὲρ
535 624 604 692 τοῦ
629 620 828 745 ρασθῆναι.

410 719 646 815 Ἀντιλαβοῦ,
672 727 807 795 σῶσον.

422 827 495 918 Τῆς
520 819 779 923 Παναγίας,’
759 814 960 917 αχρσίντσα.

794 982 962 1075 Ὁίερεὺς
982 982 1148 1076 έκφιίνως.

400 1089 485 1168 ’Ότι
520 1089 646 1219 πρέπει
680 1114 739 1216 σιμ
774 1098 878 1165 πᾶσα
912 1086 1017 1177 δόξα,
1053 1088 1142 1186 τιμὴ
1174 1087 1237 1164 καί
1261 1086 1514 1190 προςκόνησις,
1537 1099 1589 1220 τρί

334 1191 460 1291 πατρὶ,
494 1192 561 1319 καί
592 1200 646 1266 τῶ
682 1193 768 1288 υἱῷ,
803 1192 867 1268 καί
899 1198 952 1320 τερ
987 1188 1083 1292 ἁγίῳ
1115 1188 1311 1287 πνεύματι,
1348 1201 1421 1269 νῦν
1446 1193 1507 1268 καὶ
1530 1193 1587 1282 ἀεὶ,

334 1293 398 1369 καὶ
424 1298 474 1378 εἰς
499 1293 587 1378 τοὺς
612 1298 753 1378 αἰῶνας
776 1301 855 1370 τῶν
879 1288 1040 1369 αἰώνων.

419 1425 491 1495 Καὶ
510 1425 595 1513 μετὰ
615 1425 674 1516 τὴν
701 1405 886 1516 ἰιφιίνησιν
912 1419 1085 1514 γίνεται“
1064 1451 1084 1515 ιγ
1113 1421 1304 1513 στιχολογία
1329 1431 1395 1494 τῶν
1422 1425 1507 1515 πρὸς
1531 1423 1590 1496 Κί-

334 1553 407 1616 ριον
429 1525 478 1608 εἰς
497 1533 586 1614 τρεῖς
605 1524 740 1618 στάσεις
758 1526 883 1613 (Psalmi
905 1531 1058 1612 graduales
1079 1549 1108 1612 ρ.
1125 1533 1210 1610 319),
1232 1525 1416 1616 γενομένων
1435 1528 1492 1598 ιιαί
1503 1553 1589 1614 μετε-

335 1635 434 1698 νσιῶν
461 1625 510 1709 εἰς
536 1627 577 1697 τὸ
598 1625 789 1719 ἆλληίοίῖα.
830 1623 883 1696 Ἐν
903 1625 1030 1718 ἑκάστῳ
1052 1627 1091 1697 66
1112 1623 1288 1719 ἂντιφείνῳ
1309 1626 1437 1716 γίνεται
1457 1631 1587 1716 σιναπιή

334 1729 437 1819 μικρὰ
457 1729 552 1816 παρὰ
571 1736 633 1799 τοῦ
655 1727 811 1799 διακόνου
830 1728 889 1799 καί
908 1726 929 1820 6
952 1726 1138 1821 ίκφιίνησις
1156 1730 1253 1820 παρὰ
1273 1737 1333 1800 τοῦ
1354 1727 1480 1820 ῖερέως.

341 1908 361 1974 J
495 1879 582 1973 Είχὴ
604 1888 664 1972 τῆς
685 1877 727 1952 α’.
756 1877 913 1966 στάσεως,
929 1879 975 1974 ἥν
996 1880 1086 1971 λέγει
1107 1877 1126 1950 6
1149 1877 1255 1970 ἰιρεὺς
1274 1891 1450 1970 μυστικῶς.
1589 1948 1593 1958 ,

398 1983 544 2116 Κύριε,
578 1986 770 2084 οἰκτίρμεν
794 2015 868 2062 και
844 1985 1049 2114 έλεῆμσν,
1083 1983 1310 2084 μακρόθαμε
1335 2016 1403 2062 και
1426 1987 1589 2076 πολυίλεε,

335 2084 509 2164 ἐνείτισαι
543 2087 632 2186 τὴν
647 2085 851 2186 προςεαχὴν
885 2087 1009 2185 ἡμῶν,
1044 2087 1108 2164 καὶ
1141 2085 1298 2213 πρόσχες
1329 2097 1374 2188 τῆ
1410 2098 1516 2190 φωνῇ
1539 2097 1593 2186 τῆς

336 2187 549 2318 δεήσεωςε
527 2198 671 2288 ημῶν·
697 2190 867 2286 Ποίησον
901 2189 1046 2302 μεθ’
1025 2197 1135 2286 ημῶν
1168 2195 1324 2288 σημεῖον
1359 2196 1410 2276 εἰς
1445 2187 1590 2320 ἀγαθόν.

331 2283 539 2420 Ὁιίήγησεν
563 2291 674 2390 ἡμεῖς
686 2293 728 2368 έν
751 2299 797 2389 τῇ
822 2289 947 2390 666
927 2315 1010 2381 σου,
1036 2299 1103 2367 τοῦ
1117 2289 1356 2420 πορεύεσθαι
1381 2295 1423 2371 ἓν
1448 2301 1492 2390 τῇ
1517 2294 1590 2388 ἅλη-

336 2393 425 2490 θείᾳ
459 2418 539 2470 σευ.
591 2395 798 2521 Εὔφρονον
829 2392 896 2478 τοίς
912 2392 1129 2490 καριίιας
1107 2401 1231 2491 ημῶν,
1257 2399 1308 2478 εἰς
1329 2394 1375 2470 τὸ
1402 2397 1590 2493 φοβεῖσθαι

336 2493 427 2570 τὸ”
382 2492 528 2622 σνομσί
554 2519 623 2570 σου
648 2494 692 2569 τὸ
718 2495 841 2624 ἅγιρν,
867 2491 1033 2590 ιίιότιμε
988 2494 1104 2624 μέγας
1128 2493 1161 2570 εἰ
1187 2493 1247 2586 σε),
1272 2494 1336 2571 καί
1361 2503 1482 2572 ποιῶν
1504 2500 1589 2571 θεα-

337 2592 467 2691 μσίσιει.
494 2595 559 2671 Σὺ
584 2593 616 2670 εἰ
638 2595 725 2680 Θεὸς
748 2593 877 2694 μόνος,
902 2595 966 2672 καὶ
992 2596 1061 2672 οὐκ
1086 2597 1186 2674 ἐστιν
1212 2595 1340 2694 ὅμοιός
1357 2622 1416 2673 σοι
1434 2627 1475 2675 εν
1491 2601 1590 2685 θεοῖς,

338 2693 468 2795 Κύριε·
503 2697 714 2826 66761696
715 2727 740 2774 ν
764 2697 863 2789 ἐλέει,
896 2698 960 2774 καὶ
986 2697 1174 2826 ἀγαθὸς
1158 2727 1200 2774 εν
1223 2695 1339 2795 ἰσχύϊ,
1372 2699 1485 2784 εἰς
1449 2731 1491 2776 τε
1513 2702 1589 2798 βαρ

338 2801 426 2874 θεῖν
459 2798 523 2875 καὶ
558 2805 786 2930 παραμελεῖν
819 2798 885 2875 καὶ
918 2797 1051 2891 σώζειν
1088 2797 1232 2884 πάντας
1274 2799 1363 2885 τοὺς
1397 2801 1591 2912 ἐλπίζοντες

338 2904 389 2986 εἰς
413 2898 504 2976 τὸ”
483 2929 604 3000 ονομα
628 2900 672 2976 τὸ
698 2897 808 3003 ἅγιόν
834 2925 914 2977 σου.

540 3055 709 3154 Μιτᾶ
728 3085 778 3168 τὸ,
800 3067 946 3160 Δόξα,Ι
940 3069 1003 3146 καὶ
1023 3077 1112 3160 νῦν,
1139 3081 1350 3167 εσιάκενες·

349 3211 356 3224 “
416 3189 493 3263 Ἔτι
517 3217 581 3263 και
567 3186 725 3269 έτιέν
749 3185 874 3287 εἰρήνῃ
899 3195 973 3265 τοῦ
994 3186 1138 3316 Κυρίου
1164 3187 1375 3287 ιίεηθῶμεν.

407 3290 653 3387 Ἀντιλαβοῦ,
680 3298 817 3420 σῶσρν,
837 3289 991 3420 ἐλέησον
1015 3319 1079 3366 και
1067 3290 1383 3390 διαφύλαξον*
1361 3299 1469 3387 ημᾶς.

338 3391 500 3490 ““Τῆς
524 3389 723 3530 παναγίας,
750 3387 954 3492 ἀχρόντοα,
979 3391 1316 3495 ὑπερεαλογημένης
1340 3399 1417 3471 κτλ

794 3554 866 3628 Η0
854 3557 961 3688 ιιρεὺς
982 3555 1154 3650 ίκφείνως·

414 3661 498 3740 Ὅτι
533 3661 603 3738 σὸν
636 3661 680 3737 τὸ
714 3658 962 3758 κρότος,καί
998 3669 1068 3790 606
1100 3665 1201 3740 ἐστιν
1233 3660 1464 3760 ἡβασιῖεία,
1498 3653 1587 3791 2666

340 3758 513 3893 δόγαμις,
549 3763 613 3895 κμί
643 3763 667 3861 6
700 3762 806 3854 δόξα,
842 3771 912 3892 106
946 3762 1097 3863 πατρὸς,
1132 3763 1195 3840 καὶ
1227 3769 1296 3839 τοῦ
1320 3763 1420 3854 αῖον,
1454 3762 1587 3840 καὶτοῦ

341 3864 451 3999 ἁγίου
487 3862 708 3964 πνεύματος,
745 3872 818 3942 νῦν
852 3865 915 3941 καὶ
952 3865 1021 3958 ἀεὶ,
1057 3866 1121 3942 καί
1156 3871 1207 3951 εἰς
1241 3864 1328 3950 τοὺς
1359 3821 1520 3952 αἰῶνας
1525 3868 1587 3936 τῶν

342 3964 503 4044 αἰώνων.

504 4129 592 4224 Εὐχή
615 4129 737 4223 ιῆςθ.
759 4125 978 4242 στόσιως,ίμ
999 4132 1089 4222 λέγει
1109 4129 1162 4203 6
1151 4133 1259 4222 ιεριύς
1276 4140 1452 4221 μεσταεῖς.

426 4251 551 4352 Κύριε,
584 4253 636 4351 μὴ
668 4259 722 4350 τῷ
743 4235 873 4379 „9⁰66
908 4278 977 4329 σου
1010 4253 1204 4380 ἐλέγξῃς
1183 4261 1294 4350 ημᾶς,
1327 4253 1421 4382 μηδὲ
1447 4262 1490 4352 τῇ
1515 4250 1587 4376 ὀργῇ

342 4379 412 4433 σσα
447 4351 703 4452 παιδεύσῃς’
681 4361 797 4451 ημᾶς·
835 4353 927 4429 ἀλλὰ
964 4353 1119 4452 ποίησεν
1153 4355 1289 4482 μεθ’
1267 4364 1377 4453 ημῶν
1411 4353 1502 4432 κατὰ
1534 4347 1588 4442 τὴν

341 4454 536 4533 ἐπιείκειάν
561 4481 643 4547 σου,
669 4453 772 4551 ἰατρέ
796 4485 861 4531 και
848 4455 1100 4586 θεραπευτιί
1125 4464 1206 4533 τῶν
1223 4465 1361 4556 μαχῶν
1377 4456 1494 4556 ἡμεῖν,
1518 4449 1588 4544 ὁδο-

340 4565 423 4688 γῶν
446 4557 545 4655 ἡμεῖς
570 4558 629 4634 ἰπὶ
653 4557 784 4652 λιμένα
809 4555 1021 4656 θελήματός
1044 4581 1125 4635 σου.
1153 4557 1331 4637 Φαίτισσν
1354 4559 1477 4645 πός’
1461 4557 1536 4664 οφθ
1510 4557 1586 4630 θυιί

339 4658 436 4759 μοὺς
467 4667 545 4737 τῶν
576 4658 796 4760 καριίιῶν“
775 4667 885 4758 ημῶν
883 4716 897 4750 ,
933 4665 984 4745 εἰς
1008 4658 1210 4764 ἐπίγνωσιν
1233 4669 1299 4758 τῆς
1324 4669 1390 4760 σῆς
1415 4651 1583 4756 ἀληθείας·
