3368 5308
907 395 982 468 522

392 587 430 660 ‘0
453 587 618 674 διάκονος,
663 574 769 676 Ὑπὲρ
807 584 876 654 τοῦ
911 577 1179 676 εὐφρανθῆναι
1212 575 1349 662 αὐτοὺς
1383 578 1425 652 ἐν
1458 570 1584 675 ὁράσει

308 678 405 756 υἱῶν
430 679 494 755 καὶ
518 678 757 783 θυγατέρων,
782 685 852 754 τοῦ
871 677 1015 779 Κυρίου
1034 677 1247 776 δεηθῶμεν.

392 793 431 863 Ὁ
456 793 567 885 χορός,
613 776 740 879 Κύρίε,
766 779 924 877 ὲίιέησον.

392 893 432 963 ‘0
453 894 618 978 διάκονος,
662 880 768 980 Ὑπὲρ
789 890 858 959 τοῦ
883 881 1107 980 δωρηθῆναι
1133 879 1261 967 αὐτοῖς
1279 878 1470 964 εὐτεκνίας
1493 876 1586 954 ἀπό-

309 991 445 1060 λαυσιν
468 983 532 1060 καὶ
558 979 853 1087 ἀκατάγνωστον
877 981 1082 1087 διαγωγήν,
1108 991 1177 1060 τοῦ
1202 981 1345 1082 Κυρίου
1370 980 1585 1080 δεηθῶμεν.

365 1096 431 1182 ,Ὁ
457 1096 568 1189 χορός.
615 1080 743 1184 Κύριε,
769 1085 928 1182 ἐλέησον.
1671 1179 1672 1188 ρ

393 1196 431 1267 ‘0
454 1197 620 1282 διάκονος.
664 1185 769 1285 Ὑπὲρ
801 1193 870 1262 τοῦ
902 1185 1124 1282 δωρηθῆναι
1163 1185 1291 1268 αὐτοῖς
1324 1213 1363 1260 τε
1396 1183 1462 1258 καί
1494 1181 1586 1279 ἡμῖν

309 1283 434 1362 πάντα
459 1287 507 1360 τὰ
533 1289 625 1387 πρὸς
649 1286 838 1386 σωτηρίαν
863 1285 1063 1386 αἰτήματα,
1088 1295 1157 1362 τοῦ
1181 1285 1325 1386 Κυρίου
1351 1283 1565 1381 ἀεηθῶμεν.

394 1399 433 1470 Ὁ
457 1401 568 1488 χορός.
616 1385 743 1486 Κύριε,
769 1389 927 1487 ἐλέησον.
1337 1471 1342 1480 ,

393 1499 432 1570 Ὁ
455 1501 620 1586 διάκονος.
664 1488 769 1586 Ὑπὲρ
794 1499 863 1568 τοῦ
888 1491 1078 1590 ῥυσθῆναι
1098 1483 1236 1574 αὐτούς
1251 1517 1290 1563 τε
1307 1487 1372 1564 καί
1391 1485 1493 1584 ἡμᾶς
1514 1485 1585 1560 ἀπὸ

310 1585 431 1686 πάσης
455 1590 636 1690 θλίψεως,
675 1593 787 1694 ἀρχῆς
810 1591 875 1668 καὶ
899 1589 1076 1694 ἀνάγκης,
1109 1599 1178 1669 τοῦ
1203 1587 1346 1688 Κυρίου
1372 1587 1585 1686 δεηθῶμεν.

393 1701 432 1773 ‘O
457 1704 568 1791 χορός.
614 1689 742 1792 Κύριε,
768 1694 926 1791 ἐλέησον.
1481 1771 1484 1776 ,

393 1803 432 1875 ‘O
454 1805 617 1890 διάκονος.
660 1797 897 1894 Ἀντιλαβοῦ,
924 1803 1062 1886 σῶσον,
1090 1793 1238 1891 ἐλέησον
1266 1793 1329 1868 καί
1351 1787 1586 1892 διαφύλαξον

310 1892 410 1993 ἡμᾶς
436 1893 456 1969 ὃ
485 1895 573 1980 Θεὸς
597 1904 644 1992 τῇ
670 1905 718 1994 σῇ
741 1895 878 1995 χάριτι.

394 2005 433 2077 ‘O
457 2008 567 2100 χορός.
614 1994 742 2096 Κύριε,
768 1999 927 2096 ἐλέησον.

353 2141 355 2148 ·
394 2105 433 2178 ‘O
455 2110 620 2196 διάκονος.
674 2106 748 2198 Τῆς
772 2097 970 2204 παναγίας,
996 2093 1201 2197 ἀχράντου,
1234 2094 1587 2198 ὑπερευλογημένης,

311 2194 466 2282 ἐνδόξου
491 2197 687 2298 δεσποίνης
710 2201 820 2300 ήμῶν
856 2199 1039 2306 θεοτόκου
1063 2199 1128 2275 καὶ
1148 2197 1401 2297 ἀειπαρθένου
1416 2195 1584 2298 Μαρίας,

310 2297 405 2395 μετὰ
430 2297 586 2379 πάντων
609 2311 690 2380 τῶν
714 2304 847 2406 ἁγίων,
879 2299 1217 2402 μνημονεύσαντες,
1249 2297 1406 2385 ἑαυτοὺς
1431 2297 1497 2375 καί
1522 2299 1586 2372 ἀλ-

310 2396 454 2497 λήλους,
486 2403 550 2478 καί
582 2413 711 2483 πᾶσαν
742 2405 811 2505 τήν
837 2405 936 2503 ζωήν
960 2403 1070 2504 ἡμῶν
1094 2408 1250 2504 Χριστῷ
1274 2409 1328 2502 τῷ
1359 2405 1440 2502 Θεῷ
1466 2429 1586 2499 παρα-

311 2499 492 2598 θιάμεθα.

343 2658 346 2667 ·
395 2614 433 2686 ‘O
458 2617 569 2709 χορός.
616 2607 703 2697 Σοὶ,
724 2603 849 2707 Κύριε.

417 2805 420 2812 .
772 2735 947 2830 Ἐκφιίνως
966 2736 986 2809 ὁ
1008 2736 1125 2829 ἱερεύς.

387 2839 471 2916 Ὅτι
503 2841 630 2942 πρέπει
663 2868 723 2919 σοι
755 2851 858 2920 πᾶσα
891 2839 996 2933 δόξα,
1029 2841 1117 2939 τιμή
1149 2840 1214 2918 καὶ
1244 2837 1502 2938 πρσςκύνησις,
1534 2847 1585 2937 τη·1

312 2940 438 3040 πατρὶ,
459 2943 528 3017 -καί
552 2951 607 3042 τῷ
633 2945 718 3042 υἱῷ,
743 2945 808 3020 καί
832 2952 887 3044 τῷ
910 2944 1006 3048 ἁγίῳ
1027 2941 1225 3042 πνεύματι,
1249 2950 1323 3019 νῦν
1343 2942 1408 3019 καί
1428 2942 1502 3034 ἀεὶ,
1525 2939 1585 3016 καὶ

312 3047 363 3126 εἰς
388 3041 475 3128 τοὺς
501 3050 643 3129 αἰῶνας
661 3054 741 3123 τῶν
763 3043 925 3123 αἰώνων.
974 3081 983 3090 ·

355 3151 361 3162 “
396 3155 435 3227 ‘0
460 3156 571 3249 χορός.
612 3145 741 3245 Ἀμήν.

396 3256 433 3328 ‘0
456 3259 620 3342 διάκονος.
673 3253 751 3325 Τοῦ
775 3247 918 3346 Κυρίου
944 3245 1154 3344 δεηθῶμτν.

590 3397 663 3466 Καὶ
683 3395 702 3467 ὁ
726 3395 832 3486 ἱερεὺς
851 3393 1099 3487 μεγαλοφάνως
1118 3393 1178 3486 τήν
1199 3390 1305 3486 εὐχήν.

393 3495 437 3576 Ὁ
465 3497 552 3584 Θεὸς
576 3500 774 3600 άχραντος,
800 3500 864 3575 καὶ
889 3495 1008 3598 πάσης
1031 3497 1183 3586 κτίσεως
1207 3499 1448 3604 δημιουργὸς,
1476 3497 1497 3574 ὁ
1522 3499 1588 3594 τὴν

313 3597 479 3696 πλευράν
511 3608 579 3678 τοῦ
612 3599 847 3701 προπάτορος
864 3599 986 3699 Ἀδάμ
1012 3599 1077 3677 διά
1101 3601 1171 3699 τὴν
1196 3601 1267 3702 σήν
1293 3599 1589 3702 φιλανθρωπίαν

314 3705 364 3784 εἰς
389 3707 551 3802 γυναῖκα
572 3701 885 3804 μεταμορφάσας,
911 3703 975 3779 καὶ
994 3701 1196 3806 εὐλογήσας
1217 3701 1356 3788 αὐτοὺς
1374 3703 1440 3780 καί
1462 3701 1588 3789 εἰπιάν,

315 3800 525 3889 αὖξάνεσθε
546 3803 611 3880 καὶ
630 3803 885 3902 πληθύνεσθε,
910 3803 974 3880 καὶ
993 3803 1306 3904 κατακυριεύσατε
1327 3813 1392 3902 τῆς
1413 3814 1502 3906 γῆς,
1529 3804 1589 3880 καὶ

314 3903 549 4004 ἀμφοτέρους
589 3906 728 3991 αὐτοὺς
743 3956 747 3965 v
762 3908 804 3983 ὲν
834 3905 942 4004 μέλος
974 3905 1172 3993 ἀναδείξας
1203 3906 1268 3984 διὰ
1300 3916 1366 4004 τῆς
1398 3905 1587 4010 συζυγίας.

302 4005 452 4082 Ἕνεκεν
483 4007 557 4110 γὰρ
582 4005 720 4084 τούτου
743 4007 956 4108 καταλείφει
981 4009 1185 4110 ἄνθρωπος
1210 4009 1279 4086 τὸν
1303 4009 1445 4108 πατέρα
1471 4009 1589 4084 αὐτοῦ

313 4107 377 4183 καὶ
402 4108 471 4207 τήν
495 4109 649 4207 μητέρα,
681 4109 745 4184 καὶ
769 4106 1127 4209 προςκολληθήσεται
1151 4119 1199 4212 τῇ
1223 4109 1303 4210 ἰδίᾳ
1327 4109 1496 4214 γυναικὶ,
1528 4107 1589 4186 καί

314 4210 464 4286 ἔσονται
490 4213 525 4287 οἱ
551 4211 622 4287 δύο
648 4216 699 4294 εἰς
724 4209 845 4310 σάρκα
869 4211 981 4309 μίαν·
1017 4211 1082 4290 καί
1107 4213 1172 4298 οὓς
1199 4212 1219 4287 ὃ
1247 4214 1335 4298 Θεὸς
1360 4211 1589 4304 συνέζευξα,

315 4311 520 4407 ἄνθρωπος
544 4313 596 4410 μὴ
618 4311 818 4410 χωριζέτω.
840 4311 885 4391 ‘0
908 4314 977 4391 τὸν
1000 4310 1220 4414 θεράποντά
1245 4339 1315 4390 σου
1329 4313 1511 4414 Ἀβραάμ
1531 4313 1589 4387 εὐ-

313 4412 486 4516 λογήσας,
512 4414 575 4489 καί
596 4413 788 4500 διανοίξας
807 4414 877 4512 τήν
896 4412 1046 4514 μήτραν
1061 4414 1225 4514 Σάρρας,
1251 4415 1315 4491 καὶ
1335 4417 1479 4516 πατέρα
1501 4409 1588 4509 πλή-

313 4516 412 4600 θους
437 4519 566 4592 ἐθνῶν
592 4513 758 4614 ποιήσας,
786 4516 806 4592 ὃ
831 4516 900 4593 τὸν
915 4517 1045 4594 Ἰσαάκ
1069 4525 1116 4616 τῇ
1133 4517 1304 4620 Ῥεβέκκα
1323 4513 1587 4619 χαρισάμενος,

312 4614 377 4691 καί
412 4617 480 4697 τὸν
514 4615 625 4696 τόκον
661 4619 776 4718 αὐτῆς
811 4616 1025 4722 εὐλογήσας,
1063 4619 1083 4696 ὁ
1118 4619 1186 4708 τὸν
1214 4617 1352 4722 Ἰακώβ
1388 4627 1435 4716 τῇ
1457 4614 1587 4715 Ῥαχὴλ
