3360 5304
927 422 999 496 178

322 611 371 708 qil
398 610 565 683 Sacerdos
593 620 624 683 et
652 609 854 706 discooperit
880 617 1116 695 reuomente,
1135 611 1294 708 ooserons
1320 606 1430 680 oelooi
1455 630 1521 703 quo
1549 615 1607 677 tc-

322 714 506 809 qebontssr:
533 713 697 786 benedicit
723 713 896 784 incensum
922 723 955 784 et
981 712 1063 785 dicit
1092 709 1267 796 Coroneus,
1294 709 1366 782 olto
1390 732 1481 781 ooco.

400 830 548 904 Gratis
575 830 746 904 Domini
774 830 915 902 nostri
942 830 1039 902 lcsu
1060 828 1248 902 Christi:
1277 825 1607 900 etcnritnsllei

322 1151 383 1202 quae
401 1143 581 1186 consecuntur.
616 1133 736 1184 Sacerdos
760 1135 864 1185 secessit
887 1141 913 1183 ut
930 1141 992 1194 orel,
1017 1139 1042 1184 nt
1060 1133 1112 1183 eius
1130 1132 1304 1182 intercessione
1321 1145 1367 1198 pax
1385 1129 1563 1194 multiplicetur
1580 1130 1607 1180 iu

321 1221 397 1272 robis.
433 1220 522 1270 Oculos
540 1226 633 1268 vestros
651 1219 766 1268 deorsum
784 1219 910 1280 demittite,
928 1227 952 1268 et
970 1227 1073 1268 mentem
1092 1212 1195 1266 uestram
1214 1217 1341 1280 diligenter
1363 1222 1445 1266 curate
1463 1215 1486 1265 ιιι
1505 1214 1608 1264 eoelum

321 1305 415 1356 leuare:
439 1305 514 1368 petite
531 1311 555 1354 et
572 1303 699 1354 obsecrata
717 1303 764 1354 huc
781 1311 905 1368 tempore:
930 1315 1050 1368 nemoque
1068 1301 1135 1366 loqui
1153 1301 1253 1352 audeat:
1277 1308 1301 1350 ιι
1319 1301 1360 1365 qui
1377 1308 1432 1352 urat
1448 1299 1524 1350 corde
1543 1305 1609 1360 uret,

321 1390 345 1440 ia
363 1389 461 1440 silentio
480 1397 504 1440 et
521 1397 627 1440 tremore
645 1396 816 1452 permanente:
835 1402 881 1453 pax
898 1388 1034 1438 nobiscum.
1069 1387 1102 1436 lta
1122 1387 1145 1436 in
1159 1386 1230 1436 llisss
1242 1384 1393 1444 llalabarica,
1411 1385 1471 1434 satis
1489 1383 1608 1434 obscure.

321 1475 348 1524 ln
373 1474 422 1524 illis
446 1473 525 1524 tarbis
543 1472 619 1523 latent
636 1473 755 1523 termulae
772 1482 864 1523 veteres
883 1473 1045 1522 hortationum
1065 1487 1078 1520 ιι
1096 1471 1209 1521 lliecouis
1227 1470 1274 1520 alta
1293 1484 1349 1519 soce
1368 1469 1524 1534 pronunciari
1543 1467 1609 1517 soli·

321 1566 409 1608 tarum.
444 1555 562 1624 Στῶμεν
585 1553 682 1618 καλῶς,
707 1549 885 1622 πρόσχωμεν.
919 1555 987 1620 Apud
1012 1555 1149 1606 orientales
1174 1555 1335 1616 Christianus,
1359 1562 1386 1603 ιιι
1407 1553 1470 1602 inter
1493 1553 1606 1604 Graecus

321 1641 373 1694 fleri
392 1642 466 1700 solet,
485 1641 555 1707 punis
574 1649 598 1690 et
615 1639 675 1690 calix
693 1649 789 1704 praeter
807 1641 930 1703 singulare
948 1640 1025 1690 uelum
1044 1654 1092 1705 quo
1111 1649 1212 1704 uterque
1229 1639 1327 1702 tegitur,
1351 1637 1436 1688 maiori
1454 1637 1521 1701 quod
1540 1639 1608 1686 bus·

321 1727 423 1792 phorum
442 1727 495 1790 Syri
514 1727 554 1776 elii
574 1733 667 1786 nocent,
686 1726 809 1789 operitur:
834 1725 929 1776 tollitur
945 1733 1024 1776 antem
1044 1725 1122 1776 maius
1141 1724 1209 1786 illud,
1234 1737 1287 1774 cum
1306 1723 1419 1786 incipitur
1437 1735 1505 1772 secra
1525 1721 1606 1770 aeliu:

321 1813 392 1862 etde
411 1811 453 1861 illo
473 1811 532 1860 haec
549 1809 652 1860 {lubrice
671 1810 825 1872 intelligenda
844 1819 889 1870 est,
914 1825 962 1859 non
982 1811 1012 1859 de
1031 1809 1174 1869 minoribns,
1193 1809 1339 1859 Graecorum
1359 1808 1404 1857 bac
1421 1806 1444 1855 in
1463 1813 1535 1870 parte
1552 1804 1607 1853 dis·

320 1895 443 1959 ciplinsm,
468 1909 529 1960 quse
554 1909 631 1959 prope
655 1895 739 1945 eadem
758 1904 794 1946 est
812 1897 866 1945 tuse
885 1904 908 1945 et
926 1902 1038 1944 accurate
1056 1893 1159 1958 explicet
1178 1894 1280 1944 Gusrius
1298 1891 1327 1942 ad
1346 1891 1477 1953 liturgiam
1496 1889 1609 1952 Chryso·

320 1980 400 2030 stumi.
437 1979 497 2030 ilinc
515 1980 599 2043 incipit
617 1977 736 2029 Praelatio
755 1986 782 2030 ut
799 1979 868 2040 vulgo
888 1977 998 2028 dicimus.
1034 1979 1103 2037 Quod
1128 1985 1207 2028 sotem
1225 1977 1257 2027 ita
1276 1976 1328 2040 Syri
1347 1975 1483 2026 orientales
1501 1987 1607 2038 expres·

319 2065 520 2116 serintGruecam
539 2063 667 2112 iormolem
680 2051 754 2110 ’Ἁνω
772 2055 820 2117 τὰς
836 2059 960 2126 καρδίας,
979 2071 1003 2112 et
1021 2063 1067 2111 sliu
1086 2062 1236 2112 addiderint:
1255 2069 1280 2112 nt
1292 2061 1342 2122 illa,
1361 2059 1424 2126 apud
1438 2067 1461 2109 ιι
1470 2067 1529 2109 sunt
1539 2058 1607 2106 lleus

319 2147 449 2208 lbralrrm,
474 2148 537 2196 Deus
555 2147 632 2207 lsaac,
656 2146 722 2196 lleus
739 2145 824 2205 lsruel,
850 2147 907 2196 ieris
932 2147 1048 2198 momenti
1072 2155 1118 2206 est,
1144 2161 1197 2196 cum
1215 2145 1334 2196 sententia
1353 2144 1436 2195 eadem
1456 2144 1495 2193 ιιι.
1533 2141 1607 2202 Quod

319 2233 429 2296 sequitur
446 2230 543 2281 Oblatio
562 2229 612 2280 lico
631 2231 738 2280 omnium
750 2230 852 2279 llomino
871 2231 980 2292 offertur,
997 2231 1055 2280 resti
1074 2239 1155 2295 potest
1172 2238 1195 2280 et
1212 2245 1272 2282 sane
1290 2229 1378 2280 melius
1395 2228 1542 2279 sacrificium
1553 2226 1606 2277 Deo

320 2317 435 2368 offertur:
453 2329 496 2366 roa
515 2316 579 2366 euim
599 2316 651 2379 ipss
670 2329 732 2379 qnae
750 2316 850 2379 proprie
868 2323 892 2366 ιι
909 2315 939 2374 ud
956 2314 1055 2364 uerbum
1073 2307 1245 2381 nqorspopu'r,
1264 2315 1463 2365 senoblutiunem
1474 2311 1607 2374 signifieat,

319 2415 365 2466 pro
388 2401 507 2451 sacrillcic
532 2401 633 2463 proprie
657 2400 721 2449 dicto
745 2400 888 2464 saepissime
907 2406 1046 2463 usurpetur.
1083 2401 1145 2450 llaec
1162 2414 1219 2450 roro
1237 2400 1308 2450 rerba
1325 2399 1349 2449 in
1368 2398 1422 2448 aliis
1440 2396 1536 2447 Oitlciis
1555 2410 1608 2446 nun

318 2486 481 2550 reperiuntur,
506 2484 549 2534 sed
566 2497 650 2534 corum
669 2484 724 2535 loco
744 2485 838 2535 Grotius
857 2498 955 2546 egemus
974 2482 1084 2534 homino.
1121 2484 1184 2534 lllud
1202 2499 1298 2549 quoqne
1316 2483 1438 2546 sinqnlure
1456 2488 1495 2530 est
1512 2481 1538 2529 in
1556 2481 1607 2530 ritu

318 2569 472 2630 Nestoriano,
496 2567 561 2633 quod
586 2568 747 2632 interponitur
771 2569 862 2619 incensi
887 2569 1019 2633 impositio,
1043 2568 1161 2618 elocutio
1180 2577 1282 2630 secrete,
1306 2569 1336 2619 ad
1354 2567 1454 2630 pretium
1473 2564 1607 2631 postulan-

319 2654 384 2714 dam,
409 2667 463 2703 cnm
487 2652 512 2701 iu
536 2651 590 2701 aliis
608 2651 699 2702 Olticiis
718 2653 797 2703 statim
816 2659 873 2718 post
889 2653 992 2715 lliqnum
1011 2661 1034 2702 et
1052 2653 1141 2703 iustum
1160 2660 1198 2703 est
1215 2653 1334 2704 Sacerdos
1352 2651 1451 2716 incipiet
1469 2649 1608 2714 praelatio·

319 2751 374 2788 nem
400 2737 430 2787 eb
454 2737 539 2787 iisdem
564 2735 651 2797 serbis,
675 2751 777 2802 eamque
801 2751 849 2787 uno
874 2745 958 2808 tenore
977 2751 1053 2801 nsque
1071 2737 1100 2786 ad
1120 2738 1233 2802 hymnum
1252 2737 1413 2788 cherubicum
1429 2742 1608 2798 prosequatur.

319 2823 344 2873 lu
363 2822 493 2873 codicibus
512 2821 634 2870 Ecclesiae
652 2821 811 2872 llalaburicae
834 2821 922 2883 ιιιιιιιι
946 2821 1029 2870 eadem
1049 2824 1135 2883 orsliu,
1161 2831 1186 2872 ιιι
1203 2831 1342 2888 sequentes,
1365 2819 1498 2884 inquibus
1517 2820 1607 2869 iterum

319 2907 563 2958 commemorationes
587 2907 646 2955 ιιιιιιι
670 2913 823 2968 ιιιιιιοιιιιιι;
849 2919 902 2956 mox
927 2907 1031 2955 rivorum
1056 2915 1080 2954 et
1104 2915 1265 2968 mortuorum,
1290 2906 1355 2971 quod
1373 2905 1397 2955 in
1415 2904 1469 2954 aliis
1490 2904 1607 2965 liturgiis

318 2993 461 3042 observator
479 2998 533 3040 unte
552 2991 769 3051 consecrationem,
788 2989 904 3055 prolixius
923 2991 995 3040 etium
1013 2990 1142 3055 aliquando
1160 2991 1292 3040 interiectis
1310 2989 1408 3040 lliacuui
1427 2989 1608 3038 monitionibus

319 3077 349 3127 ad
368 3075 495 3134 orandum,
515 3081 538 3124 ιι
556 3073 640 3139 populi
660 3075 783 3140 precihus,
802 3075 871 3138 llyrie
890 3075 993 3135 eleison,
1012 3077 1158 3139 repetentis:
1177 3085 1202 3126 ut
1220 3074 1363 3140 praesertim
1381 3075 1404 3123 in
1417 3071 1489 3122 Murci
1501 3074 1606 3132 Graeca,

318 3169 343 3212 et
360 3160 442 3225 Cprilli
462 3159 569 3225 Coptica,
594 3174 655 3224 quae
679 3167 736 3209 suut
760 3159 852 3209 eadem.
890 3159 915 3208 ln
934 3159 1038 3224 Syriacis
1057 3159 1217 3210 lseobiternm
1236 3159 1316 3209 statim
1334 3157 1475 3224 proceditur
1493 3158 1526 3207 ad
1544 3171 1607 3206 con·

317 3247 487 3296 secretionem.
524 3244 549 3294 lu
568 3243 621 3294 llltn
640 3244 725 3295 balino
744 3245 987 3295 commemorationes
1006 3252 1154 3304 sanctornm,
1173 3251 1197 3292 et
1214 3245 1319 3294 rivorum
1336 3243 1535 3307 praemittuntur,
1559 3243 1605 3291 sed

316 3329 472 3395 paucioribus
490 3328 576 3379 serbis.

404 3413 523 3464 Praelatio
541 3413 719 3463 Theodori:
743 3413 845 3463 Sursum
870 3415 894 3464 ιιι
919 3413 1008 3464 ιιιιιιι
1032 3412 1186 3472 sublimibus,
1214 3413 1237 3464 in
1254 3413 1355 3476 regione
1373 3411 1479 3462 timenda
1498 3411 1604 3474 gloriae,

317 3497 358 3548 uhi
377 3513 426 3547 non
445 3507 542 3546 cessent
560 3496 690 3546 Cherubim
710 3497 762 3546 alas
780 3511 838 3546 suas
856 3497 955 3559 agitare,
979 3513 1057 3563 nequo
1076 3499 1188 3548 desinunt
1206 3497 1272 3546 lubili
1292 3505 1316 3548 et
1334 3496 1418 3548 laudes
1435 3510 1523 3546 sueres
1541 3511 1604 3546 san-

318 3581 487 3630 ctiticationum
507 3579 643 3643 Seraphim,
662 3580 696 3630 ibi
714 3581 763 3631 siut
781 3589 874 3630 mentes
892 3589 993 3631 restrae.
1029 3584 1059 3632 Ει
1077 3581 1233 3646 respondent.
1252 3581 1313 3631 Snul
1330 3581 1395 3646 epod
1413 3590 1435 3630 ιι
1444 3581 1516 3630 llens.
1555 3581 1604 3628 Sn-

318 3664 405 3714 oerdos
422 3664 587 3727 prosequitur.
615 3662 711 3713 oblatio
738 3665 786 3713 rire
812 3672 835 3714 et
858 3665 1008 3715 rutionohilis
1032 3665 1192 3730 primitiarum
1216 3674 1365 3726 nostrarum,
1389 3666 1533 3729 riclimsque
1552 3677 1605 3713 non

318 3748 450 3807 immolata,
469 3755 493 3796 et
510 3747 665 3810 acceptabilis
684 3747 851 3810 stiliconem
870 3751 954 3810 nostri,
980 3765 1024 3814 pro
1043 3747 1157 3801 omnihus
1176 3751 1293 3800 creatoris
1312 3749 1450 3809 uulsarsim,
1474 3747 1526 3798 Deo
1545 3763 1603 3799 om-

317 3834 384 3883 nium
404 3832 506 3882 llomino
526 3833 634 3882 ollertor.
671 3831 701 3881 Ει
717 3833 874 3896 respondent
899 3833 1000 3896 Dignum
1020 3842 1043 3884 et
1062 3835 1149 3884 iustum
1169 3843 1214 3885 ιιι.
1249 3833 1378 3885 biriconus.
1397 3835 1444 3884 l'aa
1462 3833 1602 3882 uobiscum.

317 3917 438 3968 Sacerdos
456 3924 558 3966 secreto.
578 3915 680 3978 Dignum
699 3924 736 3966 est
754 3915 856 3967 Domine
874 3919 989 3982 quotidie,
1006 3927 1030 3969 ct
1047 3920 1135 3968 iustum
1155 3921 1220 3969 onrni
1239 3928 1358 3984 tempore,
1382 3929 1535 3984 aequumque
1554 3914 1603 3964 bo-

317 4004 351 4053 ris
369 4001 482 4053 omnihus
501 4002 591 4063 gratias
609 4015 680 4063 egere
698 4002 790 4052 nomini
809 4010 849 4052 tuo
868 4012 962 4065 sancto,
981 4012 1005 4054 ιι
1021 4005 1123 4055 adorare
1143 4006 1292 4054 maiestotem
1310 4011 1375 4054 tuam
1389 3999 1602 4062 inomnlreqione

316 4095 340 4138 et
359 4087 429 4137 locu:
447 4093 470 4136 te
489 4085 553 4135 licus
572 4085 642 4136 Putes
659 4087 764 4136 veritatis
783 4088 822 4152 qui
841 4089 924 4138 existis
941 4089 970 4138 uh
990 4097 1096 4150 esterno,
1116 4098 1140 4139 et
1157 4089 1243 4138 l'ilinm
1261 4095 1329 4138 tuum
1346 4087 1496 4150 unigenitum
1513 4084 1601 4134 Dumi-

316 4186 375 4222 num
400 4178 511 4222 nostrum
534 4170 615 4220 lesum
635 4171 765 4231 Christum,
790 4181 814 4220 et
831 4173 948 4238 Spiritum
967 4182 1076 4225 ιιιιιιιιιιι
1102 4176 1125 4224 in
1144 4174 1241 4224 saecula
1259 4173 1428 4223 saeculorum:
1452 4171 1508 4235 quia
1528 4178 1553 4220 ιιι
1571 4185 1601 4218 ιι

315 4255 433 4306 llomiuus
452 4263 475 4306 ιι
493 4255 605 4306 conditur
628 4256 736 4307 omnium
755 4255 883 4308 visibilium
902 4266 926 4308 et
944 4258 1112 4309 invisibilium:
1137 4260 1176 4324 qui
1195 4273 1239 4324 per
1257 4257 1343 4308 Filium
1361 4265 1428 4308 tuum
1446 4256 1600 4318 unigenitum

316 4338 391 4390 ileum
410 4341 511 4390 llerbum
538 4341 578 4404 qui
602 4349 640 4391 est
663 4341 703 4390 lua
727 4341 819 4404 glorius
844 4350 908 4404 tuae,
930 4351 954 4392 et
978 4342 1095 4407 splendor
1119 4357 1146 4394 ex
1169 4350 1194 4394 te
1218 4345 1345 4407 imaqoqoe
1362 4341 1513 4391 substantiae
1531 4347 1599 4400 tuae,

316 4425 402 4474 creasti
428 4433 452 4476 et
475 4411 621 4476 constituisti
645 4425 740 4476 coelum
763 4433 787 4476 ιι
809 4435 908 4488 terram,
933 4435 957 4477 ot
980 4429 1060 4478 omnia
1087 4442 1149 4492 quse
1174 4429 1198 4479 in
1216 4430 1252 4478 aia
1269 4435 1334 4478 sont
1369 4425 1399 4476 Ει
1416 4425 1599 4490 perspiritum

315 4514 434 4568 sonetum,
452 4508 568 4572 Spiritum
587 4509 701 4570 veritatis,
719 4511 760 4574 qui
779 4524 807 4560 ιι
825 4519 847 4560 ιι
866 4520 902 4562 ιιι
914 4512 992 4573 Ριιιι,
1010 4523 1095 4563 omnes
1113 4521 1214 4563 nuturse
1231 4511 1371 4572 rationales,
1389 4509 1498 4560 risibiles
1517 4517 1541 4558 et
1559 4510 1599 4558 iu-

315 4590 421 4640 risibiles
440 4593 616 4654 confortentur,
634 4595 823 4657 sencitrtcautur,
840 4596 974 4662 dignaeque
992 4597 1060 4656 ιιιιιιι,
1079 4597 1199 4646 retereutt
1219 4596 1315 4647 laudem
1334 4595 1450 4646 divinitati
1467 4603 1523 4646 ιιιιι
1537 4594 1599 4643 sdu·

313 4673 413 4726 rendae.
448 4676 508 4736 Quis
534 4693 616 4730 corum
634 4687 657 4730 te
674 4679 746 4730 Pater
770 4693 835 4744 rere,
862 4689 887 4732 et
912 4696 994 4732 curem
1019 4680 1080 4732 Filio
1108 4689 1148 4730 tuo
1175 4680 1297 4752 unigenite
1315 4679 1419 4732 hominu
1436 4689 1523 4734 nostro
1539 4679 1597 4724 10⁸²
