3388 5304
710 429 779 503 561

106 604 141 672 ἐκ
163 612 227 673 τοῦ
249 607 361 688 δεξιοῦ
381 609 512 694 μέρους.
544 605 582 677 ‘0
604 610 644 678 δὲ
662 609 908 700 χαρτοφύλαξ’)
935 611 974 681 ἐκ
993 621 1054 682 τοῦ
1086 611 1262 704 ἀριστεροῦ
1284 619 1386 688 δίδω-

105 729 159 774 σιν
182 703 275 795 αὐτῷ
294 706 415 798 χάρτην
437 700 521 797 ίνῷ
542 713 736 800 γέγραπται,
760 710 791 782 εί
810 714 873 800 μὲν
893 713 1099 806 πατριάρχης
1120 717 1212 786 ἐστίν
1232 716 1252 786 δ
1275 745 1385 810 χειρο-

105 815 224 891 τονῶν,
244 815 364 876 ταῦτα·

199 911 319 1012 Ψήφῳ
351 915 414 989 καὶ
446 913 648 1014 δοκιμασίᾳ
673 925 751 992 τών
777 915 989 1016 ίερωτύτων
1014 929 1296 1016 μητροπολιτιῦν
1321 923 1384 998 καὶ

106 1013 410 1109 ἀρχιεπισκύπων
450 1019 515 1091 καί
556 1018 775 1093 ἐπισκόπων.
827 1031 871 1102 Εἰ
898 1034 937 1102 δὲ
962 1033 1225 1127 μητροπολίτης,
1261 1045 1382 1108 ταῦτα·

112 1116 234 1214 Ψήφῳ
260 1116 327 1190 καὶ·
348 1117 549 1216 δοκιμασίᾳ
574 1127 652 1194 τῶν
667 1119 981 1218 ’θεοφιλεστάτων
1001 1120 1210 1198 ἐπισκόπων
1225 1127 1384 1201 καὶτῶν

105 1215 327 1292 ὁσιωτάτων
362 1220 667 1319 πρεσβυτίρωνά)
716 1221 765 1295 Ἡ
797 1224 885 1296 θεία
917 1221 1047 1319 χάρις,
1082 1223 1104 1321 ἡ
1141 1221 1299 1301 πάντοτε
1335 1227 1384 1302 τά

105 1322 256 1416 ἀσθενῆ
283 1317 557 1416 θεραπεύουσα,
584 1323 647 1396 καὶ
672 1321 718 1395 τά
745 1323 956 1400 ἐλλείποντα
985 1328 1264 1422 ἀναπληροῦσα,
1290 1357 1380 1426 προ·

101 1420 304 1517 χαρίζεται
337 1421 404 1496 τδν
437 1421 557 1511 δεῖνα,
588 1424 655 1499 τὸν
681 1427 972 1524 θεοφιλέστατον
1005 1428 1271 1524 πρεσβύτερον,
1305 1429 1382 1504 ε’πί-

105 1550 250 1601 σκοπον
275 1531 339 1619 τῆς
364 1521 581 1598 θεοσώστου
608 1522 758 1612 πόλεως,
784 1527 900 1622 τήςδε.
957 1526 1168 1622 Εὐξώμεθα
1194 1527 1263 1605 οὖν
1289 1531 1382 1630 ὑπὲρ

105 1625 242 1713 αὐτοῦ,
277 1627 340 1700 ἵνα
373 1627 466 1720 ἔλθη
499 1627 556 1699 ἐπ’
588 1627 704 1701 αὐτὸν
728 1625 751 1722 ή
775 1627 885 1723 χάρις
909 1635 977 1704 τοῦ
1003 1631 1190 1730 παναγίσυ
1216 1631 1383 1722 πνεύμα-

104 1755 179 1810 τος·
234 1740 305 1808 Καὶ
327 1737 362 1808 σί
382 1747 443 1808 τοῦ
456 1737 616 1828 βήματος,
636 1741 694 1810 καὶ
716 1739 750 1810 oi
771 1742 864 1824 ἐκτὸς
884 1728 927 1812 τύ
958 1727 1072 1827 Κύριε
1098 1733 1269 1828 ἐλέησον,
1301 1746 1382 1834 τρίς.

101 1840 363 1927 Ἐπιδιδομένοο
384 1841 495 1910 τοίνυν
514 1849 574 1910 τοῦ
595 1841 750 1911 τοιούτου
769 1843 892 1933 χάρτου
913 1851 962 1934 τῷ
982 1843 1137 1936 ἀρχιερεῖ,
1160 1847 1217 1917 καὶ
1230 1855 1290 1916 τοῦ
1303 1873 1384 1936 χαρ-

103 1941 298 2034 τοφύλακος
312 1939 333 2032 ή
347 1949 408 2010 τοῦ
423 1938 654 2031 ἀρχιδιακόνου
672 1944 825 2033 λέγοντος
844 1946 884 2013 τὸ
910 1932 1157 2030 Πρόσχωμεν,
1179 1945 1384 2038 ύάρχιερεύς

104 2043 326 2134 ἀναγινώσκει
346 2045 389 2112 τά
409 2045 616 2132 γεγραμμένα
638 2043 686 2124 είς
708 2043 853 2134 ἐπήκοον
874 2054 939 2115 τών
959 2049 1200 2138 περιεστώτων,
1225 2053 1283 2120 καί
1296 2050 1384 2120 πάν-

103 2173 173 2214 των
195 2143 395 2236 φωνούντων
414 2147 453 2214 τὸ
485 2131 598 2230 Κῦρίὲ
623 2133 783 2230 ἐλέησον-ι
816 2145 861 2228 ώς
882 2148 1147 2244 προδεδήλωται,
1177 2148 1384 2220 ἀναπτύσσει

104 2248 144 2314 τὸ
168 2244 360 2336 εύαγγέλιου
382 2244 400 2316 ὁ
423 2243 599 2336 ἀρχιερεύς,
621 2248 679 2316 καί
699 2246 877 2340 ἐπιτίθησι
898 2259 937 2342 τῇ
957 2254 1086 2343 κεφαλῇ
1099 2253 1155 2321 καί
1170 2260 1217 2342 τῷ
1232 2251 1383 2342 τραχήλῳ

105 2356 168 2416 τοῦ
193 2349 497 2436 χειροτονοομίνου,
526 2350 829 2437 συνεφαπτομένου
855 2353 912 2420 καί
938 2359 1002 2419 τών
1031 2348 1141 2421 ἀλλων
1163 2351 1395 2444 άρχιερέωνδ),

103 2446 193 2518 Εἶτα
221 2456 330 2520 ποιῶν
357 2451 519 2538 σταυροάς
544 2456 632 2538 τρεῖς
653 2450 714 2519 tat
734 2458 792 2538 τῆς
813 2454 961 2544 κεφαλῆς
983 2449 1095 2535 αὐτοῦ,
1124 2456 1186 2524 καὶ·
1203 2453 1284 2540 ἔχων
1306 2457 1385 2525 ἐπι-

105 2551 262 2641 κειμένην
283 2547 373 2640 αύτῷ
394 2551 453 2640 τὴν
473 2557 577 2640 χεῖρα,
600 2546 730 2637 εύχεται
752 2551 866 2634 οὕτως.

193 2655 365 2730 Δέσποτα
391 2653 503 2752 Κύριε
538 2661 558 2729 ὁ
587 2655 673 2739 Θεὸς
705 2656 827 2752 ήμῶν,
865 2657 1170 2758 ὁνομσθετήσας
1202 2659 1293 2757 ἡμῖν
1318 2661 1384 2737 διὰ

109 2767 176 2832 τοῦ
210 2754 459 2854 πανευφήμου
494 2783 563 2832 σου
590 2757 798 2834 ἀποστόλου
825 2757 997 2850 Παύλου,
1030 2762 1204 2857 βαθμῶν
1229 2764 1293 2837 καὶ
1316 2794 1385 2838 τα-

106 2856 268 2960 γμάτων
303 2857 410 2944 τάξιν
446 2864 496 2944 εἰς
531 2858 573 2934 τὸ
610 2862 909 2956 ἐξυπηρετεῖσθαι
949 2865 1012 2937 καὶ
1048 2871 1272 2966 λειτουργεῖν
1308 2873 1384 2951 τοῖς

108 3013 417 3028 ———-————-—n

198 3084 221 3143 l)
247 3082 421 3144 concolonus,
445 3085 484 3147 qui
513 3084 542 3132 τΙι
561 3084 740 3132 commentariis
758 3093 803 3132 εει.
838 3083 981 3133 Simeon:
1001 3077 1015 3132 ὀ
1033 3079 1064 3132 δέ
1083 3077 1114 3132 τά
1132 3083 1187 3131 τών
1204 3080 1302 3148 ίερίιον
1320 3083 1384 3134 ἀττι-

107 3168 205 3216 στιιτεῖ
226 3165 273 3215 καὶ
296 3162 420 3215 εύτακτεῖ
443 3157 555 3221 τούτους
577 3166 625 3214 καὶ
642 3163 741 3229 ἐρευνᾷ
760 3157 790 3214 τά
809 3165 874 3228 nupt
890 3159 994 3214 ιιύτιῡν·
1019 3169 1245 3233 προςαγομένους
1268 3162 1382 3227 ἐξετάζει

107 3251 156 3300 καὶ
180 3244 252 3316 πρὸς
275 3245 304 3300 τὸ
328 3249 459 3316 ίεράσάαι
475 3245 615 3317 προςάγει,
639 3250 686 3298 καλ
704 3243 735 3298 τά
753 3247 807 3298 τών
823 3240 925 3315 γάμων
942 3253 1069 3318 νομίμως
1086 3250 1223 3316 φροντίζει
1240 3253 1383 3316 γίνεσθαι·

107 3333 140 3385 uti
166 3334 223 3384 τών
246 3331 406 3384 ίττισκάιτων
426 3332 456 3384 δὲ
480 3333 527 3384 καλ
545 3329 577 3384 τά
595 3334 648 3384 τών
665 3334 783 3398 κρίσεων
801 3331 973 3398 ἐξυπηρετεῖν
990 3325 1177 3401 δικαιώματα·
1201 3330 1319 3402 γνώμην
1336 3337 1385 3386 τοῦ

106 3413 242 3490 ίεράρχου
260 3417 307 3468 καλ
324 3414 356 3468 τά
373 3409 560 3487 ὑπομνήματα
579 3413 730 3485 φυλάσσει·
746 3418 793 3467 κιιλ
809 3417 865 3484 γάρ
882 3413 952 3474 utos
968 3411 983 3480 ἡ
1002 3416 1078 3476 δεξίσ
1094 3415 1151 3468 ἔστι
1168 3418 1216 3470 τοῦ
1227 3415 1383 3488 ἀρχιερέως.

195 3505 221 3567 λ)
240 3505 342 3556 Grandis
360 3513 397 3555 eut
414 3513 438 3554 ot
455 3505 581 3554 soitomnio
600 3505 769 3555 iturooiturum
787 3506 855 3556 ritus.
891 3503 1027 3554 Putrioroho
1046 3504 1182 3568 genuflectit
1201 3519 1281 3555 norom
1299 3506 1383 3558 Etooto

108 3601 131 3641 tt
150 3592 182 3641 ito
208 3591 281 3640 dicit:
307 3589 411 3654 Spiritus
428 3590 530 3639 Sonotnu
548 3597 614 3639 uocat
633 3598 664 3647 ιε,
684 3599 708 3638 ut
726 3592 760 3638 uis
779 3589 913 3654 Episcopus
931 3597 972 3638 not
990 3588 1138 3654 Metropolim
1156 3603 1201 3654 pro
1221 3591 1274 3640 ioco
1292 3591 1320 3641 tt.
1355 3592 1385 3644 Et

108 3677 274 3736 genuflectunt
291 3689 376 3723 omnes
394 3699 427 3710 -
446 3673 532 3723 deindo
551 3675 621 3723 etioni
642 3673 737 3724 Eiectos
756 3676 859 3739 prouidit
875 3675 899 3722 in
918 3675 1003 3723 sociem
1022 3689 1090 3724 suom
1109 3689 1190 3723 corum
1206 3675 1342 3726 Potriorcho
1360 3685 1384 3726 ει

108 3763 180 3810 dicit:
200 3759 332 3810 Consentio
351 3767 375 3808 ot
392 3767 499 3822 ucoopto.
909 3823 910 3826 Ἴ

196 3843 223 3903 3)
238 3844 380 3894 Simeon:
405 3867 436 3878 —
456 3838 604 3902 δηλοῦντος
619 3840 669 3890 τοῦ
686 3840 768 3907 ἔργον
786 3833 822 3898 ώς
840 3839 888 3892 τάν
905 3834 1028 3906 Χριστὸν
1046 3839 1101 3906 ἔχει
1118 3835 1251 3907 κεφαλήν,
1276 3837 1384 3909 κεφαλή

108 3927 155 3990 τῆς
178 3925 324 3988 ἐκκλησίας
346 3919 496 3993 γινόμενος
519 3928 566 3976 καλ
588 3918 680 3976 πάντα
705 3925 736 3976 τά
763 3927 808 3976 τοῦ
827 3925 949 3989 Χριστοῦ
971 3923 1074 3975 είδίνιιι
1098 3924 1194 3976 τούτον
1218 3925 1265 3976 καλ
1287 3926 1383 3978 πᾶσαν

108 4009 184 4076 ἔχειν
209 4007 259 4072 τήν
283 4007 389 4075 γνώσιν
414 4003 507 4071 αὐτοῦ,
532 4003 569 4066 ώς
591 4007 709 4075 ἐγχωρεῖ
731 4011 777 4059 καλ
801 4009 864 4075 περὶ
883 4003 911 4059 uti
931 4001 1097 4074 ήγεμονικόν
1114 4004 1199 4058 αὐτοῦ
1216 4013 1319 4059 τίθεται
1336 4009 1384 4059 καλ

109 4087 201 4146 πάντα
220 4093 289 4143 νοῦν
306 4093 353 4142 καλ
370 4084 456 4159 λόγον
473 4093 520 4143 καὶ
538 4089 586 4150 uis
603 4091 747 4156 αἰσθήσεις
763 4094 868 4142 τυποῡν
885 4093 932 4142 καὶ
949 4091 1092 4161 ῥυθμίζειν
1108 4087 1177 4142 κατά
1196 4091 1319 4160 Χριστὸν
1335 4094 1384 4144 καλ

107 4173 164 4232 ύτιά
182 4174 231 4232 τὸν
249 4171 332 4240 ζυγὸν
348 4177 396 4227 τοῦ
409 4177 531 4243 Χριστοῦ
548 4174 651 4243 αάχίνα
669 4177 716 4226 καλ
731 4174 822 4243 μηδὲν
839 4172 968 4244 πράττειν
985 4172 1062 4244 παρά
1079 4169 1195 4242 γνώμην
1211 4175 1303 4229 αὐτοῦ.
1321 4179 1383 4230 Coti.

110 4267 184 4316 Lini.
203 4281 228 4330 p.
239 4264 289 4314 249
297 4279 334 4328 sq.
370 4264 447 4315 Latini
465 4264 633 4315 otNootouioui
652 4264 734 4314 iubent
750 4263 857 4314 codicem
869 4263 1033 4327 Ετεορείίειιτο
1053 4263 1186 4314 ordinando
1205 4263 1295 4326 imponi
1314 4271 1383 4314 τιτλε-

109 4365 181 4416 quom
201 4359 296 4402 τελεττε
314 4348 509 4400 consecratori„
527 4363 612 4411 proces
630 4350 773 4398 recitentur:
793 4351 876 4400 ίίτοεεί
894 4364 959 4408 uero,
976 4349 1038 4411 Syri,
1053 4347 1181 4396 ttarootne
1199 4361 1251 4396 eoru
1264 4350 1383 4398 coerimo-

110 4436 173 4485 nioun
192 4443 243 4486 tum
263 4435 314 4482 {leti
333 4434 508 4496 praescribunt.
528 4443 654 4498 postquam
673 4435 835 4484 Consecratur
854 4449 948 4482 σιυιιιιιτι
968 4434 1038 4496 cupiti
1058 4433 1183 4481 ordinintti
1203 4433 1325 4496 imposuit,
1344 4434 1382 4483 di-

111 4535 182 4570 cenu:
203 4518 284 4568 Divino
303 4519 377 4580 ρτελλε
397 4526 442 4568 eto.
465 4517 601 4567 Nestouioni
621 4517 701 4579 Ιεραοι
720 4517 970 4580 ετειτορελίολλιιιίι.
985 4517 1022 4576 16,
1035 4515 1140 4566 13-18.
1161 4515 1263 4576 tontt,
1275 4517 1382 4568 io-i'i.

111 4605 252 4670 impositum
272 4601 423 4664 Euangeliou
442 4609 531 4662 tonent,
556 4601 633 4652 donoc
660 4617 745 4666 procos
772 4617 856 4652 omnes
884 4605 1051 4667 compluuntur
1074 4609 1233 4666 porootuequo
1253 4617 1382 4653 εοοεεεττ-

109 4689 181 4744 tionis
200 4685 363 4754 proolomotio
381 4688 428 4739 tint.
