3336 5302
933 397 1006 468 422

414 575 518 676 Ὑπὲρ
544 573 745 668 πλεόντων,
773 577 1085 674 ὁδοιπορούντων.

412 679 516 776 Ὑπὲρ
541 689 610 755 τοῦ
635 683 822 778 ῥυσθῆναι
848 680 956 778 ἡμᾶς.

408 781 641 879 Ἀντιλαβοῦ.

419 889 490 979 Τῆς
517 881 725 986 Παναγίας.

404 984 490 1062 ’Ότι
515 986 652 1083 πρέπει.

641 1114 729 1207 Εὐχή
752 1113 939 1208 σἰντιφιὸνου
961 1115 1097 1206 πρώτου
1116 1121 1292 1204 μυστικῶς.

416 1218 542 1317 Κύριε,
570 1220 590 1296 5
619 1220 706 1310 Θεὸς
730 1219 851 1318 ήμῶν,
878 1215 923 1298 οὗ
948 1221 991 1296 τὸ
1016 1217 1151 1319 κροίτος
1168 1205 1396 1298 ὰνείκαστον
1421 1249 1453 1323 p.
1465 1225 1542 1300 341.
1640 1291 1641 1311 ,

417 1350 502 1422 T55'
527 1351 641 1443 ίερέιος
663 1353 816 1442 λέγοντος
835 1353 895 1443 τήν
916 1350 1011 1442 εὐχήν
1030 1360 1196 1440 μυστικῶς
1217 1353 1252 1422 ἐν
1272 1360 1320 1443 τῷ
1340 1351 1476 1446 βήματι,
1498 1355 1583 1445 ἐντῷ
1640 1395 1641 1418 τ

330 1449 421 1544 αὐτή
440 1461 555 1545 καιρῷ,
578 1452 596 1528 5
617 1453 769 1535 διάκονος
783 1453 873 1544 λέγει
887 1451 951 1537 ἔξω
964 1462 1025 1523 τοῦ
1038 1453 1189 1544 βήματος
1201 1455 1244 1524 τὰ
1258 1453 1414 1548 εἰρηνικὰ.
1435 1455 1478 1526 Εἰ
1491 1453 1523 1526 δ’
1536 1453 1582 1524 οίιι

330 1553 402 1624 ἔστι
424 1554 587 1638 διάκονος,
611 1552 629 1624 5
652 1553 759 1643 ἱερεὺς
777 1556 863 1642 μετὰ
884 1557 943 1647 τήν
964 1552 1060 1645 εὐχήν
1079 1556 1170 1645 λέγει
1190 1557 1233 1626 τὰ
1254 1555 1411 1648 εἰρηνικὰ,
1441 1557 1496 1626 καὶ
1513 1558 1581 1644 μετὰ

328 1663 434 1726 ταῦτα
455 1657 515 1747 τήν
537 1653 731 1750 έκφαίνήσιν.
1640 1655 1641 1682 ³

404 1763 481 1836 Ἔτι
506 1762 570 1836 καὶ
592 1763 647 1836 ἔτι
673 1765 715 1838 ἐν
741 1757 865 1859 εἰρήνῃ
891 1769 960 1838 τοῦ
986 1759 1139 1860 Κυρίου.
1217 1821 1220 1826 -

289 1891 291 1896 ·
406 1865 641 1959 Ἀντιλαβοῦ,
669 1871 804 1939 σῶσον.

416 1972 488 2064 Τῆς
512 1964 718 2068 παναγίας,
745 1961 947 2062 ὰχριίντου.

783 2109 957 2205 Ἐκφιίνως
978 2109 997 2180 5
1020 2109 1136 2200 ὸερείς.

401 2218 484 2295 Ὅτι
512 2217 580 2293 σὸν
604 2216 648 2292 τὸ
673 2213 809 2314 κράτος
832 2227 907 2293 κτλ.
934 2219 1071 2318 ρ.’342.

409 2331 447 2403 ‘0
477 2330 586 2422 τορός·
624 2318 752 2416 Ἀμήν·
1640 2395 1641 2414 .

410 2437 512 2504 Μετὰ
533 2435 576 2502 τὰ
597 2433 753 2526 εἰρηνικὰ,
776 2431 794 2503 5
816 2435 914 2522 χορὸς
936 2432 1060 2523 ψάλλει
1080 2433 1119 2502 τὸ
1141 2439 1275 2523 πρῶτον
1297 2429 1489 2525 ἀντίφωνον,
1507 2430 1526 2522 ή
1544 2431 1575 2500 τὰ
1640 2423 1641 2486 ἦ

326 2536 461 2619 τακτικὰ,
484 2534 514 2606 εί
536 2533 606 2605 ἔστι
628 2538 776 2625 κυριακή,
799 2534 830 2605 εί
853 2533 886 2605 δ’
911 2530 979 2618 οὖν,
1001 2543 1061 2625 τῆς
1081 2532 1216 2625 ἡμέρας.

627 2667 715 2762 Εὐχή
739 2667 927 2762 ὰντιφώνου
950 2671 1302 2764 ὸευτέρουμυστικῶς.

409 2772 535 2872 Κύριε,
563 2774 583 2850 5
613 2773 700 2860 Θεὸς
723 2775 846 2872 ἡμῶν,
874 2783 998 2850 σῶσον
1023 2775 1092 2850 τὸν
1117 2772 1209 2850 λαόν
1236 2799 1305 2873 σου
1331 2802 1362 2874 p.
1376 2777 1461 2850 342.

409 2905 601 3000 Σημείωσαι
626 2904 801 2994 κάνταῦθα
827 2905 873 2989 τὸς
899 2909 956 2978 καὶ
985 2908 1020 2977 έν
1046 2914 1087 3000 τῇ
1107 2904 1234 2999 πρώτῃ.
1277 2905 1321 2976 Εἰ
1342 2905 1415 2978 ἔστι
1435 2906 1574 2984 διάκονος,
1640 2901 1641 2970 λ

325 3005 428 3099 ἢούκ
452 3008 533 3080 ἔστι.
1640 3017 1641 3026 ’

400 3116 475 3189 Ἔτι
501 3112 564 3190 καὶ
590 3115 654 3188 ἔτι.
699 3114 936 3211 Ἀντιλαβοῦ.
993 3119 1065 3210 Τῆς
1090 3110 1275 3214 παναγίας
1301 3109 1498 3212 ὰχροίντου.

783 3259 958 3354 Ἔκφιὸνως
978 3259 997 3332 5
1021 3260 1136 3352 ἱερεύς.
1640 3307 1641 3318 1

398 3367 482 3445 Ὅτι
509 3363 656 3469 ἀγαθὸς
681 3395 712 3466 p.
733 3369 818 3443 343.
1640 3365 1641 3402 ¹

408 3484 510 3552 Μετὰ
529 3483 572 3551 τὰ
594 3481 732 3570 δεύτερα
754 3480 900 3574 εἰρηνικὰ
922 3479 1048 3572 ψάλλει
1069 3478 1088 3550 5
1109 3481 1208 3568 χορὸς
1228 3481 1267 3550 τὸ
1283 3477 1436 3572 δεύτερον
1450 3477 1577 3569 ἀντίφω-

323 3609 390 3666 νον,
412 3581 433 3674 ἢ
454 3585 497 3652 τὰ
518 3584 642 3652 τυπικὰ
662 3585 705 3652 τὰ
728 3582 874 3671 δεύτερα,
899 3581 930 3652 εἰ
944 3580 1016 3652 ἔστι
1029 3582 1178 3673 κυριακή,
1201 3581 1232 3652 εί
1247 3579 1282 3652 δ’
1299 3577 1368 3666 οὖν,
1390 3580 1575 3674 εήςήμέρας,

646 3716 733 3809 Εὐχή
757 3715 946 3808 ὰντιφώνου
966 3715 1080 3804 τρίτου
1101 3725 1276 3803 μυστικῶς.
1640 3795 1641 3808 ¹

396 3823 439 3900 Ὁ
470 3823 538 3908 τὰς
569 3824 697 3908 κοινὰς
728 3819 867 3906 τούτοις
891 3821 954 3896 καὶ
981 3820 1210 3921 συμφώνους
1233 3821 1326 3919 ἡμῖν
1348 3817 1576 3918 χαρισάμενος
1640 3809 1641 3818 ¹

322 3926 525 4024 προςευχὰς
550 3953 581 4026 p.
599 3927 684 4001 343.
1640 3925 1641 3962 λ

492 4055 576 4148 Εὐχή
599 4064 659 4147 τῆς
680 4055 810 4138 εἶςὸδου
832 4063 892 4126 τοῦ
914 4051 1009 4144 ὰγίου
1029 4050 1232 4143 Εὖαγγελίου
1254 4065 1430 4142 μυστικῶς.

407 4163 577 4238 Δέσποτα
604 4159 729 4260 Κύριε,
757 4161 777 4235 5
807 4160 894 4244 Θεὸς
918 4159 1040 4258 ἡμῶν,
1069 4159 1088 4235 5
1114 4159 1347 4257 καταστήσας
1373 4190 1404 4262 p.
1421 4163 1500 4236 344.

406 4279 508 4351 Μετὰ
536 4279 595 4369 τήν
622 4274 717 4367 εὐχήν
745 4275 775 4360 5,
797 4302 833 4344 τε
856 4274 962 4365 ἱερεὺς
981 4276 1038 4344 καὶ
1060 4274 1078 4346 5
1110 4272 1273 4359 διάκονος,
1302 4278 1359 4346 καὶ
1380 4275 1399 4348 5
1420 4276 1519 4364 χορὸς,
1541 4264 1575 4333 τᾶ
1640 4257 1641 4340 ί

323 4376 409 4449 αὐτὰ
427 4380 484 4449 καὶ
506 4387 655 4462 ποιοῦσι,
682 4378 739 4447 καὶ
760 4378 904 4466 λέγουσι,
927 4375 972 4458 ὡς
993 4386 1033 4469 τῇ
1054 4385 1114 4446 τοῦ
1134 4376 1377 4466 Χρυσσστόμου
1399 4365 1573 4462 λειτουργίᾳ,

506 4511 593 4604 Εὐχή
617 4521 676 4583 τοῦ
698 4512 875 4604 τριςαγίου,
897 4507 938 4605 ἣν
959 4511 977 4584 5
1001 4511 1106 4605 ίερεὸς
1125 4522 1292 4604 μυστικοῖς
1313 4516 1412 4605 λέγει.

401 4617 444 4696 Ὁ
472 4621 560 4704 Θεὸς
586 4620 606 4696 5
634 4619 750 4721 ἅγιος,
777 4617 797 4696 5
824 4622 865 4693 έν
891 4619 1010 4722 ἁγίοις
1035 4617 1323 4716 ἀναπαυόμενος
1349 4618 1479 4716 μ345.

1244 4847 1254 4888 λ
