3368 5308
947 428 1022 500 474

422 615 605 688 maenas.
657 612 813 704 Domine,
838 611 991 686 benedic.

422 717 468 788 Et
496 715 663 788 Sacerdos
686 723 884 810 prostratas
910 724 986 787 arat
1012 724 1162 788 secreta:

318 841 321 846 ·
420 817 575 916 Respice,
603 816 745 890 Domine
765 815 838 889 lesu
858 815 1004 910 Christe,
1030 816 1120 889 Deus
1148 825 1263 888 noster
1290 815 1331 888 dc
1357 826 1474 890 saneto
1497 815 1609 892 hahita·

345 920 422 994 culo
448 931 505 992 tuo
533 931 569 992 et
593 919 636 992 de
661 919 783 994 throno
811 918 936 1012 gloriae
962 921 1057 1014 regni
1086 917 1145 991 tui.
1182 917 1265 990 Veni
1292 929 1326 990 et
1352 919 1522 992 sanctilica
1545 945 1609 1037 nos,

344 1022 463 1122 quiin
492 1021 633 1094 excelsis
660 1045 736 1094 cum
762 1020 859 1092 Patre
896 1020 995 1093 simul
1022 1020 1150 1093 resides
1176 1031 1211 1092 et
1236 1019 1292 1091 hic
1325 1020 1424 1092 nohis
1459 1021 1576 1095 ades
1567 1047 1609 1094 m·

344 1121 487 1197 visibilis
518 1136 553 1194 et
586 1123 724 1218 dignare
757 1123 885 1220 potenti
920 1133 975 1196 tua
1008 1146 1108 1194 manu
1142 1122 1316 1238 porrigere
1351 1122 1450 1195 nohis
1483 1126 1609 1222 purissi-

344 1250 437 1298 mum
471 1249 593 1321 corpus
627 1233 721 1297 tuum
755 1235 789 1296 et
820 1223 1004 1350 pretiosum
1039 1247 1122 1296 sana
1101 1227 1249 1318 ninam,
1284 1233 1321 1296 ut
1353 1247 1417 1296 nos
1450 1227 1610 1322 porrigere

343 1327 513 1425 possimus
541 1327 631 1398 omni
656 1323 870 1423 populo.—
895 1320 1067 1422 Πρόσχις
1091 1319 1205 1420 Κύριε
1230 1351 1263 1423 p.
1279 1325 1365 1398 365.

424 1427 586 1500 Oratione
618 1429 717 1525 finita
751 1427 918 1500 Sacerdos
952 1427 1126 1501 osculatur
1159 1427 1280 1514 altare,
1319 1427 1462 1500 assumit
1500 1451 1610 1526 corpas

338 1529 562 1628 purissimam
588 1539 620 1605 et
647 1529 782 1624 intinpit
804 1529 956 1625 pretiosa
982 1529 1150 1624 sangnini,
1179 1529 1313 1602 dicans.
1440 1551 1449 1558 ·

422 1631 563 1704 Domine
591 1631 683 1703 Deus
716 1641 842 1722 noster,
877 1631 933 1730 qui
961 1655 1022 1704 nos
1049 1655 1090 1702 ex
1117 1630 1252 1702 nomine
1279 1630 1445 1725 unigeniti
1471 1630 1544 1704 Filii
1567 1631 1606 1702 tui

344 1731 471 1806 Christi
505 1756 621 1805 omnes
655 1732 895 1805 denominasti:
930 1733 987 1830 qni
1015 1732 1134 1807 dedisti
1162 1733 1260 1806 nohis
1286 1731 1502 1829 baptismum,
1534 1733 1607 1805 lara·

345 1859 439 1908 crum
473 1834 644 1932 spirituale
678 1834 712 1906 in
748 1835 980 1907 remissionem
1011 1845 1226 1930 peccatorum
1259 1846 1358 1932 atque
1393 1835 1546 1930 dignatus
1576 1859 1604 1906 es

342 1961 407 2009 nos
440 1959 516 2009 esse
549 1937 728 2034 participes
762 1937 965 2010 sanctissimi
1001 1936 1151 2033 corporis
1185 1945 1219 2008 ιι
1252 1936 1427 2031 sanguinis
1456 1935 1604 2032 unigeniti

342 2037 419 2111 Filii
447 2040 515 2110 tui:
543 2061 632 2110 nunc
657 2061 839 2155 precamur·
859 2049 904 2154 te,
939 2037 1093 2130 Domine,
1127 2038 1285 2152 quoniam
1311 2040 1480 2156 recepturi
1505 2062 1605 2112 sumus

343 2151 495 2236 sanctum
528 2141 724 2235 mysterium
756 2141 967 2213 remissionis
1001 2138 1247 2236 peccatorum¹l
1284 2151 1319 2216 et
1348 2142 1494 2236 gratiam
1518 2139 1602 2212 hahe-

341 2265 419 2315 mus
453 2240 512 2314 tihi
547 2253 581 2314 et
614 2243 754 2338 gloriam
789 2242 848 2314 tihi
884 2266 960 2316 eum
986 2241 1070 2315 Filio
1105 2253 1139 2316 et
1164 2242 1292 2340 Spiritu
1319 2241 1445 2315 Sancto
1471 2265 1554 2316 nune
1575 2251 1604 2312 et

342 2367 475 2440 sempor
501 2354 535 2415 et
561 2344 594 2417 in
624 2345 757 2417 saecula
783 2344 1003 2418 saeculorum.
1055 2348 1172 2417 Amen.

424 2444 506 2518 Tam
496 2445 719 2588 ²Sacerdos,
755 2447 888 2519 sublata
923 2446 1088 2518 ablatione
1120 2471 1156 2519 se
1189 2447 1354 2519 conuertit
1387 2446 1433 2518 ad
1459 2443 1603 2544 populun

343 2547 502 2619 dicendo.

420 2551 599 2720 Guslerlrus
640 2649 675 2721 in
716 2648 890 2721 sanctitate
931 2659 1082 2722 sanctum
1116 2659 1150 2721 at
1181 2647 1398 2747 purissimum
1433 2671 1547 2746 corpas
1574 2655 1601 2716 et

341 2751 542 2843 sanguinem
567 2748 701 2822 Domini
735 2759 769 2823 et
802 2751 1022 2847 redemptoris
1056 2751 1162 2824 nostri
1196 2751 1272 2824 lesu
1298 2749 1437 2844 Christi,
1471 2750 1524 2849 qui
1554 2747 1599 2820 de·

342 2852 474 2924 scandit
500 2852 540 2923 de
567 2851 668 2924 coelis
695 2864 729 2925 et
755 2851 913 2925 dividitur
938 2853 1048 2926 nohis.
1073 2853 1161 2928 Ecce
1183 2855 1260 2946 vita,
1287 2876 1378 2950 spes,
1404 2851 1600 2942 resurreetio,

342 2954 484 3050 expiatio
512 2964 546 3025 et
572 2955 727 3026 remissio
752 2965 978 3050 peccatorum.

419 3055 555 3128 Cantate
581 3056 725 3128 Domino
744 3056 814 3129 Deo
842 3067 970 3149 nostro,
995 3056 1141 3154 psalmos
1168 3054 1269 3129 dicite
1295 3055 1475 3130 immortali
1501 3063 1597 3126 nostro

340 3159 414 3253 regi
442 3158 589 3252 coelesti,
618 3159 673 3255 qui
702 3158 867 3232 vehitur
859 3184 893 3230 ιιι
921 3159 1080 3256 quadriga
1109 3157 1304 3231 Cherubim

417 3259 598 3360 Diaconos.
653 3260 790 3332 Cantatc
825 3259 990 3359 psalmum
1022 3260 1164 3333 Domino
1197 3259 1268 3332 Deo
1303 3267 1598 3344 nostrumnon,

341 3361 447 3453 chori,
484 3363 611 3434 cantica
645 3363 830 3459 spiritualia
857 3363 944 3435 dulei
970 3387 1061 3435 voce.
1113 3362 1199 3435 Huic
1225 3361 1315 3434 enim
1342 3361 1508 3434 debentur
1527 3356 1599 3456 psal·

341 3486 472 3554 morum
500 3463 661 3557 iubilatio,
688 3465 827 3537 Alleluia
853 3474 888 3535 et
913 3463 1096 3560 spiritualia
1123 3463 1260 3537 cantica.

417 3565 545 3659 Canite,
579 3566 738 3659 ministri,
773 3565 919 3663 psalmos
951 3566 1112 3660 melodas,
1151 3565 1334 3704 glorificate
1367 3558 1577 3638 Dominum
1569 3581 1596 3630 ιι

343 3667 456 3740 coelis

420 3768 559 3843 Charus.
614 3769 768 3844 Christus
795 3769 1000 3842 sacrificatus
1027 3784 1079 3843 est
1105 3770 1145 3862 (is
1172 3767 1329 3864 brought)
1352 3777 1387 3841 et
1404 3765 1597 3841 distribuitur

341 3893 377 3964 ιι
403 3871 513 3945 medio
542 3881 706 3966 nostrum,
732 3871 882 3945 Alleluia.

418 3974 546 4072 Corpus
574 3997 672 4047 suum
698 3974 790 4047 dedit
816 3974 914 4047 nohis
942 3974 1052 4047 aihum
1079 3982 1114 4045 at
1137 3971 1300 4069 sanguine
1326 3995 1388 4044 suo
1417 3979 1529 4044 sancto
1553 3961 1597 4036 ad·

339 4077 463 4172 sparsit
487 4101 562 4169 nos,
594 4076 745 4149 Alleluia.

335 4213 653 4230 ————-—-—=

427 4280 450 4341 1)
470 4281 512 4330 We
530 4294 584 4330 now
601 4279 705 4329 ιιιιιιιι
723 4279 798 4341 Thea,
816 4287 841 4329 to
860 4281 951 4330 receive
969 4279 1016 4330 this
1034 4279 1091 4344 holy
1108 4283 1244 4343 ιιιιιιηιι
1255 4277 1296 4328 the
1307 4276 1437 4327 ιιιιὶιιίοι
1448 4275 1476 4326 al
1486 4266 1599 4324 arraiads.

339 4363 426 4414 Sterlr:
444 4389 479 4401 -
496 4367 539 4414 wir
557 4379 605 4415 ιιι
624 4364 700 4414 birten
718 4363 786 4424 Dicte,
804 4364 874 4426 llarr,
893 4364 978 4416 misire
997 4363 1195 4426 uersutiam
1215 4362 1360 4426 emplangen
1379 4360 1461 4411 diues
1472 4351 1597 4417 tertiaede-

337 4449 455 4500 heimuiss
474 4463 519 4498 ιιι
537 4464 580 4500 ιιι
598 4448 738 4511 lergehung
756 4449 800 4499 der
817 4449 924 4500 Sandan.

423 4533 450 4594 2)
467 4533 520 4584 AC:
539 4534 643 4584 Diacon:
661 4534 750 4596 Segne,
768 4533 838 4584 llerr.
872 4533 905 4583 Ει
922 4531 1008 4584 ιιΙιιΙιι
1024 4534 1067 4584 dra
1085 4531 1282 4595 (tllarhailigste)
1298 4530 1407 4580 sichtbar
1424 4525 1595 4579 aaronica

336 4616 405 4680 long,
432 4618 480 4668 unul
507 4619 602 4684 spricht
628 4633 658 4668 ιι
684 4618 757 4669 ihneu
785 4618 849 4668 lant:
876 4618 926 4669 lon
952 4619 1007 4668 deur
1034 4617 1147 4681 heiligen,
1172 4633 1217 4668 ιιι
1235 4616 1290 4668 dem
1308 4615 1424 4680 heiligen,
1450 4603 1597 4664 ehrnihdlltl

271 4709 274 4714 '
336 4701 411 4752 Leihs
429 4710 476 4752 ete.
