<?xml version="1.0" encoding="UTF-8"?>
<!DOCTYPE html PUBLIC "-//W3C//DTD XHTML 1.0 Transitional//EN"
    "http://www.w3.org/TR/xhtml1/DTD/xhtml1-transitional.dtd">
<html xmlns="http://www.w3.org/1999/xhtml" xml:lang="en" lang="en">
 <head>
  <title>
</title>
<meta http-equiv="Content-Type" content="text/html;charset=utf-8" />
  <meta name='ocr-system' content='tesseract 3.04.00' />
  <meta name='ocr-capabilities' content='ocr_page ocr_carea ocr_par ocr_line ocrx_word'/>
</head>
<body>
  <div class='ocr_page' id='page_1' title='image "./codexliturgicus04danigoog/codexliturgicus04danigoog_0649.png"; bbox 0 0 3388 5304; ppageno 0'>
   <div class='ocr_carea' id='block_1_1' title="bbox 799 330 980 436">
    <p class='ocr_par' dir='ltr' id='par_1_1' title="bbox 799 330 980 436">
     <span class='ocr_line' id='line_1_1' title="bbox 799 330 980 436; baseline 0 0"><span class='ocrx_word' id='word_1_1' title='bbox 799 330 803 338; x_wconf 81' lang='grc'><strong>’</strong></span> <span class='ocrx_word' id='word_1_2' title='bbox 907 363 980 436; x_wconf 81' lang='grc' dir='ltr'><strong><em>οτι</em></strong></span> 
     </span>
    </p>
   </div>
   <div class='ocr_carea' id='block_1_2' title="bbox 305 543 1686 4326">
    <p class='ocr_par' dir='ltr' id='par_1_2' title="bbox 305 543 1583 2378">
     <span class='ocr_line' id='line_1_2' title="bbox 308 543 1575 648; baseline -0.002 -24"><span class='ocrx_word' id='word_1_3' title='bbox 308 547 455 645; x_wconf 83' lang='grc' dir='ltr'><strong><em>Ιωάννῃ</em></strong></span> <span class='ocrx_word' id='word_1_4' title='bbox 481 555 536 646; x_wconf 78' lang='grc' dir='ltr'><strong><em>τῷ</em></strong></span> <span class='ocrx_word' id='word_1_5' title='bbox 561 549 716 644; x_wconf 79' lang='grc' dir='ltr'><strong><em>ἐκλεκτῷ</em></strong></span> <span class='ocrx_word' id='word_1_6' title='bbox 743 570 824 636; x_wconf 90' lang='grc' dir='ltr'><strong><em>σου,</em></strong></span> <span class='ocrx_word' id='word_1_7' title='bbox 849 547 914 622; x_wconf 79' lang='grc' dir='ltr'><strong><em>καὶ</em></strong></span> <span class='ocrx_word' id='word_1_8' title='bbox 938 555 1029 622; x_wconf 83' lang='grc' dir='ltr'><strong><em>πᾶσι</em></strong></span> <span class='ocrx_word' id='word_1_9' title='bbox 1054 553 1132 631; x_wconf 89' lang='grc' dir='ltr'><strong><em>τοῖς</em></strong></span> <span class='ocrx_word' id='word_1_10' title='bbox 1152 547 1246 622; x_wconf 77' lang='grc' dir='ltr'><strong><em>καθ’</em></strong></span> <span class='ocrx_word' id='word_1_11' title='bbox 1268 543 1429 643; x_wconf 83' lang='grc' dir='ltr'><strong><em>ἑκάστην</em></strong></span> <span class='ocrx_word' id='word_1_12' title='bbox 1445 546 1575 648; x_wconf 83' lang='grc' dir='ltr'><strong><em>γενεὰν</em></strong></span> 
     </span>
     <span class='ocr_line' id='line_1_3' title="bbox 305 645 1575 754; baseline -0.003 -28"><span class='ocrx_word' id='word_1_13' title='bbox 305 652 369 726; x_wconf 80' lang='grc' dir='ltr'><strong><em>καί</em></strong></span> <span class='ocrx_word' id='word_1_14' title='bbox 393 649 526 754; x_wconf 82' lang='grc' dir='ltr'><strong><em>γενεὰν</em></strong></span> <span class='ocrx_word' id='word_1_15' title='bbox 552 645 817 746; x_wconf 81' lang='grc' dir='ltr'><strong><em>εὐαρεστῆσασί</em></strong></span> <span class='ocrx_word' id='word_1_16' title='bbox 842 673 911 724; x_wconf 88' lang='grc' dir='ltr'><strong><em>σοι.</em></strong></span> <span class='ocrx_word' id='word_1_17' title='bbox 949 649 1059 725; x_wconf 79' lang='grc' dir='ltr'><strong><em>Οίπω</em></strong></span> <span class='ocrx_word' id='word_1_18' title='bbox 1085 647 1241 746; x_wconf 89' lang='grc' dir='ltr'><strong><em>ποίησον</em></strong></span> <span class='ocrx_word' id='word_1_19' title='bbox 1265 648 1329 724; x_wconf 81' lang='grc' dir='ltr'><strong><em>καὶ</em></strong></span> <span class='ocrx_word' id='word_1_20' title='bbox 1353 647 1454 744; x_wconf 80' lang='grc' dir='ltr'><strong><em>ἡμᾶς</em></strong></span> <span class='ocrx_word' id='word_1_21' title='bbox 1477 649 1575 750; x_wconf 80' lang='grc' dir='ltr'><strong><em>γενέ-</em></strong></span> 
     </span>
     <span class='ocr_line' id='line_1_4' title="bbox 307 748 1574 848; baseline -0.004 -18"><span class='ocrx_word' id='word_1_22' title='bbox 307 756 403 830; x_wconf 85' lang='grc' dir='ltr'><strong><em>σθαι</em></strong></span> <span class='ocrx_word' id='word_1_23' title='bbox 424 749 623 834; x_wconf 77' lang='grc' dir='ltr'><strong><em>διακόνους</em></strong></span> <span class='ocrx_word' id='word_1_24' title='bbox 642 759 708 846; x_wconf 90' lang='grc' dir='ltr'><strong><em>τῆς</em></strong></span> <span class='ocrx_word' id='word_1_25' title='bbox 723 758 852 847; x_wconf 79' lang='grc' dir='ltr'><strong><em>καινῆς</em></strong></span> <span class='ocrx_word' id='word_1_26' title='bbox 867 773 937 827; x_wconf 91' lang='grc' dir='ltr'><strong><em>σου</em></strong></span> <span class='ocrx_word' id='word_1_27' title='bbox 954 748 1150 848; x_wconf 81' lang='grc' dir='ltr'><strong><em>διαθήκης,</em></strong></span> <span class='ocrx_word' id='word_1_28' title='bbox 1176 750 1236 826; x_wconf 82' lang='grc' dir='ltr'><strong><em>ἐπί</em></strong></span> <span class='ocrx_word' id='word_1_29' title='bbox 1252 748 1295 824; x_wconf 87' lang='grc' dir='ltr'><strong><em>τδ</em></strong></span> <span class='ocrx_word' id='word_1_30' title='bbox 1312 752 1438 825; x_wconf 76' lang='grc' dir='ltr'><strong><em>ἔλαιον</em></strong></span> <span class='ocrx_word' id='word_1_31' title='bbox 1452 759 1574 840; x_wconf 86' lang='grc' dir='ltr'><strong><em>τοῦτο,</em></strong></span> 
     </span>
     <span class='ocr_line' id='line_1_5' title="bbox 307 848 1577 952; baseline -0.002 -23"><span class='ocrx_word' id='word_1_32' title='bbox 307 849 594 952; x_wconf 82' lang='grc' dir='ltr'><strong><em>ὃπεριεπσιήσω</em></strong></span> <span class='ocrx_word' id='word_1_33' title='bbox 619 860 673 950; x_wconf 81' lang='grc' dir='ltr'><strong><em>τῷ</em></strong></span> <span class='ocrx_word' id='word_1_34' title='bbox 698 851 810 950; x_wconf 80' lang='grc' dir='ltr'><strong><em>τιμίῳ</em></strong></span> <span class='ocrx_word' id='word_1_35' title='bbox 837 878 906 928; x_wconf 95' lang='grc' dir='ltr'><strong><em>σου</em></strong></span> <span class='ocrx_word' id='word_1_36' title='bbox 932 853 1072 949; x_wconf 84' lang='grc' dir='ltr'><strong><em>αἵματι.</em></strong></span> <span class='ocrx_word' id='word_1_37' title='bbox 1107 852 1188 928; x_wconf 83' lang='grc' dir='ltr'><strong><em>Ἵνα</em></strong></span> <span class='ocrx_word' id='word_1_38' title='bbox 1214 848 1498 946; x_wconf 71' lang='grc' dir='ltr'><strong><em>ἀποδυσάμενοι</em></strong></span> <span class='ocrx_word' id='word_1_39' title='bbox 1514 851 1577 936; x_wconf 85' lang='grc' dir='ltr'><strong><em>τὰς</em></strong></span> 
     </span>
     <span class='ocr_line' id='line_1_6' title="bbox 305 949 1577 1051; baseline -0.005 -17"><span class='ocrx_word' id='word_1_40' title='bbox 305 955 486 1050; x_wconf 80' lang='grc' dir='ltr'><strong><em>κοσμικὰς</em></strong></span> <span class='ocrx_word' id='word_1_41' title='bbox 518 951 722 1050; x_wconf 70' lang='grc' dir='ltr'><strong><em>ἐπιθυμίας</em></strong></span> <span class='ocrx_word' id='word_1_42' title='bbox 753 949 1011 1051; x_wconf 75' lang='grc' dir='ltr'><strong><em>ἀποθάνωμεν</em></strong></span> <span class='ocrx_word' id='word_1_43' title='bbox 1041 961 1088 1051; x_wconf 83' lang='grc' dir='ltr'><strong><em>τῇ</em></strong></span> <span class='ocrx_word' id='word_1_44' title='bbox 1114 953 1293 1051; x_wconf 80' lang='grc' dir='ltr'><strong><em>ἁμαρτίᾳ,</em></strong></span> <span class='ocrx_word' id='word_1_45' title='bbox 1319 952 1383 1028; x_wconf 85' lang='grc' dir='ltr'><strong><em>καὶ</em></strong></span> <span class='ocrx_word' id='word_1_46' title='bbox 1409 950 1577 1049; x_wconf 79' lang='grc' dir='ltr'><strong><em>ζήσωμεν</em></strong></span> 
     </span>
     <span class='ocr_line' id='line_1_7' title="bbox 306 1052 1579 1154; baseline -0.002 -23"><span class='ocrx_word' id='word_1_47' title='bbox 306 1065 354 1154; x_wconf 85' lang='grc' dir='ltr'><strong><em>τῆ</em></strong></span> <span class='ocrx_word' id='word_1_48' title='bbox 387 1055 619 1152; x_wconf 79' lang='grc' dir='ltr'><strong><em>δικαιοσύνῃ,</em></strong></span> <span class='ocrx_word' id='word_1_49' title='bbox 656 1052 903 1150; x_wconf 73' lang='grc' dir='ltr'><strong><em>ἐνδυσάμενοι</em></strong></span> <span class='ocrx_word' id='word_1_50' title='bbox 936 1055 1003 1131; x_wconf 87' lang='grc' dir='ltr'><strong><em>τὸν</em></strong></span> <span class='ocrx_word' id='word_1_51' title='bbox 1027 1055 1159 1150; x_wconf 88' lang='grc' dir='ltr'><strong><em>κύριον</em></strong></span> <span class='ocrx_word' id='word_1_52' title='bbox 1182 1056 1292 1153; x_wconf 82' lang='grc' dir='ltr'><strong><em>ἡμῶν</em></strong></span> <span class='ocrx_word' id='word_1_53' title='bbox 1309 1056 1459 1151; x_wconf 81' lang='grc' dir='ltr'><strong><em>Ἰησοῦν</em></strong></span> <span class='ocrx_word' id='word_1_54' title='bbox 1485 1061 1579 1151; x_wconf 90' lang='grc' dir='ltr'><strong><em>Χρι-</em></strong></span> 
     </span>
     <span class='ocr_line' id='line_1_8' title="bbox 308 1156 1578 1260; baseline -0.002 -26"><span class='ocrx_word' id='word_1_55' title='bbox 308 1158 411 1248; x_wconf 83' lang='grc' dir='ltr'><strong><em>στόν,</em></strong></span> <span class='ocrx_word' id='word_1_56' title='bbox 445 1157 509 1234; x_wconf 87' lang='grc' dir='ltr'><strong><em>διὰ</em></strong></span> <span class='ocrx_word' id='word_1_57' title='bbox 542 1166 607 1255; x_wconf 90' lang='grc' dir='ltr'><strong><em>τῆς</em></strong></span> <span class='ocrx_word' id='word_1_58' title='bbox 633 1156 792 1254; x_wconf 88' lang='grc' dir='ltr'><strong><em>χρίσεως</em></strong></span> <span class='ocrx_word' id='word_1_59' title='bbox 823 1165 891 1232; x_wconf 87' lang='grc' dir='ltr'><strong><em>τοῦ</em></strong></span> <span class='ocrx_word' id='word_1_60' title='bbox 924 1157 1113 1260; x_wconf 85' lang='grc' dir='ltr'><strong><em>ἁγιασμοῦ</em></strong></span> <span class='ocrx_word' id='word_1_61' title='bbox 1138 1165 1207 1233; x_wconf 82' lang='grc' dir='ltr'><strong><em>τοῦ</em></strong></span> <span class='ocrx_word' id='word_1_62' title='bbox 1232 1157 1430 1253; x_wconf 79' lang='grc' dir='ltr'><strong><em>μέλλοντος</em></strong></span> <span class='ocrx_word' id='word_1_63' title='bbox 1455 1157 1578 1232; x_wconf 81' lang='grc' dir='ltr'><strong><em>ἐλαίου</em></strong></span> 
     </span>
     <span class='ocr_line' id='line_1_9' title="bbox 307 1255 1580 1361; baseline -0.002 -27"><span class='ocrx_word' id='word_1_64' title='bbox 307 1258 526 1361; x_wconf 76' lang='grc' dir='ltr'><strong><em>ἐπάγεσθαι.</em></strong></span> <span class='ocrx_word' id='word_1_65' title='bbox 554 1259 716 1347; x_wconf 85' lang='grc' dir='ltr'><strong><em>Γίνοιτο,</em></strong></span> <span class='ocrx_word' id='word_1_66' title='bbox 743 1255 869 1356; x_wconf 85' lang='grc' dir='ltr'><strong><em>Κύριε,</em></strong></span> <span class='ocrx_word' id='word_1_67' title='bbox 895 1257 938 1333; x_wconf 84' lang='grc' dir='ltr'><strong><em>τὸ</em></strong></span> <span class='ocrx_word' id='word_1_68' title='bbox 964 1261 1088 1334; x_wconf 89' lang='grc' dir='ltr'><strong><em>ἐλαιον</em></strong></span> <span class='ocrx_word' id='word_1_69' title='bbox 1112 1267 1223 1335; x_wconf 86' lang='grc' dir='ltr'><strong><em>τοῦτο</em></strong></span> <span class='ocrx_word' id='word_1_70' title='bbox 1250 1261 1374 1334; x_wconf 85' lang='grc' dir='ltr'><strong><em>ἐλαιον</em></strong></span> <span class='ocrx_word' id='word_1_71' title='bbox 1400 1255 1580 1361; x_wconf 88' lang='grc' dir='ltr'><strong><em>ἀγαλλιά-</em></strong></span> 
     </span>
     <span class='ocr_line' id='line_1_10' title="bbox 308 1357 1580 1463; baseline -0.002 -27"><span class='ocrx_word' id='word_1_72' title='bbox 308 1388 412 1449; x_wconf 89' lang='grc' dir='ltr'><strong><em>σεως,</em></strong></span> <span class='ocrx_word' id='word_1_73' title='bbox 439 1363 563 1436; x_wconf 79' lang='grc' dir='ltr'><strong><em>ἔλαιον</em></strong></span> <span class='ocrx_word' id='word_1_74' title='bbox 588 1360 790 1463; x_wconf 86' lang='grc' dir='ltr'><strong><em>ἁγιασμοῦ,</em></strong></span> <span class='ocrx_word' id='word_1_75' title='bbox 817 1359 964 1454; x_wconf 86' lang='grc' dir='ltr'><strong><em>ἐνδυμα</em></strong></span> <span class='ocrx_word' id='word_1_76' title='bbox 982 1361 1191 1457; x_wconf 86' lang='grc' dir='ltr'><strong><em>βασιλικὸν,</em></strong></span> <span class='ocrx_word' id='word_1_77' title='bbox 1218 1359 1354 1458; x_wconf 85' lang='grc' dir='ltr'><strong><em>θώραξ</em></strong></span> <span class='ocrx_word' id='word_1_78' title='bbox 1368 1357 1580 1455; x_wconf 88' lang='grc' dir='ltr'><strong><em>δυνάμεως,</em></strong></span> 
     </span>
     <span class='ocr_line' id='line_1_11' title="bbox 307 1460 1581 1564; baseline -0.001 -27"><span class='ocrx_word' id='word_1_79' title='bbox 307 1461 428 1559; x_wconf 87' lang='grc' dir='ltr'><strong><em>πάσης</em></strong></span> <span class='ocrx_word' id='word_1_80' title='bbox 452 1461 636 1564; x_wconf 74' lang='grc' dir='ltr'><strong><em>ἐνεργείας</em></strong></span> <span class='ocrx_word' id='word_1_81' title='bbox 661 1460 876 1559; x_wconf 82' lang='grc' dir='ltr'><strong><em>διαβολικῆς</em></strong></span> <span class='ocrx_word' id='word_1_82' title='bbox 900 1461 1168 1558; x_wconf 84' lang='grc' dir='ltr'><strong><em>ἀποτρόπαιον,</em></strong></span> <span class='ocrx_word' id='word_1_83' title='bbox 1194 1461 1357 1564; x_wconf 84' lang='grc' dir='ltr'><strong><em>σφραγὶς</em></strong></span> <span class='ocrx_word' id='word_1_84' title='bbox 1379 1461 1581 1557; x_wconf 87' lang='grc' dir='ltr'><strong><em>ἀνεπιβού-</em></strong></span> 
     </span>
     <span class='ocr_line' id='line_1_12' title="bbox 309 1561 1581 1666; baseline 0.002 -29"><span class='ocrx_word' id='word_1_85' title='bbox 309 1571 447 1653; x_wconf 86' lang='grc' dir='ltr'><strong><em>λευτος,</em></strong></span> <span class='ocrx_word' id='word_1_86' title='bbox 475 1562 687 1666; x_wconf 87' lang='grc' dir='ltr'><strong><em>ἀγαλλίαμα</em></strong></span> <span class='ocrx_word' id='word_1_87' title='bbox 711 1561 882 1660; x_wconf 78' lang='grc' dir='ltr'><strong><em>καρδίας,</em></strong></span> <span class='ocrx_word' id='word_1_88' title='bbox 907 1561 1121 1662; x_wconf 87' lang='grc' dir='ltr'><strong><em>εὐφροσύνη</em></strong></span> <span class='ocrx_word' id='word_1_89' title='bbox 1147 1561 1307 1648; x_wconf 79' lang='grc' dir='ltr'><strong><em>αλιόνιος.</em></strong></span> <span class='ocrx_word' id='word_1_90' title='bbox 1343 1563 1425 1638; x_wconf 82' lang='grc' dir='ltr'><strong><em>Ἵνα</em></strong></span> <span class='ocrx_word' id='word_1_91' title='bbox 1450 1563 1519 1640; x_wconf 80' lang='grc' dir='ltr'><strong><em>καὶ</em></strong></span> <span class='ocrx_word' id='word_1_92' title='bbox 1541 1567 1581 1639; x_wconf 85' lang='grc' dir='ltr'><strong><em>ἐν</em></strong></span> 
     </span>
     <span class='ocr_line' id='line_1_13' title="bbox 308 1660 1581 1768; baseline -0.002 -28"><span class='ocrx_word' id='word_1_93' title='bbox 308 1663 431 1766; x_wconf 82' lang='grc' dir='ltr'><strong><em>τούτῳ</em></strong></span> <span class='ocrx_word' id='word_1_94' title='bbox 457 1667 492 1741; x_wconf 82' lang='grc' dir='ltr'><strong><em>οἱ</em></strong></span> <span class='ocrx_word' id='word_1_95' title='bbox 514 1661 706 1762; x_wconf 83' lang='grc' dir='ltr'><strong><em>χριόμενοι</em></strong></span> <span class='ocrx_word' id='word_1_96' title='bbox 730 1671 786 1763; x_wconf 77' lang='grc' dir='ltr'><strong><em>τῷ</em></strong></span> <span class='ocrx_word' id='word_1_97' title='bbox 810 1672 875 1762; x_wconf 89' lang='grc' dir='ltr'><strong><em>τῆς</em></strong></span> <span class='ocrx_word' id='word_1_98' title='bbox 900 1663 1180 1768; x_wconf 88' lang='grc' dir='ltr'><strong><em>ἀναγεννῆσεως</em></strong></span> <span class='ocrx_word' id='word_1_99' title='bbox 1206 1665 1317 1766; x_wconf 81' lang='grc' dir='ltr'><strong><em>ἐλαίῳ</em></strong></span> <span class='ocrx_word' id='word_1_100' title='bbox 1337 1665 1498 1764; x_wconf 81' lang='grc' dir='ltr'><strong><em>φοβεροὶ</em></strong></span> <span class='ocrx_word' id='word_1_101' title='bbox 1515 1660 1581 1740; x_wconf 81' lang='grc' dir='ltr'><strong><em>ὦσι</em></strong></span> 
     </span>
     <span class='ocr_line' id='line_1_14' title="bbox 309 1764 1582 1868; baseline 0.002 -28"><span class='ocrx_word' id='word_1_102' title='bbox 309 1773 386 1851; x_wconf 84' lang='grc' dir='ltr'><strong><em>τοῖς</em></strong></span> <span class='ocrx_word' id='word_1_103' title='bbox 401 1765 646 1856; x_wconf 79' lang='grc' dir='ltr'><strong><em>ὑπεναντίοις,</em></strong></span> <span class='ocrx_word' id='word_1_104' title='bbox 662 1765 726 1842; x_wconf 82' lang='grc' dir='ltr'><strong><em>καί</em></strong></span> <span class='ocrx_word' id='word_1_105' title='bbox 744 1764 945 1866; x_wconf 81' lang='grc' dir='ltr'><strong><em>λάμιγωσιν</em></strong></span> <span class='ocrx_word' id='word_1_106' title='bbox 961 1771 1002 1842; x_wconf 81' lang='grc' dir='ltr'><strong><em>ἐν</em></strong></span> <span class='ocrx_word' id='word_1_107' title='bbox 1019 1773 1101 1853; x_wconf 87' lang='grc' dir='ltr'><strong><em>ταῖς</em></strong></span> <span class='ocrx_word' id='word_1_108' title='bbox 1117 1764 1348 1865; x_wconf 81' lang='grc' dir='ltr'><strong><em>λαμπρότησι</em></strong></span> <span class='ocrx_word' id='word_1_109' title='bbox 1364 1775 1445 1842; x_wconf 83' lang='grc' dir='ltr'><strong><em>τῶν</em></strong></span> <span class='ocrx_word' id='word_1_110' title='bbox 1462 1766 1582 1868; x_wconf 91' lang='grc' dir='ltr'><strong><em>ἁγίων</em></strong></span> 
     </span>
     <span class='ocr_line' id='line_1_15' title="bbox 310 1867 1583 1965; baseline -0.001 -22"><span class='ocrx_word' id='word_1_111' title='bbox 310 1893 393 1957; x_wconf 90' lang='grc' dir='ltr'><strong><em>σου,</em></strong></span> <span class='ocrx_word' id='word_1_112' title='bbox 427 1867 479 1965; x_wconf 87' lang='grc' dir='ltr'><strong><em>μῆ</em></strong></span> <span class='ocrx_word' id='word_1_113' title='bbox 511 1870 654 1965; x_wconf 77' lang='grc' dir='ltr'><strong><em>ἔχοντες</em></strong></span> <span class='ocrx_word' id='word_1_114' title='bbox 687 1873 818 1945; x_wconf 82' lang='grc' dir='ltr'><strong><em>σπῖλον</em></strong></span> <span class='ocrx_word' id='word_1_115' title='bbox 848 1867 872 1964; x_wconf 88' lang='grc' dir='ltr'><strong><em>ῆ</em></strong></span> <span class='ocrx_word' id='word_1_116' title='bbox 904 1867 1049 1965; x_wconf 81' lang='grc' dir='ltr'><strong><em>ῥυτίδα,</em></strong></span> <span class='ocrx_word' id='word_1_117' title='bbox 1084 1871 1147 1944; x_wconf 81' lang='grc' dir='ltr'><strong><em>καί</em></strong></span> <span class='ocrx_word' id='word_1_118' title='bbox 1173 1868 1415 1965; x_wconf 82' lang='grc' dir='ltr'><strong><em>ελςδεχθῶσιν</em></strong></span> <span class='ocrx_word' id='word_1_119' title='bbox 1441 1868 1583 1954; x_wconf 81' lang='grc' dir='ltr'><strong><em>εἰςτὰς</em></strong></span> 
     </span>
     <span class='ocr_line' id='line_1_16' title="bbox 310 1967 1583 2068; baseline -0.001 -23"><span class='ocrx_word' id='word_1_120' title='bbox 310 1967 487 2055; x_wconf 85' lang='grc' dir='ltr'><strong><em>αλωνίους</em></strong></span> <span class='ocrx_word' id='word_1_121' title='bbox 511 1997 581 2045; x_wconf 91' lang='grc' dir='ltr'><strong><em>σου</em></strong></span> <span class='ocrx_word' id='word_1_122' title='bbox 607 1967 846 2060; x_wconf 89' lang='grc' dir='ltr'><strong><em>ἀναπαύσεις,</em></strong></span> <span class='ocrx_word' id='word_1_123' title='bbox 872 1970 936 2044; x_wconf 81' lang='grc' dir='ltr'><strong><em>καὶ</em></strong></span> <span class='ocrx_word' id='word_1_124' title='bbox 962 1969 1140 2056; x_wconf 80' lang='grc' dir='ltr'><strong><em>δέξωνται</em></strong></span> <span class='ocrx_word' id='word_1_125' title='bbox 1158 1969 1201 2045; x_wconf 83' lang='grc' dir='ltr'><strong><em>τὸ</em></strong></span> <span class='ocrx_word' id='word_1_126' title='bbox 1217 1971 1401 2068; x_wconf 79' lang='grc' dir='ltr'><strong><em>βραβεῖον</em></strong></span> <span class='ocrx_word' id='word_1_127' title='bbox 1418 1979 1487 2068; x_wconf 89' lang='grc' dir='ltr'><strong><em>τῆς</em></strong></span> <span class='ocrx_word' id='word_1_128' title='bbox 1503 1971 1583 2046; x_wconf 89' lang='grc' dir='ltr'><strong><em>ἀνω</em></strong></span> 
     </span>
     <span class='ocr_line' id='line_1_17' title="bbox 309 2068 1582 2173; baseline 0 -27"><span class='ocrx_word' id='word_1_129' title='bbox 309 2069 479 2168; x_wconf 83' lang='grc' dir='ltr'><strong><em>κλήσεως.</em></strong></span> <span class='ocrx_word' id='word_1_130' title='bbox 532 2072 616 2148; x_wconf 87' lang='grc' dir='ltr'><strong><em>Σδν</em></strong></span> <span class='ocrx_word' id='word_1_131' title='bbox 640 2068 714 2173; x_wconf 91' lang='grc' dir='ltr'><strong><em>γάρ</em></strong></span> <span class='ocrx_word' id='word_1_132' title='bbox 740 2075 817 2145; x_wconf 89' lang='grc' dir='ltr'><strong><em>ἐστι</em></strong></span> <span class='ocrx_word' id='word_1_133' title='bbox 842 2070 885 2147; x_wconf 87' lang='grc' dir='ltr'><strong><em>τὸ</em></strong></span> <span class='ocrx_word' id='word_1_134' title='bbox 911 2074 1022 2148; x_wconf 83' lang='grc' dir='ltr'><strong><em>ἐλεεῖν</em></strong></span> <span class='ocrx_word' id='word_1_135' title='bbox 1047 2073 1111 2147; x_wconf 83' lang='grc' dir='ltr'><strong><em>καὶ</em></strong></span> <span class='ocrx_word' id='word_1_136' title='bbox 1137 2068 1268 2164; x_wconf 81' lang='grc' dir='ltr'><strong><em>σιόζειν</em></strong></span> <span class='ocrx_word' id='word_1_137' title='bbox 1292 2072 1404 2170; x_wconf 82' lang='grc' dir='ltr'><strong><em>ἡμᾶς,</em></strong></span> <span class='ocrx_word' id='word_1_138' title='bbox 1443 2071 1582 2168; x_wconf 85' lang='grc' dir='ltr'><strong><em>Χριστέ</em></strong></span> 
     </span>
     <span class='ocr_line' id='line_1_18' title="bbox 311 2171 1581 2272; baseline -0.001 -24"><span class='ocrx_word' id='word_1_139' title='bbox 311 2171 331 2248; x_wconf 85' lang='grc' dir='ltr'>ὁ</span> <span class='ocrx_word' id='word_1_140' title='bbox 361 2173 449 2256; x_wconf 83' lang='grc' dir='ltr'><strong><em>θεὸς</em></strong></span> <span class='ocrx_word' id='word_1_141' title='bbox 479 2172 602 2272; x_wconf 81' lang='grc' dir='ltr'><strong><em>ἡμῶν,</em></strong></span> <span class='ocrx_word' id='word_1_142' title='bbox 635 2173 700 2252; x_wconf 80' lang='grc' dir='ltr'><strong><em>καί</em></strong></span> <span class='ocrx_word' id='word_1_143' title='bbox 733 2173 792 2249; x_wconf 82' lang='grc' dir='ltr'><strong><em>σοὶ</em></strong></span> <span class='ocrx_word' id='word_1_144' title='bbox 824 2171 894 2270; x_wconf 87' lang='grc' dir='ltr'><strong><em>τὴν</em></strong></span> <span class='ocrx_word' id='word_1_145' title='bbox 919 2171 1036 2260; x_wconf 84' lang='grc' dir='ltr'><strong><em>δόξαν</em></strong></span> <span class='ocrx_word' id='word_1_146' title='bbox 1062 2173 1342 2271; x_wconf 73' lang='grc' dir='ltr'><strong><em>ἀναπίμπομεν,</em></strong></span> <span class='ocrx_word' id='word_1_147' title='bbox 1374 2182 1431 2272; x_wconf 77' lang='grc' dir='ltr'><strong><em>τῷ</em></strong></span> <span class='ocrx_word' id='word_1_148' title='bbox 1457 2174 1581 2272; x_wconf 83' lang='grc' dir='ltr'><strong><em>πατρὶ,</em></strong></span> 
     </span>
     <span class='ocr_line' id='line_1_19' title="bbox 309 2272 1071 2378; baseline 0 -29"><span class='ocrx_word' id='word_1_149' title='bbox 309 2275 453 2372; x_wconf 82' lang='grc' dir='ltr'><strong><em>καὶτῷ</em></strong></span> <span class='ocrx_word' id='word_1_150' title='bbox 478 2275 563 2373; x_wconf 79' lang='grc' dir='ltr'><strong><em>υἱῷ,</em></strong></span> <span class='ocrx_word' id='word_1_151' title='bbox 589 2273 732 2374; x_wconf 80' lang='grc' dir='ltr'><strong><em>καὶτῷ</em></strong></span> <span class='ocrx_word' id='word_1_152' title='bbox 759 2273 855 2378; x_wconf 83' lang='grc' dir='ltr'><strong><em>ἁγίῳ</em></strong></span> <span class='ocrx_word' id='word_1_153' title='bbox 877 2272 1071 2370; x_wconf 85' lang='grc' dir='ltr'><strong><em>πνεύματι.</em></strong></span> 
     </span>
    </p>

    <p class='ocr_par' dir='ltr' id='par_1_3' title="bbox 308 2385 1686 2584">
     <span class='ocr_line' id='line_1_20' title="bbox 395 2385 1686 2482; baseline -0.002 -22"><span class='ocrx_word' id='word_1_154' title='bbox 395 2389 466 2460; x_wconf 83' lang='grc' dir='ltr'><strong><em>Καὶ</em></strong></span> <span class='ocrx_word' id='word_1_155' title='bbox 484 2391 570 2478; x_wconf 83' lang='grc' dir='ltr'><strong><em>μετὰ</em></strong></span> <span class='ocrx_word' id='word_1_156' title='bbox 590 2392 650 2482; x_wconf 82' lang='grc' dir='ltr'><strong><em>τήν</em></strong></span> <span class='ocrx_word' id='word_1_157' title='bbox 671 2387 766 2480; x_wconf 85' lang='grc' dir='ltr'><strong><em>εάχῆν</em></strong></span> <span class='ocrx_word' id='word_1_158' title='bbox 787 2388 950 2477; x_wconf 82' lang='grc' dir='ltr'><strong><em>λαμβάνει</em></strong></span> <span class='ocrx_word' id='word_1_159' title='bbox 971 2387 989 2459; x_wconf 86' lang='grc' dir='ltr'><strong><em>ό</em></strong></span> <span class='ocrx_word' id='word_1_160' title='bbox 1013 2387 1120 2482; x_wconf 73' lang='grc' dir='ltr'><strong><em>ἱερεὺς</em></strong></span> <span class='ocrx_word' id='word_1_161' title='bbox 1141 2391 1176 2460; x_wconf 81' lang='grc' dir='ltr'><strong><em>ἐκ</em></strong></span> <span class='ocrx_word' id='word_1_162' title='bbox 1197 2396 1257 2460; x_wconf 79' lang='grc' dir='ltr'><strong><em>τοῦ</em></strong></span> <span class='ocrx_word' id='word_1_163' title='bbox 1278 2385 1373 2479; x_wconf 87' lang='grc' dir='ltr'><strong><em>ἁγίου</em></strong></span> <span class='ocrx_word' id='word_1_164' title='bbox 1396 2388 1515 2460; x_wconf 82' lang='grc' dir='ltr'><strong><em>ἐλαίου</em></strong></span> <span class='ocrx_word' id='word_1_165' title='bbox 1530 2391 1584 2458; x_wconf 80' lang='grc' dir='ltr'><strong><em>καί</em></strong></span> <span class='ocrx_word' id='word_1_166' title='bbox 1685 2431 1686 2436; x_wconf 43' lang='lat'>1</span> 
     </span>
     <span class='ocr_line' id='line_1_21' title="bbox 308 2489 1686 2584; baseline -0.001 -24"><span class='ocrx_word' id='word_1_167' title='bbox 308 2489 396 2582; x_wconf 84' lang='grc' dir='ltr'><strong><em>χρίει</em></strong></span> <span class='ocrx_word' id='word_1_168' title='bbox 414 2491 474 2560; x_wconf 87' lang='grc' dir='ltr'><strong><em>τὸν</em></strong></span> <span class='ocrx_word' id='word_1_169' title='bbox 493 2497 658 2560; x_wconf 79' lang='grc' dir='ltr'><strong><em>ποιοῦντα</em></strong></span> <span class='ocrx_word' id='word_1_170' title='bbox 677 2492 716 2560; x_wconf 86' lang='grc' dir='ltr'><strong><em>τὸ</em></strong></span> <span class='ocrx_word' id='word_1_171' title='bbox 738 2489 918 2578; x_wconf 83' lang='grc' dir='ltr'><strong><em>εάχέλαιον,</em></strong></span> <span class='ocrx_word' id='word_1_172' title='bbox 940 2492 1043 2580; x_wconf 83' lang='grc' dir='ltr'><strong><em>λέγων</em></strong></span> <span class='ocrx_word' id='word_1_173' title='bbox 1063 2493 1123 2582; x_wconf 86' lang='grc' dir='ltr'><strong><em>τῆν</em></strong></span> <span class='ocrx_word' id='word_1_174' title='bbox 1143 2490 1239 2584; x_wconf 81' lang='grc' dir='ltr'><strong><em>εὐχῆν</em></strong></span> <span class='ocrx_word' id='word_1_175' title='bbox 1258 2489 1390 2584; x_wconf 83' lang='grc' dir='ltr'><strong><em>ταύτην.</em></strong></span> <span class='ocrx_word' id='word_1_176' title='bbox 1685 2495 1686 2498; x_wconf 68' lang='grc'>’</span> 
     </span>
    </p>

    <p class='ocr_par' dir='ltr' id='par_1_4' title="bbox 307 2589 1686 4326">
     <span class='ocr_line' id='line_1_22' title="bbox 395 2589 1686 2696; baseline 0 -26"><span class='ocrx_word' id='word_1_177' title='bbox 395 2592 524 2692; x_wconf 77' lang='grc' dir='ltr'><strong><em>Πάτερ</em></strong></span> <span class='ocrx_word' id='word_1_178' title='bbox 551 2594 645 2696; x_wconf 82' lang='grc' dir='ltr'><strong><em>ἅγιε,</em></strong></span> <span class='ocrx_word' id='word_1_179' title='bbox 671 2595 773 2692; x_wconf 83' lang='grc' dir='ltr'><strong><em>λατρέ</em></strong></span> <span class='ocrx_word' id='word_1_180' title='bbox 799 2603 877 2672; x_wconf 78' lang='grc' dir='ltr'><strong><em>τεόν</em></strong></span> <span class='ocrx_word' id='word_1_181' title='bbox 902 2605 1039 2696; x_wconf 80' lang='grc' dir='ltr'><strong><em>ψυχῶν</em></strong></span> <span class='ocrx_word' id='word_1_182' title='bbox 1064 2595 1128 2672; x_wconf 83' lang='grc' dir='ltr'><strong><em>καὶ</em></strong></span> <span class='ocrx_word' id='word_1_183' title='bbox 1154 2593 1354 2691; x_wconf 91' lang='grc' dir='ltr'><strong><em>σωμάτων,</em></strong></span> <span class='ocrx_word' id='word_1_184' title='bbox 1388 2594 1408 2670; x_wconf 88' lang='grc' dir='ltr'>ὁ</span> <span class='ocrx_word' id='word_1_185' title='bbox 1436 2597 1585 2694; x_wconf 77' lang='grc' dir='ltr'><strong><em>πέμψας</em></strong></span> <span class='ocrx_word' id='word_1_186' title='bbox 1685 2589 1686 2638; x_wconf 53' lang='lat'>³</span> 
     </span>
     <span class='ocr_line' id='line_1_23' title="bbox 311 2695 1585 2798; baseline 0.003 -28"><span class='ocrx_word' id='word_1_187' title='bbox 311 2695 379 2770; x_wconf 87' lang='grc' dir='ltr'><strong><em>τὸν</em></strong></span> <span class='ocrx_word' id='word_1_188' title='bbox 409 2703 595 2798; x_wconf 82' lang='grc' dir='ltr'><strong><em>μονογενῆ</em></strong></span> <span class='ocrx_word' id='word_1_189' title='bbox 628 2722 697 2772; x_wconf 92' lang='grc' dir='ltr'><strong><em>σου</em></strong></span> <span class='ocrx_word' id='word_1_190' title='bbox 729 2696 815 2773; x_wconf 82' lang='grc' dir='ltr'><strong><em>υἱόν</em></strong></span> <span class='ocrx_word' id='word_1_191' title='bbox 846 2697 914 2772; x_wconf 87' lang='grc' dir='ltr'><strong><em>τὸν</em></strong></span> <span class='ocrx_word' id='word_1_192' title='bbox 945 2695 1077 2793; x_wconf 82' lang='grc' dir='ltr'><strong><em>κύριον</em></strong></span> <span class='ocrx_word' id='word_1_193' title='bbox 1106 2698 1217 2795; x_wconf 73' lang='grc' dir='ltr'><strong><em>ῆμολν</em></strong></span> <span class='ocrx_word' id='word_1_194' title='bbox 1245 2699 1391 2794; x_wconf 83' lang='grc' dir='ltr'><strong><em>Ἰησοῦν</em></strong></span> <span class='ocrx_word' id='word_1_195' title='bbox 1416 2697 1585 2796; x_wconf 85' lang='grc' dir='ltr'><strong><em>Χριστὸν</em></strong></span> 
     </span>
     <span class='ocr_line' id='line_1_24' title="bbox 311 2794 1584 2898; baseline 0.001 -27"><span class='ocrx_word' id='word_1_196' title='bbox 311 2805 439 2872; x_wconf 83' lang='grc' dir='ltr'><strong><em>πᾶσαν</em></strong></span> <span class='ocrx_word' id='word_1_197' title='bbox 472 2797 587 2874; x_wconf 89' lang='grc' dir='ltr'><strong><em>νόσον</em></strong></span> <span class='ocrx_word' id='word_1_198' title='bbox 619 2794 781 2892; x_wconf 78' lang='grc' dir='ltr'><strong><em>λοίμενον</em></strong></span> <span class='ocrx_word' id='word_1_199' title='bbox 812 2799 876 2874; x_wconf 83' lang='grc' dir='ltr'><strong><em>καὶ</em></strong></span> <span class='ocrx_word' id='word_1_200' title='bbox 909 2803 949 2874; x_wconf 85' lang='grc' dir='ltr'><strong><em>ἐκ</em></strong></span> <span class='ocrx_word' id='word_1_201' title='bbox 974 2797 1150 2876; x_wconf 85' lang='grc' dir='ltr'><strong><em>θανάτου</em></strong></span> <span class='ocrx_word' id='word_1_202' title='bbox 1176 2795 1445 2898; x_wconf 88' lang='grc' dir='ltr'><strong><em>λυτρούμενον,</em></strong></span> <span class='ocrx_word' id='word_1_203' title='bbox 1483 2803 1584 2874; x_wconf 79' lang='grc' dir='ltr'><strong><em>ἴασαι</em></strong></span> 
     </span>
     <span class='ocr_line' id='line_1_25' title="bbox 311 2897 1584 3000; baseline 0.001 -26"><span class='ocrx_word' id='word_1_204' title='bbox 311 2898 467 2976; x_wconf 80' lang='grc' dir='ltr'><strong><em>καὶτὸν</em></strong></span> <span class='ocrx_word' id='word_1_205' title='bbox 492 2897 631 2976; x_wconf 88' lang='grc' dir='ltr'><strong><em>δοῦλόν</em></strong></span> <span class='ocrx_word' id='word_1_206' title='bbox 658 2928 739 2990; x_wconf 91' lang='grc' dir='ltr'><strong><em>σου,</em></strong></span> <span class='ocrx_word' id='word_1_207' title='bbox 765 2899 889 2990; x_wconf 86' lang='grc' dir='ltr'><strong><em>τόνδε,</em></strong></span> <span class='ocrx_word' id='word_1_208' title='bbox 915 2905 955 2975; x_wconf 85' lang='grc' dir='ltr'><strong><em>ἐκ</em></strong></span> <span class='ocrx_word' id='word_1_209' title='bbox 980 2909 1045 2998; x_wconf 90' lang='grc' dir='ltr'><strong><em>τῆς</em></strong></span> <span class='ocrx_word' id='word_1_210' title='bbox 1066 2899 1302 3000; x_wconf 81' lang='grc' dir='ltr'><strong><em>περιεχούσης</em></strong></span> <span class='ocrx_word' id='word_1_211' title='bbox 1320 2900 1439 2978; x_wconf 74' lang='grc' dir='ltr'><strong><em>αὐτὸν</em></strong></span> <span class='ocrx_word' id='word_1_212' title='bbox 1458 2925 1584 2996; x_wconf 90' lang='grc' dir='ltr'><strong><em>σωμα-</em></strong></span> 
     </span>
     <span class='ocr_line' id='line_1_26' title="bbox 311 3001 1584 3102; baseline 0 -26"><span class='ocrx_word' id='word_1_213' title='bbox 311 3009 413 3098; x_wconf 85' lang='grc' dir='ltr'><strong><em>τικῆς</em></strong></span> <span class='ocrx_word' id='word_1_214' title='bbox 438 3002 501 3076; x_wconf 79' lang='grc' dir='ltr'><strong><em>καί</em></strong></span> <span class='ocrx_word' id='word_1_215' title='bbox 526 3011 687 3100; x_wconf 80' lang='grc' dir='ltr'><strong><em>ψυχικῆς</em></strong></span> <span class='ocrx_word' id='word_1_216' title='bbox 712 3001 923 3092; x_wconf 88' lang='grc' dir='ltr'><strong><em>ἀσθενείας,</em></strong></span> <span class='ocrx_word' id='word_1_217' title='bbox 950 3003 1014 3078; x_wconf 83' lang='grc' dir='ltr'><strong><em>καί</em></strong></span> <span class='ocrx_word' id='word_1_218' title='bbox 1040 3001 1270 3102; x_wconf 84' lang='grc' dir='ltr'><strong><em>ζωοποίησον</em></strong></span> <span class='ocrx_word' id='word_1_219' title='bbox 1296 3001 1413 3078; x_wconf 83' lang='grc' dir='ltr'><strong><em>αὐτὸν</em></strong></span> <span class='ocrx_word' id='word_1_220' title='bbox 1440 3001 1507 3078; x_wconf 86' lang='grc' dir='ltr'><strong><em>διά</em></strong></span> <span class='ocrx_word' id='word_1_221' title='bbox 1525 3011 1584 3100; x_wconf 85' lang='grc' dir='ltr'><strong><em>τῆς</em></strong></span> 
     </span>
     <span class='ocr_line' id='line_1_27' title="bbox 307 3100 1584 3207; baseline 0.005 -32"><span class='ocrx_word' id='word_1_222' title='bbox 307 3100 462 3200; x_wconf 88' lang='grc' dir='ltr'><strong><em>χάριτος</em></strong></span> <span class='ocrx_word' id='word_1_223' title='bbox 485 3111 554 3180; x_wconf 86' lang='grc' dir='ltr'><strong><em>τοῦ</em></strong></span> <span class='ocrx_word' id='word_1_224' title='bbox 579 3107 748 3200; x_wconf 84' lang='grc' dir='ltr'><strong><em>Χριστοῦ</em></strong></span> <span class='ocrx_word' id='word_1_225' title='bbox 774 3129 856 3194; x_wconf 92' lang='grc' dir='ltr'><strong><em>σου,</em></strong></span> <span class='ocrx_word' id='word_1_226' title='bbox 883 3103 1095 3204; x_wconf 80' lang='grc' dir='ltr'><strong><em>πρεσβείαις</em></strong></span> <span class='ocrx_word' id='word_1_227' title='bbox 1120 3113 1184 3202; x_wconf 92' lang='grc' dir='ltr'><strong><em>τῆς</em></strong></span> <span class='ocrx_word' id='word_1_228' title='bbox 1208 3103 1413 3207; x_wconf 83' lang='grc' dir='ltr'><strong><em>δπεραγίας</em></strong></span> <span class='ocrx_word' id='word_1_229' title='bbox 1438 3103 1584 3182; x_wconf 89' lang='grc' dir='ltr'><strong><em>δεσποί-</em></strong></span> 
     </span>
     <span class='ocr_line' id='line_1_28' title="bbox 311 3202 1585 3305; baseline -0.001 -24"><span class='ocrx_word' id='word_1_230' title='bbox 311 3233 377 3302; x_wconf 87' lang='grc' dir='ltr'><strong><em>νης</em></strong></span> <span class='ocrx_word' id='word_1_231' title='bbox 409 3204 519 3302; x_wconf 79' lang='grc' dir='ltr'><strong><em>ἡμῶν</em></strong></span> <span class='ocrx_word' id='word_1_232' title='bbox 552 3202 734 3281; x_wconf 84' lang='grc' dir='ltr'><strong><em>θεοτόκου</em></strong></span> <span class='ocrx_word' id='word_1_233' title='bbox 766 3205 830 3280; x_wconf 84' lang='grc' dir='ltr'><strong><em>καὶ</em></strong></span> <span class='ocrx_word' id='word_1_234' title='bbox 863 3205 1115 3305; x_wconf 84' lang='grc' dir='ltr'><strong><em>ἀειπαρθίνου</em></strong></span> <span class='ocrx_word' id='word_1_235' title='bbox 1142 3206 1310 3302; x_wconf 88' lang='grc' dir='ltr'><strong><em>Μαρίας,</em></strong></span> <span class='ocrx_word' id='word_1_236' title='bbox 1343 3205 1585 3301; x_wconf 90' lang='grc' dir='ltr'><strong><em>προστασίαις</em></strong></span> 
     </span>
     <span class='ocr_line' id='line_1_29' title="bbox 311 3305 1686 3405; baseline 0 -25"><span class='ocrx_word' id='word_1_237' title='bbox 311 3315 391 3382; x_wconf 82' lang='grc' dir='ltr'><strong><em>τῶν</em></strong></span> <span class='ocrx_word' id='word_1_238' title='bbox 422 3306 558 3404; x_wconf 87' lang='grc' dir='ltr'><strong><em>τιμίων</em></strong></span> <span class='ocrx_word' id='word_1_239' title='bbox 591 3306 826 3404; x_wconf 84' lang='grc' dir='ltr'><strong><em>ἐπουρανίων</em></strong></span> <span class='ocrx_word' id='word_1_240' title='bbox 859 3305 1060 3394; x_wconf 85' lang='grc' dir='ltr'><strong><em>δυνάμεων</em></strong></span> <span class='ocrx_word' id='word_1_241' title='bbox 1093 3307 1319 3405; x_wconf 85' lang='grc' dir='ltr'><strong><em>ἀσωμάτων,</em></strong></span> <span class='ocrx_word' id='word_1_242' title='bbox 1352 3317 1400 3404; x_wconf 88' lang='grc' dir='ltr'><strong><em>τῆ</em></strong></span> <span class='ocrx_word' id='word_1_243' title='bbox 1426 3305 1584 3404; x_wconf 83' lang='grc' dir='ltr'><strong><em>δυνάμει</em></strong></span> <span class='ocrx_word' id='word_1_244' title='bbox 1685 3321 1686 3338; x_wconf 70' lang='grc'>’</span> 
     </span>
     <span class='ocr_line' id='line_1_30' title="bbox 311 3406 1585 3506; baseline 0.003 -25"><span class='ocrx_word' id='word_1_245' title='bbox 311 3416 380 3482; x_wconf 85' lang='grc' dir='ltr'><strong><em>τοῦ</em></strong></span> <span class='ocrx_word' id='word_1_246' title='bbox 406 3407 531 3504; x_wconf 88' lang='grc' dir='ltr'><strong><em>τιμίου</em></strong></span> <span class='ocrx_word' id='word_1_247' title='bbox 556 3409 620 3484; x_wconf 83' lang='grc' dir='ltr'><strong><em>καί</em></strong></span> <span class='ocrx_word' id='word_1_248' title='bbox 646 3408 829 3500; x_wconf 84' lang='grc' dir='ltr'><strong><em>ζωοποιοῦ</em></strong></span> <span class='ocrx_word' id='word_1_249' title='bbox 856 3418 1035 3503; x_wconf 84' lang='grc' dir='ltr'><strong><em>σταυροῦ,</em></strong></span> <span class='ocrx_word' id='word_1_250' title='bbox 1069 3418 1137 3485; x_wconf 86' lang='grc' dir='ltr'><strong><em>τοῦ</em></strong></span> <span class='ocrx_word' id='word_1_251' title='bbox 1162 3409 1287 3506; x_wconf 88' lang='grc' dir='ltr'><strong><em>τιμίου</em></strong></span> <span class='ocrx_word' id='word_1_252' title='bbox 1313 3406 1471 3496; x_wconf 89' lang='grc' dir='ltr'><strong><em>ἐνδόξου</em></strong></span> <span class='ocrx_word' id='word_1_253' title='bbox 1497 3439 1585 3506; x_wconf 91' lang='grc' dir='ltr'><strong><em>προ-</em></strong></span> 
     </span>
     <span class='ocr_line' id='line_1_31' title="bbox 312 3503 1686 3613; baseline 0.002 -30"><span class='ocrx_word' id='word_1_254' title='bbox 312 3505 435 3607; x_wconf 80' lang='grc' dir='ltr'><strong><em>φήτου</em></strong></span> <span class='ocrx_word' id='word_1_255' title='bbox 467 3508 686 3608; x_wconf 88' lang='grc' dir='ltr'><strong><em>προδρόμου</em></strong></span> <span class='ocrx_word' id='word_1_256' title='bbox 719 3509 784 3585; x_wconf 79' lang='grc' dir='ltr'><strong><em>καὶ</em></strong></span> <span class='ocrx_word' id='word_1_257' title='bbox 808 3515 1026 3587; x_wconf 87' lang='grc' dir='ltr'><strong><em>Βαπτιστοῦ</em></strong></span> <span class='ocrx_word' id='word_1_258' title='bbox 1044 3509 1239 3602; x_wconf 82' lang='grc' dir='ltr'><strong><em>Ἰωάννου,</em></strong></span> <span class='ocrx_word' id='word_1_259' title='bbox 1273 3518 1354 3587; x_wconf 78' lang='grc' dir='ltr'><strong><em>τῶν</em></strong></span> <span class='ocrx_word' id='word_1_260' title='bbox 1379 3509 1504 3613; x_wconf 81' lang='grc' dir='ltr'><strong><em>ἁγίων</em></strong></span> <span class='ocrx_word' id='word_1_261' title='bbox 1530 3516 1585 3586; x_wconf 85' lang='grc' dir='ltr'><strong><em>ἐν·</em></strong></span> <span class='ocrx_word' id='word_1_262' title='bbox 1685 3503 1686 3516; x_wconf 56' lang='grc'>’</span> 
     </span>
     <span class='ocr_line' id='line_1_32' title="bbox 313 3607 1585 3716; baseline 0.001 -31"><span class='ocrx_word' id='word_1_263' title='bbox 313 3607 436 3694; x_wconf 88' lang='grc' dir='ltr'><strong><em>δόξων</em></strong></span> <span class='ocrx_word' id='word_1_264' title='bbox 460 3611 524 3686; x_wconf 81' lang='grc' dir='ltr'><strong><em>καὶ</em></strong></span> <span class='ocrx_word' id='word_1_265' title='bbox 549 3608 807 3712; x_wconf 82' lang='grc' dir='ltr'><strong><em>πανευφῆμων</em></strong></span> <span class='ocrx_word' id='word_1_266' title='bbox 833 3609 1063 3704; x_wconf 88' lang='grc' dir='ltr'><strong><em>ἀποστόλων,</em></strong></span> <span class='ocrx_word' id='word_1_267' title='bbox 1089 3622 1168 3689; x_wconf 80' lang='grc' dir='ltr'><strong><em>τῶν</em></strong></span> <span class='ocrx_word' id='word_1_268' title='bbox 1193 3611 1313 3716; x_wconf 89' lang='grc' dir='ltr'><strong><em>ἁγίων</em></strong></span> <span class='ocrx_word' id='word_1_269' title='bbox 1338 3611 1508 3698; x_wconf 82' lang='grc' dir='ltr'><strong><em>ἐνδόξων</em></strong></span> <span class='ocrx_word' id='word_1_270' title='bbox 1526 3612 1585 3688; x_wconf 80' lang='grc' dir='ltr'><strong><em>καὶ</em></strong></span> 
     </span>
     <span class='ocr_line' id='line_1_33' title="bbox 311 3710 1584 3814; baseline 0.003 -28"><span class='ocrx_word' id='word_1_271' title='bbox 311 3712 536 3788; x_wconf 87' lang='grc' dir='ltr'><strong><em>καλλινίκων</em></strong></span> <span class='ocrx_word' id='word_1_272' title='bbox 568 3710 787 3814; x_wconf 89' lang='grc' dir='ltr'><strong><em>μαρτύρων,</em></strong></span> <span class='ocrx_word' id='word_1_273' title='bbox 823 3722 902 3791; x_wconf 82' lang='grc' dir='ltr'><strong><em>τῶν</em></strong></span> <span class='ocrx_word' id='word_1_274' title='bbox 936 3713 1051 3808; x_wconf 86' lang='grc' dir='ltr'><strong><em>ὁσίων</em></strong></span> <span class='ocrx_word' id='word_1_275' title='bbox 1082 3715 1146 3790; x_wconf 83' lang='grc' dir='ltr'><strong><em>καὶ</em></strong></span> <span class='ocrx_word' id='word_1_276' title='bbox 1177 3711 1381 3814; x_wconf 85' lang='grc' dir='ltr'><strong><em>θεοφόρων</em></strong></span> <span class='ocrx_word' id='word_1_277' title='bbox 1414 3715 1584 3814; x_wconf 81' lang='grc' dir='ltr'><strong><em>πατέρων</em></strong></span> 
     </span>
     <span class='ocr_line' id='line_1_34' title="bbox 310 3811 1585 3920; baseline 0.003 -34"><span class='ocrx_word' id='word_1_278' title='bbox 310 3811 433 3910; x_wconf 80' lang='grc' dir='ltr'><strong><em>ῆμιῢν,</em></strong></span> <span class='ocrx_word' id='word_1_279' title='bbox 459 3821 538 3890; x_wconf 82' lang='grc' dir='ltr'><strong><em>τῶν</em></strong></span> <span class='ocrx_word' id='word_1_280' title='bbox 563 3813 683 3917; x_wconf 88' lang='grc' dir='ltr'><strong><em>ἁγίων</em></strong></span> <span class='ocrx_word' id='word_1_281' title='bbox 700 3813 763 3891; x_wconf 85' lang='grc' dir='ltr'><strong><em>καὶ</em></strong></span> <span class='ocrx_word' id='word_1_282' title='bbox 780 3821 989 3910; x_wconf 82' lang='grc' dir='ltr'><strong><em>λαματικῶν</em></strong></span> <span class='ocrx_word' id='word_1_283' title='bbox 1008 3813 1248 3920; x_wconf 87' lang='grc' dir='ltr'><strong><em>ἀναργύρων,</em></strong></span> <span class='ocrx_word' id='word_1_284' title='bbox 1274 3823 1410 3910; x_wconf 84' lang='grc' dir='ltr'><strong><em>Κοσμᾶ</em></strong></span> <span class='ocrx_word' id='word_1_285' title='bbox 1425 3815 1493 3892; x_wconf 83' lang='grc' dir='ltr'><strong><em>καὶ</em></strong></span> <span class='ocrx_word' id='word_1_286' title='bbox 1510 3823 1585 3892; x_wconf 86' lang='grc' dir='ltr'><strong><em>Δα-</em></strong></span> 
     </span>
     <span class='ocr_line' id='line_1_35' title="bbox 312 3911 1686 4016; baseline 0.003 -28"><span class='ocrx_word' id='word_1_287' title='bbox 312 3924 466 4012; x_wconf 86' lang='grc' dir='ltr'><strong><em>μιανοῦ,</em></strong></span> <span class='ocrx_word' id='word_1_288' title='bbox 493 3911 622 4014; x_wconf 82' lang='grc' dir='ltr'><strong><em>Κύρου</em></strong></span> <span class='ocrx_word' id='word_1_289' title='bbox 647 3917 711 3993; x_wconf 80' lang='grc' dir='ltr'><strong><em>καὶ</em></strong></span> <span class='ocrx_word' id='word_1_290' title='bbox 733 3915 923 4008; x_wconf 87' lang='grc' dir='ltr'><strong><em>Ἰωάννου,</em></strong></span> <span class='ocrx_word' id='word_1_291' title='bbox 951 3915 1256 4015; x_wconf 87' lang='grc' dir='ltr'><strong><em>Παντελεῆμονος</em></strong></span> <span class='ocrx_word' id='word_1_292' title='bbox 1281 3917 1344 3992; x_wconf 81' lang='grc' dir='ltr'><strong><em>καὶ</em></strong></span> <span class='ocrx_word' id='word_1_293' title='bbox 1365 3915 1583 4016; x_wconf 81' lang='grc' dir='ltr'><strong><em>Ἑρμολάου,</em></strong></span> <span class='ocrx_word' id='word_1_294' title='bbox 1685 3969 1686 3972; x_wconf 57' lang='lat'><em>=</em></span> 
     </span>
     <span class='ocr_line' id='line_1_36' title="bbox 313 4016 1584 4117; baseline 0.007 -29"><span class='ocrx_word' id='word_1_295' title='bbox 313 4016 495 4114; x_wconf 79' lang='grc' dir='ltr'><strong><em>Σαμψών</em></strong></span> <span class='ocrx_word' id='word_1_296' title='bbox 519 4018 583 4093; x_wconf 84' lang='grc' dir='ltr'><strong><em>καί</em></strong></span> <span class='ocrx_word' id='word_1_297' title='bbox 599 4017 825 4117; x_wconf 87' lang='grc' dir='ltr'><strong><em>Διομήδους,</em></strong></span> <span class='ocrx_word' id='word_1_298' title='bbox 853 4019 1006 4094; x_wconf 85' lang='grc' dir='ltr'><strong><em>Φωτίου</em></strong></span> <span class='ocrx_word' id='word_1_299' title='bbox 1032 4017 1342 4117; x_wconf 59' lang='grc' dir='ltr'><strong><em>καὶἏνιιιήτου,Ῑ)</em></strong></span> <span class='ocrx_word' id='word_1_300' title='bbox 1374 4019 1584 4096; x_wconf 84' lang='grc' dir='ltr'><strong><em>Θαλαλαίου</em></strong></span> 
     </span>
     <span class='ocr_line' id='line_1_37' title="bbox 310 4117 1584 4224; baseline 0.005 -34"><span class='ocrx_word' id='word_1_301' title='bbox 310 4117 376 4191; x_wconf 79' lang='grc' dir='ltr'><strong><em>καί</em></strong></span> <span class='ocrx_word' id='word_1_302' title='bbox 406 4117 611 4218; x_wconf 80' lang='grc' dir='ltr'><strong><em>Τρύφωνος</em></strong></span> <span class='ocrx_word' id='word_1_303' title='bbox 636 4127 714 4195; x_wconf 87' lang='grc' dir='ltr'><strong><em>τῶν</em></strong></span> <span class='ocrx_word' id='word_1_304' title='bbox 731 4119 851 4224; x_wconf 88' lang='grc' dir='ltr'><strong><em>ἁγίων</em></strong></span> <span class='ocrx_word' id='word_1_305' title='bbox 876 4120 940 4195; x_wconf 82' lang='grc' dir='ltr'><strong><em>καὶ</em></strong></span> <span class='ocrx_word' id='word_1_306' title='bbox 966 4119 1125 4198; x_wconf 83' lang='grc' dir='ltr'><strong><em>δικαίων</em></strong></span> <span class='ocrx_word' id='word_1_307' title='bbox 1150 4118 1397 4220; x_wconf 86' lang='grc' dir='ltr'><strong><em>θεοπατόρων</em></strong></span> <span class='ocrx_word' id='word_1_308' title='bbox 1416 4121 1584 4218; x_wconf 84' lang='grc' dir='ltr'><strong><em>Ἰωακελμ</em></strong></span> 
     </span>
     <span class='ocr_line' id='line_1_38' title="bbox 312 4216 1248 4326; baseline 0.004 -32"><span class='ocrx_word' id='word_1_309' title='bbox 312 4216 377 4294; x_wconf 84' lang='grc' dir='ltr'><strong><em>νιάὶ</em></strong></span> <span class='ocrx_word' id='word_1_310' title='bbox 393 4221 537 4319; x_wconf 81' lang='grc' dir='ltr'><strong><em>Ἄννης,</em></strong></span> <span class='ocrx_word' id='word_1_311' title='bbox 564 4221 627 4296; x_wconf 81' lang='grc' dir='ltr'><strong><em>καὶ</em></strong></span> <span class='ocrx_word' id='word_1_312' title='bbox 660 4219 814 4306; x_wconf 88' lang='grc' dir='ltr'><strong><em>πάντων</em></strong></span> <span class='ocrx_word' id='word_1_313' title='bbox 839 4231 918 4298; x_wconf 81' lang='grc' dir='ltr'><strong><em>τῶν</em></strong></span> <span class='ocrx_word' id='word_1_314' title='bbox 944 4221 1074 4326; x_wconf 89' lang='grc' dir='ltr'><strong><em>ἁγίων.</em></strong></span> <span class='ocrx_word' id='word_1_315' title='bbox 1120 4219 1248 4322; x_wconf 82' lang='grc' dir='ltr'><strong><em>Ἀμήν.</em></strong></span> 
     </span>
    </p>
   </div>
   <div class='ocr_carea' id='block_1_3' title="bbox 1514 4375 1526 4411">
    <p class='ocr_par' dir='ltr' id='par_1_5' title="bbox 1514 4375 1526 4411">
     <span class='ocr_line' id='line_1_39' title="bbox 1514 4375 1526 4411; baseline 0 0"><span class='ocrx_word' id='word_1_316' title='bbox 1514 4375 1526 4411; x_wconf 85' lang='grc' dir='ltr'><strong><em>Ι</em></strong></span> 
     </span>
    </p>
   </div>
   <div class='ocr_carea' id='block_1_4' title="bbox 401 4459 1686 4526">
    <p class='ocr_par' dir='ltr' id='par_1_6' title="bbox 401 4459 1686 4526">
     <span class='ocr_line' id='line_1_40' title="bbox 401 4459 1686 4526; baseline 0 -14"><span class='ocrx_word' id='word_1_317' title='bbox 401 4461 426 4522; x_wconf 84' lang='lat'><strong><em>1)</em></strong></span> <span class='ocrx_word' id='word_1_318' title='bbox 452 4461 570 4514; x_wconf 74' lang='lat' dir='ltr'><strong>contem</strong></span> <span class='ocrx_word' id='word_1_319' title='bbox 595 4465 618 4514; x_wconf 84' lang='lat' dir='ltr'><strong><em>in</em></strong></span> <span class='ocrx_word' id='word_1_320' title='bbox 637 4462 780 4514; x_wconf 70' lang='lat' dir='ltr'><strong>calendario</strong></span> <span class='ocrx_word' id='word_1_321' title='bbox 799 4459 840 4512; x_wconf 78' lang='lat'><strong><em>³1.</em></strong></span> <span class='ocrx_word' id='word_1_322' title='bbox 853 4461 903 4512; x_wconf 79' lang='grc' dir='ltr'><strong><em>1ου.</em></strong></span> <span class='ocrx_word' id='word_1_323' title='bbox 922 4460 1024 4513; x_wconf 68' lang='grc' dir='ltr'><strong><em>Ἰλίου.</em></strong></span> <span class='ocrx_word' id='word_1_324' title='bbox 1043 4460 1140 4513; x_wconf 66' lang='lat' dir='ltr'><strong>mul.</strong></span> <span class='ocrx_word' id='word_1_325' title='bbox 1160 4461 1199 4514; x_wconf 78' lang='lat'><strong><em>12.</em></strong></span> <span class='ocrx_word' id='word_1_326' title='bbox 1209 4463 1267 4526; x_wconf 72' lang='grc' dir='ltr'><strong><em>λος.</em></strong></span> <span class='ocrx_word' id='word_1_327' title='bbox 1288 4462 1327 4514; x_wconf 76' lang='grc'><strong><em>16.</em></strong></span> <span class='ocrx_word' id='word_1_328' title='bbox 1340 4464 1397 4526; x_wconf 72' lang='grc' dir='ltr'><strong><em>λος.</em></strong></span> <span class='ocrx_word' id='word_1_329' title='bbox 1418 4461 1547 4513; x_wconf 70' lang='lat' dir='ltr'><strong><em>Diomedes</em></strong></span> <span class='ocrx_word' id='word_1_330' title='bbox 1564 4471 1585 4513; x_wconf 79' lang='grc' dir='ltr'><strong><em>ει</em></strong></span> <span class='ocrx_word' id='word_1_331' title='bbox 1685 4479 1686 4482; x_wconf 65' lang='grc'>’</span> 
     </span>
    </p>
   </div>
   <div class='ocr_carea' id='block_1_5' title="bbox 312 4539 1686 4691">
    <p class='ocr_par' dir='ltr' id='par_1_7' title="bbox 312 4539 1686 4691">
     <span class='ocr_line' id='line_1_41' title="bbox 312 4539 1686 4636; baseline 0.001 -41"><span class='ocrx_word' id='word_1_332' title='bbox 312 4544 445 4636; x_wconf 56' lang='lat' dir='ltr'><strong><em>§nquam</em></strong></span> <span class='ocrx_word' id='word_1_333' title='bbox 469 4559 518 4596; x_wconf 81' lang='grc' dir='ltr'><strong><em>που</em></strong></span> <span class='ocrx_word' id='word_1_334' title='bbox 542 4546 604 4598; x_wconf 71' lang='lat' dir='ltr'>inter</span> <span class='ocrx_word' id='word_1_335' title='bbox 627 4539 794 4615; x_wconf 83' lang='grc' dir='ltr'><strong><em>ἀναργύρυν</em></strong></span> <span class='ocrx_word' id='word_1_336' title='bbox 819 4559 945 4597; x_wconf 66' lang='lat' dir='ltr'><strong>munorum</strong></span> <span class='ocrx_word' id='word_1_337' title='bbox 968 4545 1046 4609; x_wconf 75' lang='grc' dir='ltr'><strong><em>τάπὶ,</em></strong></span> <span class='ocrx_word' id='word_1_338' title='bbox 1070 4554 1223 4610; x_wconf 57' lang='lat' dir='ltr'><strong><em>testatorum</em></strong></span> <span class='ocrx_word' id='word_1_339' title='bbox 1241 4555 1265 4598; x_wconf 70' lang='grc' dir='ltr'><strong><em>τε</em></strong></span> <span class='ocrx_word' id='word_1_340' title='bbox 1282 4555 1434 4599; x_wconf 66' lang='lat' dir='ltr'><strong>mortuorum</strong></span> <span class='ocrx_word' id='word_1_341' title='bbox 1453 4548 1585 4613; x_wconf 72' lang='grc' dir='ltr'><strong><em>μοιιοάαἰο</em></strong></span> <span class='ocrx_word' id='word_1_342' title='bbox 1685 4569 1686 4608; x_wconf 56' lang='grc' dir='ltr'><strong><em>η</em></strong></span> 
     </span>
     <span class='ocr_line' id='line_1_42' title="bbox 313 4627 1686 4691; baseline 0.018 -15"><span class='ocrx_word' id='word_1_343' title='bbox 313 4637 502 4691; x_wconf 67' lang='lat' dir='ltr'><strong>magnatum.</strong></span> <span class='ocrx_word' id='word_1_344' title='bbox 1685 4627 1686 4644; x_wconf 40' lang='lat'>¹</span> 
     </span>
    </p>
   </div>
   <div class='ocr_carea' id='block_1_6' title="bbox 0 0 1712 5304">
    <p class='ocr_par' dir='ltr' id='par_1_8' title="bbox 0 0 1712 5304">
     <span class='ocr_line' id='line_1_43' title="bbox 0 0 1712 5304; baseline 0 0"><span class='ocrx_word' id='word_1_345' title='bbox 0 0 1712 5304; x_wconf 95' lang='lat' dir='ltr'><strong><em> </em></strong></span> 
     </span>
    </p>
   </div>
  </div>
 </body>
</html>
