3368 5308
696 417 770 492 465

177 603 391 678 Oblatioae
377 627 413 677 aa
439 613 556 677 sancta
581 623 694 681 measa
716 606 830 722 peada
856 606 937 679 dicit
964 603 1059 677 clara
1083 627 1182 677 uoce:

175 705 245 780 Tua
278 729 318 778 ex
354 707 418 779 tuis
451 704 511 777 tibi
546 705 759 780 offerimus
750 733 784 780 m
820 707 975 781 omnihus
1009 716 1043 780 at
1074 729 1134 804 per
1168 705 1278 779 omnia
1305 716 1368 780 etc.

107 803 157 880 Τὰ
184 805 232 879 σὰ
258 808 299 879 εκ
324 813 402 880 τῶν
429 813 508 880 σῶν
533 832 566 904 p.
579 808 664 881 359.

177 909 317 982 Chorus.
369 909 571 982 Benedictus
599 935 636 983 es
663 909 698 982 in
725 875 893 1002 omnibus,
926 910 1078 982 Domine.
1131 908 1177 981 'l'e
1205 909 1368 1002 canimus,

102 1011 252 1102 Domine,
280 1022 312 1083 te
338 1035 524 1108 precamur,
551 1011 642 1084 Deus
668 1023 784 1085 noster
811 1023 873 1084 etc.
901 1008 1004 1084 Σεε
982 1017 1177 1106 υμνοῦμεν
1201 1036 1234 1109 p.
1246 1012 1331 1084 359.
1342 1009 1365 1108 ¹)

173 1113 262 1185 Dum
286 1114 369 1186 haec
394 1123 572 1200 canantur,
600 1113 766 1186 Sacerdos
782 1113 935 1185 manibus
951 1112 1109 1211 expansis
1128 1124 1203 1185 orat
1220 1123 1368 1187 secreto:

173 1215 328 1288 Profecto
354 1225 388 1286 te
416 1215 577 1307 canimus,
604 1214 745 1288 Domine
763 1216 854 1288 Deus
881 1225 1006 1308 noster,
1033 1225 1067 1288 et
1093 1216 1216 1310 gratias
1238 1215 1369 1312 agimus

102 1316 157 1388 tibi
186 1319 418 1413 sempiternas,
445 1317 533 1414 quod
559 1315 646 1388 band
673 1317 827 1414 despecta
854 1315 1052 1412 indignitate
1074 1326 1199 1410 nostra,
1227 1341 1288 1390 nos
1306 1317 1369 1390 mi·

101 1420 222 1491 nistros
249 1417 358 1490 fecisti
385 1417 548 1490 tremendi
576 1419 623 1490 tui
651 1427 685 1490 ct
710 1418 886 1492 ineffabilis
913 1419 1073 1515 mysterii.
1124 1417 1199 1491 Non
1225 1443 1265 1492 ex
1291 1442 1369 1516 ope·

100 1521 191 1592 ribus
218 1520 376 1614 iustitiae,
404 1541 487 1617 quae
513 1519 654 1592 fecimus
681 1544 742 1593 nos
770 1521 835 1615 (his
862 1521 951 1594 enim
969 1543 1101 1618 semper
1121 1525 1283 1615 egemus),
1310 1521 1370 1594 sed

101 1623 216 1694 conlisi
250 1645 370 1718 magna
404 1633 459 1693 tna
494 1622 722 1695 misericordia
756 1622 1021 1720 appropinquare
1056 1646 1215 1696 conamur
1240 1623 1282 1694 ad
1307 1623 1367 1694 mi·

100 1725 274 1797 nisterium
310 1722 458 1820 corporis
486 1733 520 1796 et
545 1724 718 1820 sanguinis
754 1724 917 1820 anigeniti
944 1725 1019 1798 llilii
1054 1725 1102 1798 tui
1129 1723 1203 1797 lesu
1232 1724 1368 1817 Christi,

101 1825 233 1898 Domini
266 1850 304 1899 ac
338 1825 558 1921 redemptoris
591 1827 710 1918 nostri,
745 1828 798 1898 cui
833 1827 937 1922 gloria
972 1836 1006 1899 et
1030 1835 1178 1924 potestas
1205 1839 1239 1898 et
1262 1826 1372 1898 honor

101 1951 189 2000 nunc
216 1938 249 1999 et
274 1951 407 2026 semper
432 1938 467 2000 ct
492 1926 526 1999 in
553 1929 694 2000 saecula.
745 1926 893 2023 dmenl)

175 2029 358 2102 mamas.
411 2027 565 2121 Domine,
595 2029 745 2102 benedic.

175 2131 355 2204 Sacerdos.
408 2131 473 2202 Pax
498 2131 592 2203 vobis
619 2130 785 2204 omnibns.

178 2232 317 2306 Chorus.
370 2231 414 2304 Et
440 2256 514 2305 cum
542 2233 661 2329 spiritu
690 2244 758 2306 tuo.

176 2333 358 2406 Diaconos.
411 2333 590 2406 Precemur
615 2334 733 2407 Deum.

178 2435 318 2508 Chanes.
370 2435 417 2508 'fc
435 2457 620 2533 precamur,
638 2437 791 2528 Domine,
818 2435 880 2508 Fili
898 2434 971 2527 Dei,
999 2433 1055 2532 qui
1079 2433 1209 2506 oblatus
1227 2457 1264 2505 es
1281 2430 1371 2504 Patri

101 2538 231 2610 victima
266 2538 557 2636 reconciliationis,
591 2538 686 2654 parnis
719 2537 815 2609 vitae.
869 2536 933 2623 Qui
968 2547 999 2609 te
1032 2561 1092 2633 pro
1127 2536 1223 2608 nobis
1250 2532 1371 2606 dedisti

100 2639 300 2712 effundendo
321 2640 504 2735 pretiosum
521 2640 719 2733 sanguinem
740 2649 846 2731 tuum,
872 2663 1047 2737 precamur
1065 2648 1109 2731 tc,
1127 2649 1165 2711 ut
1181 2634 1371 2711 miserearis

103 2743 182 2814 huic
207 2752 283 2814 tuae
310 2742 482 2833 ecclesiae,
510 2765 607 2838 qnam
635 2741 815 2814 redemisti.
825 2739 848 2836 ³)

179 2841 346 2915 Sacerdos
367 2844 538 2942 profunde
563 2843 745 2915 inclinatas
773 2843 874 2914 dicit:

178 2944 224 3017 'l'e
252 2945 479 3040 deprecamur,
513 2943 600 3017 bone
627 2946 729 3036 Deus,
758 2943 980 3041 supplicamus
1007 2953 1041 3013 et
1065 2941 1220 3039 petimus,
1254 2941 1370 3012 demit·

103 3055 172 3118 tere
207 3046 289 3118 velis
316 3046 477 3143 Spiritum
512 3058 604 3119 tuum
632 3045 791 3119 Sanctum
827 3043 1142 3116 consubstantialem
1175 3065 1276 3139 super
1309 3065 1371 3114 nos

105 3159 135 3220 et
162 3147 371 3244 superhaec
399 3171 545 3220 munera.

180 3249 299 3344 Saroit
325 3261 357 3322 et
384 3251 495 3344 accat
516 3273 648 3346 panem,
677 3248 789 3321 diceas
816 3255 880 3318 ter
885 3267 963 3320 cece
985 3243 1168 3318 submissa:

177 3350 326 3424 Benedic
356 3374 478 3448 panem
510 3363 544 3423 et
577 3351 628 3424 fac
662 3375 737 3422 enm
773 3372 893 3445 correus
919 3346 1052 3420 Domini
1087 3355 1121 3418 et
1152 3343 1372 3440 redemptoris

105 3454 208 3526 noshi
234 3451 309 3525 lesu
337 3453 473 3525 Christi

178 3554 345 3628 Diaconos
372 3565 424 3626 ter
453 3563 603 3626 secreto:
629 3553 746 3624 Amen.

180 3656 347 3729 Sacerdos
373 3655 477 3730 siraih
502 3653 632 3726 ratione
659 3653 823 3728 benedicit
849 3652 961 3725 cinam
988 3662 1040 3721 ter
1066 3649 1199 3720 discam:

106 3929 215 3988 statana,
232 3941 264 3976 sn
282 3925 321 3977 die
340 3928 363 3976 ia
383 3927 529 3978 Gotteslralt
547 3925 694 3976 rollbrachte
713 3923 888 3980 himmelfahrt‚
907 3935 935 3970 an
954 3921 998 3972 das
1017 3919 1095 3970 Sitaen
1114 3933 1142 3968 an
1161 3918 1249 3969 Deiner
1260 3918 1373 3978 hechtes,

106 4009 180 4062 farer.
216 4010 258 4062 Dia
277 4011 415 4062 larchthara
439 4011 487 4062 aad
511 4009 631 4061 hercliahe
654 4010 735 4059 ancile
752 4008 857 4058 dalnaft
875 4006 998 4056 helenum
1018 4005 1066 4055 and
1084 4003 1181 4068 preissn
1199 4003 1249 4051 nir.
1284 4001 1373 4062 Confe-

107 4108 144 4144 τις
163 4093 256 4159 uass.

189 4179 213 4238 l)
230 4179 315 4229 secet:
334 4180 360 4229 ln
379 4179 454 4230 tlleru
473 4179 521 4229 bist
539 4180 572 4229 Du
592 4179 727 4242 gemmam,
747 4177 823 4240 llarr3
842 4177 886 4226 rrlr
903 4173 975 4225 laben
993 4175 1060 4234 Dleh,
1078 4174 1122 4222 retr
1140 4168 1313 4236 protuerunt,
1331 4169 1375 4218 nir

109 4263 199 4314 danlae
217 4263 267 4322 Dic,
283 4264 326 4312 nir
343 4265 417 4314 bitten
437 4263 504 4324 Dich,
523 4263 583 4313 llerr
602 4277 674 4312 unser
693 4264 755 4314 corr.

190 4347 216 4406 2)
234 4349 350 4398 conferas
368 4349 500 4398 orationem
519 4347 614 4397 basilii:
633 4339 686 4393 Aac
704 4343 782 4394 τοῦτο
801 4340 921 4394 δέσποτα
940 4334 1059 4406 nardyrs
1078 4357 1100 4405 p.
1112 4337 1170 4388 430.

189 4431 215 4490 31
233 4433 317 4484 Steti:
337 4433 379 4482 Die
396 4432 527 4482 lectoren:
546 4433 593 4482 for
610 4431 660 4491 Dic,
680 4431 747 4481 flers.
784 4429 850 4478 Sohn
869 4427 1077 4487 calceabantur
1097 4425 1151 4473 dem
1170 4422 1240 4470 fater
1256 4434 1299 4469 aar
1315 4419 1374 4469 Ver·

110 4518 216 4578 sehunna
235 4517 436 4580 accolentium,
455 4501 528 4566 thella
545 4516 589 4566 das
602 4515 665 4566 Drcd
682 4515 725 4564 des
738 4513 831 4563 tabens
849 4521 919 4562 anter
936 4525 981 4562 ans
1000 4523 1057 4561 aaa:
1075 4509 1151 4559 durch
1170 4505 1376 4567 dietergiessnug

111 4599 194 4652 heines
218 4603 322 4664 heiligen
341 4601 422 4654 Dlates
446 4602 519 4652 bition
545 4599 672 4661 wichim,
693 4599 802 4649 erhsrme
820 4597 878 4648 Dich
897 4597 941 4648 dar
959 4595 1033 4646 durch
1052 4593 1111 4643 Dein
1131 4593 1184 4642 Dlat
1202 4589 1308 4640 erlosten
1327 4589 1375 4639 Ga-

112 4687 211 4736 aetate.
