3416 5290
730 415 803 518 εὀε

210 617 249 689 ‘0
271 617 388 710 ίερεύς.
431 617 554 711 Εἰρήνη
575 625 673 690 πᾶσι.

211 719 249 790 ‘0
272 719 436 803 διάκονος.
482 721 553 804 Τάς
572 721 723 812 κεφαλάς
742 719 838 809 ὐμῶν
855 727 904 814 ’τῷ
925 719 1041 813 Κυρίῳ
1060 718 1201 792 κλίνατε.

211 821 318 912 Κύριε
345 819 365 892 6
388 821 476 905 Θεὸς
500 820 603 914 ημῶν,
631 821 652 913 ἡ
674 821 772 904 δλοιίς
791 823 850 893 καί
868 825 1042 916 καταφυγῆ
1064 822 1200 894 πόντων
1220 831 1286 894 τῶν
1308 823 1406 895 ὸλπι-

123 921 250 1008 ζόντων
272 924 333 994 ἀπὸ
353 925 402 1008 σε’,
424 920 444 994 6
467 921 652 1015 διαφόρους
672 921 773 1010 ὸδοὸς
793 923 959 1017 σωτηρίας
977 923 1058 1017 ἡμῖν
1077 922 1261 1010 ὑποδείξας
1275 927 1334 996 διὰ
1346 933 1406 1016 τῆς

122 1023 416 1114 ἀνανθρωπόσεως
435 1033 497 1095 τοῦ
518 1033 669 1115 Χριστοῦ
690 1049 761 1109 σου,
784 1024 966 1116 πρόςδεξαι
985 1026 1045 1095 τὸν
1066 1025 1187 1097 δοῦλόν
1208 1051 1273 1097 σου
1285 1025 1406 1112 (τόνδε)

122 1126 185 1195 τὸν
206 1122 424 1196 ἀπολιπόντα
454 1127 516 1208 τὸς
535 1127 696 1214 κοσμικὰς
717 1125 983 1215 ἐπιθυμίαςκαὶ
1004 1125 1123 1197 ἑαυτὸν
1143 1126 1405 1220 προςενέγκαντά

123 1239 184 1299 ’σοι
204 1235 253 1318 τῷ
275 1226 433 1322 δεσπότῃ,
458 1227 583 1299 θυσίαν
604 1229 712 1314 ζῶσαν
733 1226 921 1319 εὐάρεστον.
963 1227 1106 1316 Περίελε
1127 1225 1185 1298 ἀπ’
1211 1227 1314 1299 αὐτοῦ
1335 1236 1406 1301 πᾶ-

123 1351 191 1399 σαν
212 1330 369 1421 οαρεικὴν
388 1327 578 1419 ἐπιθυμίαν
597 1331 655 1400 καί
675 1331 736 1412 τάς
756 1327 898 1420 ἀλόγους
917 1328 1137 1422 προςληψεις,
1158 1333 1215 1400 ἵνα
1232 1339 1276 1424 τῇ
1298 1329 1405 1423 ἀφαι-

123 1431 221 1522 ρέσει
240 1437 307 1498 τῶν
327 1429 543 1524 ἀναισθήτων
563 1437 682 1520 τριχῶν
701 1432 978 1523 συναποβάληται
997 1434 1054 1502 καί
1074 1433 1135 1514 τάς
1149 1429 1290 1524 ἀλόγους
1304 1434 1407 1504 ἔνθυ-

122 1530 247 1622 ’μήσεις
267 1557 304 1601 τε
324 1533 381 1602 καλ
402 1531 542 1621 πράξεις
561 1533 619 1602 καί
640 1531 772 1624 ἀξιωθῇ
793 1532 972 1620 ἀναλαβεῖν
992 1533 1050 1604 τὸν
1071 1531 1168 1624 ζυγόν
1181 1557 1243 1604 σου
1256 1534 1315 1604 τὸν
1326 1559 1407 1626 χρη-

123 1635 208 1704 στὸν
227 1634 285 1703 καί
304 1633 344 1702 τὸ
366 1633 514 1727 έλαφρόν
534 1659 596 1706 σου
617 1635 757 1725 φορτίον
777 1635 834 1704 καὶ
856 1628 937 1723 ἀραι
956 1635 1015 1705 τὸν
1035 1636 1187 1725 σταυρὸν,
1215 1634 1405 1726 ἀκολουθῆ-

123 1734 188 1805 ’σαί
215 1747 272 1805 σοι
296 1741 346 1827 τῷ
372 1735 531 1830 δεσπότῃ.
572 1733 785 1828 Διοτήρηοον
812 1733 914 1806 αὐτὸν
935 1733 984 1818 τίς
1003 1735 1062 1805 τὸν
1082 1737 1142 1806 σὸν
1163 1734 1329 1826 ἀγιαομὸν
1349 1735 1407 1806 καλ

126 1836 281 1928 δῶρησαι
308 1835 400 1928 αὐτῷ
425 1837 592 1924 πρόθεσιν
620 1834 752 1927 ἀγαθὴν
780 1838 816 1908 ὲν
842 1843 882 1930 τῇ
902 1834 1038 1929 τηρήσει
1058 1843 1124 1906 τῶν
1145 1835 1248 1926 ἀγίων
1269 1862 1330 1907 σου
1351 1837 1406 1907 ὸν-

122 1941 245 2022 τολῶν,
273 1946 489 2030 συναριθμῶν
517 1937 617 2008 αὐτὸν
643 1939 679 2009 έν
704 1944 809 2030 καιρῷ
831 1937 962 2028 εὐθέτῳ
983 1944 1031 2029 τῷ
1049 1945 1140 2028 χορῷ
1159 1945 1226 2007 τῶν
1247 1939 1406 2009 ἐκλεκτῶν

123 2061 201 2110 σου.
244 2039 372 2130 Χάριτι
398 2041 456 2111 καὶ
484 2040 730 2134 φιλανθρωπίᾳ
755 2047 815 2110 τοῦ
840 2048 1041 2130 μονογενοῦς
1066 2063 1128 2109 σου
1150 2038 1235 2124 υίεῦ,
1260 2039 1340 2128 μεθ’
1364 2033 1405 2110 οὐ

124 2139 307 2234 εὐλογητὸς
327 2137 367 2225 εί,
389 2143 449 2212 σὸν
469 2151 518 2233 τῷ
546 2141 700 2234 παναγίῳ
725 2143 785 2212 καὶ
812 2141 935 2233 ἀγαθῶ
961 2142 1019 2212 καί
1041 2142 1199 2232 ζωοποιῶ
1218 2165 1281 2212 σου
1302 2140 1404 2210 πνεῦ-

122 2269 221 2332 ματι,
243 2250 299 2313 νῦν
319 2244 375 2314 καί
398 2242 462 2327 ἀεὶ,
482 2245 540 2316 καὶ
561 2244 611 2327 εἷς
630 2244 709 2326 τοὸς
730 2243 854 2326 αίῶνας
873 2251 940 2312 τῶν
960 2241 1100 2315 αίιόνων.
1139 2242 1255 2335 Ἀμήν.
1275 2259 1279 2266 ’

213 2340 299 2416 Rha
326 2345 471 2429 ἐκτείνας
498 2349 557 2438 τὴν
582 2353 678 2437 χεῖρα
705 2343 808 2416 αὐτοῦ
835 2344 855 2417 ὸ
883 2343 990 2437 ίερεὸς
1015 2343 1065 2427 είς
1092 2347 1131 2416 τὸ
1153 2345 1251 2434 ἀγιον
1270 2342 1405 2436 εὐαγγέ-

123 2449 212 2530 λιον,
234 2450 338 2537 λέγει·
757 2463 760 2472 ’

127 2585 133 2596 ·
212 2546 297 2618 Ἰδοὸ
319 2547 338 2619 ὸ
360 2551 508 2641 Χριστὸς
528 2547 680 2642 ἀοράτως
701 2551 851 2620 δνταῦθα
872 2546 1026 2640 πάρεοτι.
1068 2549 1193 2632 Βλέπε,
1216 2547 1272 2618 ὅτι
1293 2545 1404 2632 οὐδείς

122 2673 167 2720 σε
196 2648 371 2740 ἀναγκάζει
398 2653 513 2723 ἐλθεῖν
540 2653 600 2724 ἀπὶ
626 2653 786 2723 ταῦτατὸ
808 2658 928 2744 σχῆμα.
970 2649 1095 2736 Βλέπε,
1123 2649 1178 2720 ὅτι
1197 2652 1239 2722 σὸ
1261 2651 1298 2721 ἐκ
1317 2678 1404 2742 προ-

124 2752 260 2834 θέσεως
296 2754 412 2835 θέλεις
442 2755 500 2824 τὸνΙ
538 2751 714 2846 ἀρραβῶνα
746 2761 806 2824 τοῦ
835 2747 983 2842 μεγάλου
1018 2752 1077 2822 καὸ
1114 2749 1286 2844 ἀγγελικοῦ
1324 2751 1404 2844 σχή-

122 2879 245 2942 ματος.

211 2951 416 3043 Ἀπόκρισις.
458 2955 539 3037 Ναλ,
561 2951 651 3040 τίμιε
671 2953 790 3044 πάεερ,
811 2955 848 3024 ἐκ
869 2953 1078 3044 προθέσεως.

126 3085 130 3092 ’
215 3056 286 3123 Καὶ
306 3055 392 3141 μετά
411 3053 450 3123 τὸ
472 3054 714 3137 συντάξασθαι,
736 3057 825 3144 λέγει
845 3057 933 3143 πρὸς
954 3051 1055 3124 αὐτὸν
1076 3049 1095 3124 ὸ
1119 3051 1240 3143 ὸερεύς·

213 3155 316 3246 Λάβι
336 3157 376 3226 τὸ
397 3153 565 3249 φολίδων
579 3157 636 3226 καλ
657 3155 777 3237 έπίδος
795 3152 970 3243 μοιαύτό.
1016 3152 1108 3242 Τρίς.

135 3297 138 3304 ·
214 3259 285 3328 Καὶ
314 3257 492 3342 έπιδόντος
518 3256 622 3328 αὐτοῦ
648 3258 687 3327 τὸ
715 3256 888 3349 ψαλίδιον,
917 3247 1006 3346 λέγειΙ
1026 3253 1131 3325 πόλιν
1151 3256 1239 3347 πρὸς
1260 3253 1403 3327 αὐτὸνδ

127 3359 161 3431 λε
184 3357 254 3442 εὐς·
1080 3363 1085 3376 ”

162 3387 181 3450 ρ
212 3459 298 3532 Ἰδοὸ
327 3461 363 3532 έκ
389 3469 449 3554 τῆς
473 3461 585 3552 χειρὸς
608 3467 671 3530 τοῦ
698 3466 848 3552 Χριστοῦ
878 3457 1061 3548 λαμβάνεις
1088 3456 1181 3529 αὐτὸ.
1223 3459 1338 3532 Βλέπε
1365 3459 1404 3532 δέ

126 3563 197 3636 τίνι
217 3561 392 3655 συντάοοη,
413 3563 480 3634 τίνι
500 3563 664 3656 προςέργη
685 3564 742 3632 καὶ
762 3561 829 3632 τίνι
850 3558 1039 3654 ἀποτάοση.

215 3666 286 3735 Καὶ
307 3668 419 3751 λαβὼν
440 3662 459 3734 ὸ
482 3663 588 3754 ίερεὸς
607 3665 647 3733 τὸ
663 3663 824 3753 ψαλίδιον
838 3662 874 3733 έκ
887 3669 948 3734 τοῦ
963 3660 1059 3751 ἀγίου
1073 3658 1274 3752 εὐαγγελίου,
1296 3663 1404 3753 λέγει·

214 3763 402 3857 Εὐλογητὸς
427 3763 447 3835 6
471 3767 566 3849 Θεὸς,
594 3763 614 3836 6
642 3765 754 3836 θέλων
781 3764 912 3847 πάντας
938 3760 1143 3854 ἀνθρώπους
1169 3772 1324 3856 σωθῆναι
1346 3764 1404 3837 καί

128 3866 181 3952 εἰς
202 3865 381 3958 έπίγνωσιν
402 3865 565 3959 ἀληθείας
586 3869 710 3951 ὸλθεῖν,
732 3864 753 3936 6
775 3865 821 3936 ῶν
842 3864 1018 3955 εὐλογητὸς
1038 3863 1087 3948 είς
1106 3865 1185 3949 τούς
1200 3863 1324 3949 αἰῶνας
1336 3875 1403 3936 τῶν

128 3995 272 4041 αιωνων.
844 4001 849 4010 ·

217 4065 303 4140 Βίτα
323 4068 473 4159 κοορεύει
495 4064 596 4139 αὐτὸν
616 4066 635 4138 6
658 4065 765 4158 λερεὸς
784 4071 1017 4159 σταυροειδῶς,
1039 4067 1159 4158 λέγων·

214 4169 253 4240 ‘0
276 4169 423 4264 ἀδελφὸς
442 4168 537 4261 ἡμῶν
558 4167 589 4252 (ὁ
611 4172 714 4255 δεῖνα)
735 4169 881 4260 κείρεται
901 4171 961 4262 τήν
980 4167 1083 4262 κόμην
1103 4176 1162 4260 τῆς
1180 4169 1327 4262 κεφαλῆς
1342 4167 1403 4239 αὐ-

128 4279 204 4356 τοῦ,
226 4271 275 4354 είς
294 4275 333 4343 τὸ
354 4267 461 4359 ὄνομα
481 4277 542 4342 τοῦ
562 4273 700 4364 πατρὸς,
723 4273 779 4342 καί
799 4279 861 4341 τοῦ
880 4271 965 4356 υἱοῦ,
985 4269 1043 4341 καί
1063 4277 1123 4340 τοῦ
1142 4266 1238 4360 ἀγίου
1252 4268 1403 4360 πνεῦμα-

128 4399 204 4470 τος.Ι
243 4371 404 4460 Βίπωμεν
423 4371 509 4463 ὑπὲρ
533 4369 706 4456 αὐτοῦτὸ,
728 4371 844 4464 Κύριε,
865 4373 1012 4465 ἐλέησον.

218 4473 289 4544 Καί
310 4473 478 4567 ψάλλεται
498 4473 593 4565 παρὸ
613 4483 679 4543 τῶν
700 4471 856 4566 ἀδελφῶν
874 4476 925 4558 τὸ,
947 4474 1062 4566 Κύριε,
1084 4471 1233 4564 ίλέησον.·

218 4571 304 4647 Βὸτα
325 4577 434 4647 ένδύει
455 4575 555 4647 αὐτὸν
575 4577 614 4646 τὸ
637 4574 779 4664 ίμάτιον,
801 4577 920 4666 λέγων·

215 4672 255 4748 ‘O
281 4675 429 4772 ἀδελφὸς
454 4677 548 4772 ἡμῶν
574 4675 607 4764 (ὸ
629 4680 733 4764 δεῖνα)
761 4677 912 4750 ένδύεται
936 4683 1060 4765 χιτῶνα
1086 4671 1323 4766 ἀγαλλιάσεως,
1351 4675 1400 4759 εἷς

1144 4780 1201 4836 4³*
