<?xml version="1.0" encoding="UTF-8"?>
<!DOCTYPE html PUBLIC "-//W3C//DTD XHTML 1.0 Transitional//EN"
    "http://www.w3.org/TR/xhtml1/DTD/xhtml1-transitional.dtd">
<html xmlns="http://www.w3.org/1999/xhtml" xml:lang="en" lang="en">
 <head>
  <title>
</title>
<meta http-equiv="Content-Type" content="text/html;charset=utf-8" />
  <meta name='ocr-system' content='tesseract 3.04.00' />
  <meta name='ocr-capabilities' content='ocr_page ocr_carea ocr_par ocr_line ocrx_word'/>
</head>
<body>
  <div class='ocr_page' id='page_1' title='image "./codexliturgicus04danigoog/codexliturgicus04danigoog_0188.png"; bbox 0 0 3360 5304; ppageno 0'>
   <div class='ocr_carea' id='block_1_1' title="bbox 83 641 1356 1048">
    <p class='ocr_par' dir='ltr' id='par_1_1' title="bbox 83 641 1356 1048">
     <span class='ocr_line' id='line_1_1' title="bbox 149 641 1068 740; baseline 0.001 -24"><span class='ocrx_word' id='word_1_1' title='bbox 149 641 376 740; x_wconf 86' lang='lat' dir='ltr'><strong>llaepondent.</strong></span> <span class='ocrx_word' id='word_1_2' title='bbox 429 641 583 716; x_wconf 81' lang='lat' dir='ltr'><strong>Tecum</strong></span> <span class='ocrx_word' id='word_1_3' title='bbox 610 653 651 714; x_wconf 91' lang='lat' dir='ltr'><strong>et</strong></span> <span class='ocrx_word' id='word_1_4' title='bbox 677 665 768 716; x_wconf 89' lang='lat' dir='ltr'><strong>oum</strong></span> <span class='ocrx_word' id='word_1_5' title='bbox 794 643 958 740; x_wconf 88' lang='lat' dir='ltr'><strong>spiritu</strong></span> <span class='ocrx_word' id='word_1_6' title='bbox 985 654 1068 717; x_wconf 89' lang='lat' dir='ltr'><strong>tuo.</strong></span> 
     </span>
     <span class='ocr_line' id='line_1_2' title="bbox 99 743 1356 920; baseline 0.006 -105"><span class='ocrx_word' id='word_1_7' title='bbox 99 847 120 918; x_wconf 76' lang='lat' dir='ltr'>h</span> <span class='ocrx_word' id='word_1_8' title='bbox 151 744 307 920; x_wconf 49' lang='lat' dir='ltr'><strong>illisam</strong></span> <span class='ocrx_word' id='word_1_9' title='bbox 328 766 449 841; x_wconf 87' lang='lat' dir='ltr'><strong>pacem</strong></span> <span class='ocrx_word' id='word_1_10' title='bbox 474 744 539 816; x_wconf 85' lang='lat' dir='ltr'><strong>eibi</strong></span> <span class='ocrx_word' id='word_1_11' title='bbox 563 743 705 817; x_wconf 85' lang='lat' dir='ltr'><strong>inuicem</strong></span> <span class='ocrx_word' id='word_1_12' title='bbox 731 756 764 818; x_wconf 90' lang='lat' dir='ltr'><strong>et</strong></span> <span class='ocrx_word' id='word_1_13' title='bbox 790 747 916 819; x_wconf 84' lang='lat' dir='ltr'><strong>dicant.</strong></span> <span class='ocrx_word' id='word_1_14' title='bbox 951 744 1029 820; x_wconf 93' lang='lat' dir='ltr'><strong>Pro</strong></span> <span class='ocrx_word' id='word_1_15' title='bbox 1057 747 1253 823; x_wconf 89' lang='lat' dir='ltr'><strong>omnibus</strong></span> <span class='ocrx_word' id='word_1_16' title='bbox 1280 749 1356 823; x_wconf 85' lang='lat' dir='ltr'><strong>Ca·</strong></span> 
     </span>
     <span class='ocr_line' id='line_1_3' title="bbox 83 856 1254 1048; baseline 0.005 -28"><span class='ocrx_word' id='word_1_17' title='bbox 83 856 95 918; x_wconf 63' lang='lat' dir='ltr'><strong>l</strong></span> <span class='ocrx_word' id='word_1_18' title='bbox 127 872 326 1022; x_wconf 78' lang='lat' dir='ltr'><strong>⁰Diaconos</strong></span> <span class='ocrx_word' id='word_1_19' title='bbox 354 947 448 1020; x_wconf 82' lang='lat' dir='ltr'><strong>dicit.</strong></span> <span class='ocrx_word' id='word_1_20' title='bbox 502 946 741 1043; x_wconf 76' lang='lat' dir='ltr'><strong>confiteamur,</strong></span> <span class='ocrx_word' id='word_1_21' title='bbox 768 971 938 1045; x_wconf 84' lang='lat' dir='ltr'><strong>rogemus,</strong></span> <span class='ocrx_word' id='word_1_22' title='bbox 966 959 1001 1023; x_wconf 91' lang='lat' dir='ltr'><strong>et</strong></span> <span class='ocrx_word' id='word_1_23' title='bbox 1027 951 1254 1048; x_wconf 80' lang='lat' dir='ltr'><strong>deprecemur.</strong></span> 
     </span>
    </p>
   </div>
   <div class='ocr_carea' id='block_1_2' title="bbox 328 1166 1107 1243">
    <p class='ocr_par' dir='ltr' id='par_1_2' title="bbox 328 1166 1107 1243">
     <span class='ocr_line' id='line_1_4' title="bbox 328 1166 1107 1243; baseline 0.001 -3"><span class='ocrx_word' id='word_1_24' title='bbox 328 1166 496 1240; x_wconf 77' lang='lat' dir='ltr'><strong>Sacerdos</strong></span> <span class='ocrx_word' id='word_1_25' title='bbox 523 1167 606 1240; x_wconf 86' lang='lat' dir='ltr'><strong>dicit</strong></span> <span class='ocrx_word' id='word_1_26' title='bbox 631 1167 717 1240; x_wconf 90' lang='lat' dir='ltr'><strong>bana</strong></span> <span class='ocrx_word' id='word_1_27' title='bbox 746 1166 939 1241; x_wconf 75' lang='lat' dir='ltr'><strong>Orationem</strong></span> <span class='ocrx_word' id='word_1_28' title='bbox 966 1179 1107 1243; x_wconf 80' lang='lat' dir='ltr'><strong>secreto.</strong></span> 
     </span>
    </p>
   </div>
   <div class='ocr_carea' id='block_1_3' title="bbox 1 1335 1357 1840">
    <p class='ocr_par' dir='ltr' id='par_1_3' title="bbox 1 1335 1357 1840">
     <span class='ocr_line' id='line_1_5' title="bbox 1 1335 1356 1438; baseline 0.006 -31"><span class='ocrx_word' id='word_1_29' title='bbox 1 1411 2 1424; x_wconf 20' lang='lat' dir='ltr'><strong>p</strong></span> <span class='ocrx_word' id='word_1_30' title='bbox 149 1335 294 1408; x_wconf 90' lang='lat' dir='ltr'><strong>Domine</strong></span> <span class='ocrx_word' id='word_1_31' title='bbox 321 1336 413 1410; x_wconf 88' lang='lat' dir='ltr'><strong>Deus</strong></span> <span class='ocrx_word' id='word_1_32' title='bbox 447 1346 565 1434; x_wconf 88' lang='lat' dir='ltr'><strong>potens</strong></span> <span class='ocrx_word' id='word_1_33' title='bbox 600 1337 718 1410; x_wconf 90' lang='lat' dir='ltr'><strong>adiuva</strong></span> <span class='ocrx_word' id='word_1_34' title='bbox 750 1337 1009 1411; x_wconf 73' lang='lat' dir='ltr'><strong>imbecillitatem</strong></span> <span class='ocrx_word' id='word_1_35' title='bbox 1043 1363 1162 1433; x_wconf 90' lang='lat' dir='ltr'><strong>meam,</strong></span> <span class='ocrx_word' id='word_1_36' title='bbox 1197 1365 1257 1438; x_wconf 91' lang='lat' dir='ltr'><strong>per</strong></span> <span class='ocrx_word' id='word_1_37' title='bbox 1291 1342 1356 1416; x_wconf 91' lang='lat' dir='ltr'><strong>ole-</strong></span> 
     </span>
     <span class='ocr_line' id='line_1_6' title="bbox 1 1438 1357 1542; baseline 0.007 -34"><span class='ocrx_word' id='word_1_38' title='bbox 1 1447 2 1464; x_wconf 66' lang='lat'>¹</span> <span class='ocrx_word' id='word_1_39' title='bbox 85 1440 231 1512; x_wconf 88' lang='lat' dir='ltr'><strong>mantiam</strong></span> <span class='ocrx_word' id='word_1_40' title='bbox 268 1449 373 1532; x_wconf 88' lang='lat' dir='ltr'><strong>tuam,</strong></span> <span class='ocrx_word' id='word_1_41' title='bbox 408 1449 441 1511; x_wconf 89' lang='lat' dir='ltr'><strong>et</strong></span> <span class='ocrx_word' id='word_1_42' title='bbox 472 1463 534 1535; x_wconf 92' lang='lat' dir='ltr'><strong>per</strong></span> <span class='ocrx_word' id='word_1_43' title='bbox 560 1438 762 1514; x_wconf 89' lang='lat' dir='ltr'><strong>adiutorium</strong></span> <span class='ocrx_word' id='word_1_44' title='bbox 789 1441 914 1534; x_wconf 84' lang='lat' dir='ltr'><strong>gratiae</strong></span> <span class='ocrx_word' id='word_1_45' title='bbox 942 1450 1035 1514; x_wconf 92' lang='lat' dir='ltr'><strong>tuae:</strong></span> <span class='ocrx_word' id='word_1_46' title='bbox 1071 1464 1189 1539; x_wconf 92' lang='lat' dir='ltr'><strong>meque</strong></span> <span class='ocrx_word' id='word_1_47' title='bbox 1217 1443 1357 1542; x_wconf 84' lang='lat' dir='ltr'><strong>dignum</strong></span> 
     </span>
     <span class='ocr_line' id='line_1_7' title="bbox 86 1539 1355 1641; baseline 0.008 -31"><span class='ocrx_word' id='word_1_48' title='bbox 86 1539 129 1612; x_wconf 88' lang='lat' dir='ltr'><strong>lac</strong></span> <span class='ocrx_word' id='word_1_49' title='bbox 158 1541 323 1614; x_wconf 83' lang='lat' dir='ltr'><strong>alterandi</strong></span> <span class='ocrx_word' id='word_1_50' title='bbox 359 1565 472 1614; x_wconf 91' lang='lat' dir='ltr'><strong>coram</strong></span> <span class='ocrx_word' id='word_1_51' title='bbox 506 1553 537 1614; x_wconf 92' lang='lat' dir='ltr'><strong>te</strong></span> <span class='ocrx_word' id='word_1_52' title='bbox 565 1541 766 1616; x_wconf 89' lang='lat' dir='ltr'><strong>oblationem</strong></span> <span class='ocrx_word' id='word_1_53' title='bbox 794 1542 891 1636; x_wconf 87' lang='lat' dir='ltr'><strong>hanc,</strong></span> <span class='ocrx_word' id='word_1_54' title='bbox 928 1553 1085 1641; x_wconf 91' lang='lat' dir='ltr'><strong>tanquam</strong></span> <span class='ocrx_word' id='word_1_55' title='bbox 1112 1545 1152 1618; x_wconf 92' lang='lat' dir='ltr'><strong>ad</strong></span> <span class='ocrx_word' id='word_1_56' title='bbox 1180 1568 1355 1620; x_wconf 89' lang='lat' dir='ltr'><strong>commune</strong></span> 
     </span>
     <span class='ocr_line' id='line_1_8' title="bbox 1 1642 1357 1740; baseline 0.009 -29"><span class='ocrx_word' id='word_1_57' title='bbox 1 1647 2 1668; x_wconf 66' lang='lat'>¹</span> <span class='ocrx_word' id='word_1_58' title='bbox 87 1643 223 1716; x_wconf 90' lang='lat' dir='ltr'><strong>omnium</strong></span> <span class='ocrx_word' id='word_1_59' title='bbox 259 1642 434 1737; x_wconf 83' lang='lat' dir='ltr'><strong>auxilium,</strong></span> <span class='ocrx_word' id='word_1_60' title='bbox 470 1654 504 1717; x_wconf 91' lang='lat' dir='ltr'><strong>et</strong></span> <span class='ocrx_word' id='word_1_61' title='bbox 536 1643 576 1716; x_wconf 92' lang='lat' dir='ltr'><strong>ad</strong></span> <span class='ocrx_word' id='word_1_62' title='bbox 612 1644 744 1719; x_wconf 89' lang='lat' dir='ltr'><strong>laudem</strong></span> <span class='ocrx_word' id='word_1_63' title='bbox 777 1645 949 1724; x_wconf 71' lang='lat' dir='ltr'><strong>Trinitatis</strong></span> <span class='ocrx_word' id='word_1_64' title='bbox 985 1656 1060 1720; x_wconf 90' lang='lat' dir='ltr'><strong>tuae</strong></span> <span class='ocrx_word' id='word_1_65' title='bbox 1087 1646 1196 1740; x_wconf 90' lang='lat' dir='ltr'><strong>Pater,</strong></span> <span class='ocrx_word' id='word_1_66' title='bbox 1232 1647 1296 1722; x_wconf 81' lang='lat' dir='ltr'><strong>Fili</strong></span> <span class='ocrx_word' id='word_1_67' title='bbox 1321 1658 1357 1723; x_wconf 91' lang='lat' dir='ltr'><strong>et</strong></span> 
     </span>
     <span class='ocr_line' id='line_1_9' title="bbox 86 1743 375 1840; baseline 0.007 -25"><span class='ocrx_word' id='word_1_68' title='bbox 86 1743 220 1840; x_wconf 80' lang='lat' dir='ltr'><strong>Spiritus</strong></span> <span class='ocrx_word' id='word_1_69' title='bbox 245 1755 375 1819; x_wconf 88' lang='lat' dir='ltr'><strong>sancte.</strong></span> 
     </span>
    </p>
   </div>
   <div class='ocr_carea' id='block_1_4' title="bbox 186 1961 1241 2062">
    <p class='ocr_par' dir='ltr' id='par_1_4' title="bbox 186 1961 1241 2062">
     <span class='ocr_line' id='line_1_10' title="bbox 186 1961 1241 2062; baseline 0 -24"><span class='ocrx_word' id='word_1_70' title='bbox 186 1961 267 2038; x_wconf 79' lang='lat' dir='ltr'><strong>allia</strong></span> <span class='ocrx_word' id='word_1_71' title='bbox 296 1963 418 2038; x_wconf 85' lang='lat' dir='ltr'><strong>Oratio</strong></span> <span class='ocrx_word' id='word_1_72' title='bbox 444 1989 528 2062; x_wconf 80' lang='lat' dir='ltr'><strong>qnae</strong></span> <span class='ocrx_word' id='word_1_73' title='bbox 556 1963 684 2038; x_wconf 86' lang='lat' dir='ltr'><strong>dicitnr</strong></span> <span class='ocrx_word' id='word_1_74' title='bbox 710 1964 810 2038; x_wconf 86' lang='lat' dir='ltr'><strong>etiam</strong></span> <span class='ocrx_word' id='word_1_75' title='bbox 836 1965 872 2037; x_wconf 86' lang='lat' dir='ltr'><strong>in</strong></span> <span class='ocrx_word' id='word_1_76' title='bbox 897 1961 1055 2060; x_wconf 83' lang='lat' dir='ltr'><strong>bitnrpia</strong></span> <span class='ocrx_word' id='word_1_77' title='bbox 1079 1963 1241 2039; x_wconf 85' lang='lat' dir='ltr'><strong>Nestorii.</strong></span> 
     </span>
    </p>
   </div>
   <div class='ocr_carea' id='block_1_5' title="bbox 85 2132 1358 2947">
    <p class='ocr_par' dir='ltr' id='par_1_5' title="bbox 85 2132 1357 2514">
     <span class='ocr_line' id='line_1_11' title="bbox 150 2132 1355 2230; baseline 0.005 -25"><span class='ocrx_word' id='word_1_78' title='bbox 150 2132 295 2207; x_wconf 85' lang='lat' dir='ltr'><strong>Domine</strong></span> <span class='ocrx_word' id='word_1_79' title='bbox 330 2145 364 2207; x_wconf 90' lang='lat' dir='ltr'><strong>et</strong></span> <span class='ocrx_word' id='word_1_80' title='bbox 396 2133 487 2208; x_wconf 93' lang='lat' dir='ltr'><strong>Deus</strong></span> <span class='ocrx_word' id='word_1_81' title='bbox 520 2143 636 2208; x_wconf 92' lang='lat' dir='ltr'><strong>noster</strong></span> <span class='ocrx_word' id='word_1_82' title='bbox 670 2143 786 2208; x_wconf 75' lang='lat' dir='ltr'><strong>coerce</strong></span> <span class='ocrx_word' id='word_1_83' title='bbox 822 2133 1042 2230; x_wconf 83' lang='lat' dir='ltr'><strong>cogitationes</strong></span> <span class='ocrx_word' id='word_1_84' title='bbox 1075 2158 1179 2228; x_wconf 89' lang='lat' dir='ltr'><strong>meas,</strong></span> <span class='ocrx_word' id='word_1_85' title='bbox 1216 2147 1254 2209; x_wconf 94' lang='lat' dir='ltr'><strong>ut</strong></span> <span class='ocrx_word' id='word_1_86' title='bbox 1286 2161 1355 2212; x_wconf 88' lang='lat' dir='ltr'><strong>non</strong></span> 
     </span>
     <span class='ocr_line' id='line_1_12' title="bbox 86 2235 1357 2329; baseline 0.006 -25"><span class='ocrx_word' id='word_1_87' title='bbox 86 2247 258 2329; x_wconf 82' lang='lat' dir='ltr'><strong>evagentur</strong></span> <span class='ocrx_word' id='word_1_88' title='bbox 290 2235 326 2308; x_wconf 93' lang='lat' dir='ltr'><strong>in</strong></span> <span class='ocrx_word' id='word_1_89' title='bbox 353 2236 553 2310; x_wconf 75' lang='lat' dir='ltr'><strong>vanitatibus</strong></span> <span class='ocrx_word' id='word_1_90' title='bbox 579 2237 696 2310; x_wconf 90' lang='lat' dir='ltr'><strong>mundi</strong></span> <span class='ocrx_word' id='word_1_91' title='bbox 723 2237 834 2311; x_wconf 90' lang='lat' dir='ltr'><strong>buius.</strong></span> <span class='ocrx_word' id='word_1_92' title='bbox 886 2236 1028 2310; x_wconf 89' lang='lat' dir='ltr'><strong>Domine</strong></span> <span class='ocrx_word' id='word_1_93' title='bbox 1055 2235 1146 2310; x_wconf 90' lang='lat' dir='ltr'><strong>Deus</strong></span> <span class='ocrx_word' id='word_1_94' title='bbox 1172 2249 1289 2312; x_wconf 90' lang='lat' dir='ltr'><strong>noster</strong></span> <span class='ocrx_word' id='word_1_95' title='bbox 1315 2239 1357 2312; x_wconf 91' lang='lat' dir='ltr'><strong>da</strong></span> 
     </span>
     <span class='ocr_line' id='line_1_13' title="bbox 85 2336 1356 2437; baseline 0.004 -30"><span class='ocrx_word' id='word_1_96' title='bbox 85 2336 158 2409; x_wconf 89' lang='lat' dir='ltr'><strong>mihi</strong></span> <span class='ocrx_word' id='word_1_97' title='bbox 190 2349 228 2411; x_wconf 93' lang='lat' dir='ltr'><strong>ut</strong></span> <span class='ocrx_word' id='word_1_98' title='bbox 259 2336 360 2412; x_wconf 90' lang='lat' dir='ltr'><strong>uniar</strong></span> <span class='ocrx_word' id='word_1_99' title='bbox 397 2337 566 2412; x_wconf 78' lang='lat' dir='ltr'><strong>dilectioni</strong></span> <span class='ocrx_word' id='word_1_100' title='bbox 601 2339 748 2413; x_wconf 90' lang='lat' dir='ltr'><strong>caritatis</strong></span> <span class='ocrx_word' id='word_1_101' title='bbox 782 2351 871 2431; x_wconf 90' lang='lat' dir='ltr'><strong>tuae,</strong></span> <span class='ocrx_word' id='word_1_102' title='bbox 906 2339 1054 2437; x_wconf 67' lang='lat' dir='ltr'><strong>qualemn</strong></span> <span class='ocrx_word' id='word_1_103' title='bbox 1088 2338 1247 2434; x_wconf 84' lang='lat' dir='ltr'><strong>indiguus</strong></span> <span class='ocrx_word' id='word_1_104' title='bbox 1281 2342 1356 2414; x_wconf 90' lang='lat' dir='ltr'><strong>sim.</strong></span> 
     </span>
     <span class='ocr_line' id='line_1_14' title="bbox 86 2436 448 2514; baseline 0.011 -5"><span class='ocrx_word' id='word_1_105' title='bbox 86 2436 187 2512; x_wconf 78' lang='lat' dir='ltr'><strong>Gloria</strong></span> <span class='ocrx_word' id='word_1_106' title='bbox 213 2439 274 2513; x_wconf 92' lang='lat' dir='ltr'><strong>tibi</strong></span> <span class='ocrx_word' id='word_1_107' title='bbox 304 2440 448 2514; x_wconf 84' lang='lat' dir='ltr'><strong>Christe.</strong></span> 
     </span>
    </p>

    <p class='ocr_par' dir='ltr' id='par_1_6' title="bbox 86 2539 1358 2947">
     <span class='ocr_line' id='line_1_15' title="bbox 151 2539 1358 2640; baseline -0.002 -24"><span class='ocrx_word' id='word_1_108' title='bbox 151 2542 305 2616; x_wconf 78' lang='lat' dir='ltr'><strong>Ascende</strong></span> <span class='ocrx_word' id='word_1_109' title='bbox 332 2544 367 2615; x_wconf 93' lang='lat' dir='ltr'><strong>in</strong></span> <span class='ocrx_word' id='word_1_110' title='bbox 395 2541 576 2617; x_wconf 83' lang='lat' dir='ltr'><strong>thalamum</strong></span> <span class='ocrx_word' id='word_1_111' title='bbox 601 2541 738 2614; x_wconf 89' lang='lat' dir='ltr'><strong>luminis</strong></span> <span class='ocrx_word' id='word_1_112' title='bbox 764 2540 926 2640; x_wconf 88' lang='lat' dir='ltr'><strong>praeclari</strong></span> <span class='ocrx_word' id='word_1_113' title='bbox 954 2542 1001 2613; x_wconf 90' lang='lat' dir='ltr'><strong>tui</strong></span> <span class='ocrx_word' id='word_1_114' title='bbox 1028 2539 1188 2614; x_wconf 86' lang='lat' dir='ltr'><strong>Domine:</strong></span> <span class='ocrx_word' id='word_1_115' title='bbox 1229 2541 1358 2614; x_wconf 88' lang='lat' dir='ltr'><strong>semina</strong></span> 
     </span>
     <span class='ocr_line' id='line_1_16' title="bbox 86 2642 1358 2740; baseline 0.005 -26"><span class='ocrx_word' id='word_1_116' title='bbox 86 2642 192 2718; x_wconf 88' lang='lat' dir='ltr'><strong>inme</strong></span> <span class='ocrx_word' id='word_1_117' title='bbox 219 2668 336 2719; x_wconf 89' lang='lat' dir='ltr'><strong>semen</strong></span> <span class='ocrx_word' id='word_1_118' title='bbox 367 2644 494 2718; x_wconf 92' lang='lat' dir='ltr'><strong>bouum</strong></span> <span class='ocrx_word' id='word_1_119' title='bbox 528 2643 745 2718; x_wconf 90' lang='lat' dir='ltr'><strong>humilitatis:</strong></span> <span class='ocrx_word' id='word_1_120' title='bbox 784 2655 817 2716; x_wconf 91' lang='lat' dir='ltr'><strong>et</strong></span> <span class='ocrx_word' id='word_1_121' title='bbox 850 2643 913 2718; x_wconf 88' lang='lat' dir='ltr'><strong>sub</strong></span> <span class='ocrx_word' id='word_1_122' title='bbox 940 2644 1001 2717; x_wconf 88' lang='lat' dir='ltr'><strong>alis</strong></span> <span class='ocrx_word' id='word_1_123' title='bbox 1029 2645 1154 2740; x_wconf 86' lang='lat' dir='ltr'><strong>gratiae</strong></span> <span class='ocrx_word' id='word_1_124' title='bbox 1182 2655 1256 2718; x_wconf 88' lang='lat' dir='ltr'><strong>tuae</strong></span> <span class='ocrx_word' id='word_1_125' title='bbox 1283 2643 1358 2720; x_wconf 89' lang='lat' dir='ltr'><strong>abs·</strong></span> 
     </span>
     <span class='ocr_line' id='line_1_17' title="bbox 88 2745 1357 2843; baseline 0.005 -27"><span class='ocrx_word' id='word_1_126' title='bbox 88 2747 182 2819; x_wconf 89' lang='lat' dir='ltr'><strong>conde</strong></span> <span class='ocrx_word' id='word_1_127' title='bbox 215 2771 283 2840; x_wconf 92' lang='lat' dir='ltr'><strong>me,</strong></span> <span class='ocrx_word' id='word_1_128' title='bbox 321 2771 383 2843; x_wconf 89' lang='lat' dir='ltr'><strong>per</strong></span> <span class='ocrx_word' id='word_1_129' title='bbox 409 2746 672 2820; x_wconf 89' lang='lat' dir='ltr'><strong>misericordiam</strong></span> <span class='ocrx_word' id='word_1_130' title='bbox 699 2756 800 2819; x_wconf 83' lang='lat' dir='ltr'><strong>tuam.</strong></span> <span class='ocrx_word' id='word_1_131' title='bbox 843 2745 881 2818; x_wconf 91' lang='lat' dir='ltr'><strong>Si</strong></span> <span class='ocrx_word' id='word_1_132' title='bbox 909 2745 1102 2842; x_wconf 88' lang='lat' dir='ltr'><strong>iniquitates</strong></span> <span class='ocrx_word' id='word_1_133' title='bbox 1129 2745 1357 2822; x_wconf 83' lang='lat' dir='ltr'><strong>observaveris</strong></span> 
     </span>
     <span class='ocr_line' id='line_1_18' title="bbox 87 2845 1306 2947; baseline 0.002 -28"><span class='ocrx_word' id='word_1_134' title='bbox 87 2845 229 2943; x_wconf 87' lang='lat' dir='ltr'><strong>Domine,</strong></span> <span class='ocrx_word' id='word_1_135' title='bbox 257 2849 334 2947; x_wconf 89' lang='lat' dir='ltr'><strong>quis</strong></span> <span class='ocrx_word' id='word_1_136' title='bbox 359 2849 484 2946; x_wconf 91' lang='lat' dir='ltr'><strong>poterit</strong></span> <span class='ocrx_word' id='word_1_137' title='bbox 510 2848 717 2922; x_wconf 80' lang='lat' dir='ltr'><strong>consisteret</strong></span> <span class='ocrx_word' id='word_1_138' title='bbox 748 2849 826 2945; x_wconf 82' lang='lat' dir='ltr'><strong>quia</strong></span> <span class='ocrx_word' id='word_1_139' title='bbox 853 2846 939 2945; x_wconf 91' lang='lat' dir='ltr'><strong>apud</strong></span> <span class='ocrx_word' id='word_1_140' title='bbox 967 2859 1000 2920; x_wconf 87' lang='lat' dir='ltr'><strong>te</strong></span> <span class='ocrx_word' id='word_1_141' title='bbox 1026 2847 1215 2944; x_wconf 81' lang='lat' dir='ltr'><strong>propitiatio</strong></span> <span class='ocrx_word' id='word_1_142' title='bbox 1244 2858 1306 2922; x_wconf 87' lang='lat' dir='ltr'><strong>est.</strong></span> 
     </span>
    </p>
   </div>
   <div class='ocr_carea' id='block_1_6' title="bbox 169 3064 1257 3142">
    <p class='ocr_par' dir='ltr' id='par_1_7' title="bbox 169 3064 1257 3142">
     <span class='ocr_line' id='line_1_19' title="bbox 169 3064 1257 3142; baseline -0.004 0"><span class='ocrx_word' id='word_1_143' title='bbox 169 3069 210 3142; x_wconf 88' lang='lat' dir='ltr'><strong>ln</strong></span> <span class='ocrx_word' id='word_1_144' title='bbox 235 3068 304 3142; x_wconf 85' lang='lat' dir='ltr'><strong>alio</strong></span> <span class='ocrx_word' id='word_1_145' title='bbox 333 3067 454 3142; x_wconf 85' lang='lat' dir='ltr'><strong>Codice</strong></span> <span class='ocrx_word' id='word_1_146' title='bbox 481 3067 649 3142; x_wconf 84' lang='lat' dir='ltr'><strong>Sacerdos</strong></span> <span class='ocrx_word' id='word_1_147' title='bbox 676 3067 758 3140; x_wconf 84' lang='lat' dir='ltr'><strong>dicit</strong></span> <span class='ocrx_word' id='word_1_148' title='bbox 784 3065 870 3138; x_wconf 85' lang='lat' dir='ltr'><strong>banc</strong></span> <span class='ocrx_word' id='word_1_149' title='bbox 898 3064 1092 3140; x_wconf 85' lang='lat' dir='ltr'><strong>Orationem</strong></span> <span class='ocrx_word' id='word_1_150' title='bbox 1118 3077 1257 3140; x_wconf 81' lang='lat' dir='ltr'><strong>secreto.</strong></span> 
     </span>
    </p>
   </div>
   <div class='ocr_carea' id='block_1_7' title="bbox 89 3217 1357 3726">
    <p class='ocr_par' dir='ltr' id='par_1_8' title="bbox 89 3217 1357 3726">
     <span class='ocr_line' id='line_1_20' title="bbox 153 3217 1356 3315; baseline -0.001 -23"><span class='ocrx_word' id='word_1_151' title='bbox 153 3221 256 3294; x_wconf 89' lang='lat' dir='ltr'><strong>llater</strong></span> <span class='ocrx_word' id='word_1_152' title='bbox 283 3221 419 3294; x_wconf 88' lang='lat' dir='ltr'><strong>Domini</strong></span> <span class='ocrx_word' id='word_1_153' title='bbox 455 3221 560 3294; x_wconf 88' lang='lat' dir='ltr'><strong>nostri</strong></span> <span class='ocrx_word' id='word_1_154' title='bbox 587 3220 663 3292; x_wconf 92' lang='lat' dir='ltr'><strong>lesu</strong></span> <span class='ocrx_word' id='word_1_155' title='bbox 691 3217 828 3309; x_wconf 82' lang='lat' dir='ltr'><strong>Christi,</strong></span> <span class='ocrx_word' id='word_1_156' title='bbox 862 3217 1041 3315; x_wconf 87' lang='lat' dir='ltr'><strong>deprecare</strong></span> <span class='ocrx_word' id='word_1_157' title='bbox 1067 3241 1127 3315; x_wconf 91' lang='lat' dir='ltr'><strong>pro</strong></span> <span class='ocrx_word' id='word_1_158' title='bbox 1155 3241 1208 3289; x_wconf 91' lang='lat' dir='ltr'><strong>me</strong></span> <span class='ocrx_word' id='word_1_159' title='bbox 1234 3218 1356 3292; x_wconf 85' lang='lat' dir='ltr'><strong>Filium</strong></span> 
     </span>
     <span class='ocr_line' id='line_1_21' title="bbox 89 3318 1357 3422; baseline 0.002 -30"><span class='ocrx_word' id='word_1_160' title='bbox 89 3323 286 3418; x_wconf 84' lang='lat' dir='ltr'><strong>unigenitum</strong></span> <span class='ocrx_word' id='word_1_161' title='bbox 315 3323 383 3422; x_wconf 44' lang='lat' dir='ltr'><strong>qui,</strong></span> <span class='ocrx_word' id='word_1_162' title='bbox 401 3348 442 3396; x_wconf 82' lang='lat' dir='ltr'><strong>ex</strong></span> <span class='ocrx_word' id='word_1_163' title='bbox 470 3335 502 3396; x_wconf 94' lang='lat' dir='ltr'><strong>te</strong></span> <span class='ocrx_word' id='word_1_164' title='bbox 528 3334 625 3395; x_wconf 93' lang='lat' dir='ltr'><strong>natus</strong></span> <span class='ocrx_word' id='word_1_165' title='bbox 653 3331 715 3412; x_wconf 89' lang='lat' dir='ltr'><strong>est,</strong></span> <span class='ocrx_word' id='word_1_166' title='bbox 743 3329 780 3391; x_wconf 90' lang='lat' dir='ltr'><strong>ut</strong></span> <span class='ocrx_word' id='word_1_167' title='bbox 805 3321 952 3392; x_wconf 90' lang='lat' dir='ltr'><strong>remittat</strong></span> <span class='ocrx_word' id='word_1_168' title='bbox 970 3319 1052 3390; x_wconf 90' lang='lat' dir='ltr'><strong>mibi</strong></span> <span class='ocrx_word' id='word_1_169' title='bbox 1070 3318 1201 3411; x_wconf 89' lang='lat' dir='ltr'><strong>delicta,</strong></span> <span class='ocrx_word' id='word_1_170' title='bbox 1230 3332 1263 3392; x_wconf 89' lang='lat' dir='ltr'><strong>et</strong></span> <span class='ocrx_word' id='word_1_171' title='bbox 1279 3344 1357 3416; x_wconf 87' lang='lat' dir='ltr'><strong>peo-</strong></span> 
     </span>
     <span class='ocr_line' id='line_1_22' title="bbox 91 3421 1357 3522; baseline 0.001 -27"><span class='ocrx_word' id='word_1_172' title='bbox 91 3435 151 3496; x_wconf 86' lang='lat' dir='ltr'><strong>oata</strong></span> <span class='ocrx_word' id='word_1_173' title='bbox 174 3451 262 3519; x_wconf 88' lang='lat' dir='ltr'><strong>mea,</strong></span> <span class='ocrx_word' id='word_1_174' title='bbox 289 3437 323 3498; x_wconf 88' lang='lat' dir='ltr'><strong>et</strong></span> <span class='ocrx_word' id='word_1_175' title='bbox 350 3427 510 3522; x_wconf 88' lang='lat' dir='ltr'><strong>suscipiat</strong></span> <span class='ocrx_word' id='word_1_176' title='bbox 537 3451 576 3497; x_wconf 88' lang='lat' dir='ltr'><strong>ar</strong></span> <span class='ocrx_word' id='word_1_177' title='bbox 603 3421 757 3496; x_wconf 91' lang='lat' dir='ltr'><strong>manibus</strong></span> <span class='ocrx_word' id='word_1_178' title='bbox 784 3422 870 3494; x_wconf 89' lang='lat' dir='ltr'><strong>meis</strong></span> <span class='ocrx_word' id='word_1_179' title='bbox 897 3421 1038 3494; x_wconf 85' lang='lat' dir='ltr'><strong>infirmis</strong></span> <span class='ocrx_word' id='word_1_180' title='bbox 1066 3431 1100 3492; x_wconf 92' lang='lat' dir='ltr'><strong>et</strong></span> <span class='ocrx_word' id='word_1_181' title='bbox 1114 3421 1357 3518; x_wconf 87' lang='lat' dir='ltr'><strong>peccatricibus</strong></span> 
     </span>
     <span class='ocr_line' id='line_1_23' title="bbox 90 3522 1357 3625; baseline -0.003 -27"><span class='ocrx_word' id='word_1_182' title='bbox 90 3529 277 3601; x_wconf 80' lang='lat' dir='ltr'><strong>samilloium</strong></span> <span class='ocrx_word' id='word_1_183' title='bbox 312 3528 378 3599; x_wconf 90' lang='lat' dir='ltr'><strong>boc</strong></span> <span class='ocrx_word' id='word_1_184' title='bbox 413 3528 502 3625; x_wconf 93' lang='lat' dir='ltr'><strong>quod</strong></span> <span class='ocrx_word' id='word_1_185' title='bbox 539 3527 637 3599; x_wconf 86' lang='lat' dir='ltr'><strong>ollcrt</strong></span> <span class='ocrx_word' id='word_1_186' title='bbox 669 3522 878 3596; x_wconf 89' lang='lat' dir='ltr'><strong>imbecillitas</strong></span> <span class='ocrx_word' id='word_1_187' title='bbox 904 3546 990 3616; x_wconf 89' lang='lat' dir='ltr'><strong>mea,</strong></span> <span class='ocrx_word' id='word_1_188' title='bbox 1024 3547 1125 3621; x_wconf 92' lang='lat' dir='ltr'><strong>super</strong></span> <span class='ocrx_word' id='word_1_189' title='bbox 1152 3523 1217 3595; x_wconf 91' lang='lat' dir='ltr'><strong>boe</strong></span> <span class='ocrx_word' id='word_1_190' title='bbox 1242 3525 1357 3617; x_wconf 88' lang='lat' dir='ltr'><strong>altare,</strong></span> 
     </span>
     <span class='ocr_line' id='line_1_24' title="bbox 90 3625 1018 3726; baseline -0.003 -26"><span class='ocrx_word' id='word_1_191' title='bbox 90 3651 139 3724; x_wconf 89' lang='lat' dir='ltr'><strong>per</strong></span> <span class='ocrx_word' id='word_1_192' title='bbox 162 3631 440 3703; x_wconf 89' lang='lat' dir='ltr'><strong>intercessionem</strong></span> <span class='ocrx_word' id='word_1_193' title='bbox 468 3641 558 3702; x_wconf 89' lang='lat' dir='ltr'><strong>tuam</strong></span> <span class='ocrx_word' id='word_1_194' title='bbox 585 3652 645 3726; x_wconf 92' lang='lat' dir='ltr'><strong>pro</strong></span> <span class='ocrx_word' id='word_1_195' title='bbox 672 3650 738 3719; x_wconf 89' lang='lat' dir='ltr'><strong>me,</strong></span> <span class='ocrx_word' id='word_1_196' title='bbox 765 3625 869 3699; x_wconf 90' lang='lat' dir='ltr'><strong>blater</strong></span> <span class='ocrx_word' id='word_1_197' title='bbox 895 3637 1018 3698; x_wconf 92' lang='lat' dir='ltr'><strong>sancta.</strong></span> 
     </span>
    </p>
   </div>
   <div class='ocr_carea' id='block_1_8' title="bbox 153 3777 1359 3875">
    <p class='ocr_par' dir='ltr' id='par_1_9' title="bbox 153 3777 1359 3875">
     <span class='ocr_line' id='line_1_25' title="bbox 153 3777 1359 3875; baseline -0.003 -21"><span class='ocrx_word' id='word_1_198' title='bbox 153 3782 208 3856; x_wconf 86' lang='lat' dir='ltr'><strong>lll.</strong></span> <span class='ocrx_word' id='word_1_199' title='bbox 236 3782 320 3856; x_wconf 83' lang='lat' dir='ltr'><strong>Cum</strong></span> <span class='ocrx_word' id='word_1_200' title='bbox 347 3783 473 3854; x_wconf 78' lang='lat' dir='ltr'><strong>dicarit</strong></span> <span class='ocrx_word' id='word_1_201' title='bbox 500 3781 682 3853; x_wconf 86' lang='lat' dir='ltr'><strong>Dioaannc.</strong></span> <span class='ocrx_word' id='word_1_202' title='bbox 716 3777 902 3875; x_wconf 72' lang='lat' dir='ltr'><strong>vigilanter</strong></span> <span class='ocrx_word' id='word_1_203' title='bbox 927 3788 961 3850; x_wconf 90' lang='lat' dir='ltr'><strong>et</strong></span> <span class='ocrx_word' id='word_1_204' title='bbox 979 3787 1115 3871; x_wconf 88' lang='lat' dir='ltr'><strong>attente,</strong></span> <span class='ocrx_word' id='word_1_205' title='bbox 1142 3778 1258 3850; x_wconf 86' lang='lat' dir='ltr'><strong>atatim</strong></span> <span class='ocrx_word' id='word_1_206' title='bbox 1276 3805 1359 3852; x_wconf 86' lang='lat' dir='ltr'><strong>anr-</strong></span> 
     </span>
    </p>
   </div>
   <div class='ocr_carea' id='block_1_9' title="bbox 17 4048 1362 4799">
    <p class='ocr_par' dir='ltr' id='par_1_10' title="bbox 91 4048 1361 4622">
     <span class='ocr_line' id='line_1_26' title="bbox 92 4048 1359 4118; baseline -0.006 -15"><span class='ocrx_word' id='word_1_207' title='bbox 92 4048 110 4097; x_wconf 78' lang='lat' dir='ltr'><strong>ir</strong></span> <span class='ocrx_word' id='word_1_208' title='bbox 125 4065 169 4114; x_wconf 81' lang='lat' dir='ltr'><strong>qna</strong></span> <span class='ocrx_word' id='word_1_209' title='bbox 186 4055 316 4105; x_wconf 82' lang='lat' dir='ltr'><strong>universim</strong></span> <span class='ocrx_word' id='word_1_210' title='bbox 343 4067 389 4118; x_wconf 90' lang='lat' dir='ltr'><strong>pro</strong></span> <span class='ocrx_word' id='word_1_211' title='bbox 408 4054 520 4104; x_wconf 76' lang='lat' dir='ltr'><strong>omnibns</strong></span> <span class='ocrx_word' id='word_1_212' title='bbox 538 4052 650 4116; x_wconf 84' lang='lat' dir='ltr'><strong>personis</strong></span> <span class='ocrx_word' id='word_1_213' title='bbox 668 4060 693 4101; x_wconf 83' lang='lat' dir='ltr'><strong>et</strong></span> <span class='ocrx_word' id='word_1_214' title='bbox 711 4049 783 4101; x_wconf 81' lang='lat' dir='ltr'><strong>rebus</strong></span> <span class='ocrx_word' id='word_1_215' title='bbox 802 4063 888 4115; x_wconf 87' lang='lat' dir='ltr'><strong>preces</strong></span> <span class='ocrx_word' id='word_1_216' title='bbox 906 4049 935 4098; x_wconf 85' lang='lat' dir='ltr'><strong>ad</strong></span> <span class='ocrx_word' id='word_1_217' title='bbox 954 4048 1028 4099; x_wconf 81' lang='lat' dir='ltr'><strong>D&#39;oorn</strong></span> <span class='ocrx_word' id='word_1_218' title='bbox 1048 4051 1117 4098; x_wconf 84' lang='lat' dir='ltr'><strong>dunt.</strong></span> <span class='ocrx_word' id='word_1_219' title='bbox 1152 4048 1185 4098; x_wconf 85' lang='lat' dir='ltr'><strong>lta</strong></span> <span class='ocrx_word' id='word_1_220' title='bbox 1204 4055 1283 4097; x_wconf 86' lang='lat' dir='ltr'><strong>antem</strong></span> <span class='ocrx_word' id='word_1_221' title='bbox 1301 4059 1359 4110; x_wconf 89' lang='lat' dir='ltr'><strong>per-</strong></span> 
     </span>
     <span class='ocr_line' id='line_1_27' title="bbox 92 4129 1360 4200; baseline -0.004 -16"><span class='ocrx_word' id='word_1_222' title='bbox 92 4133 180 4186; x_wconf 80' lang='lat' dir='ltr'><strong>ltienda</strong></span> <span class='ocrx_word' id='word_1_223' title='bbox 198 4147 235 4188; x_wconf 86' lang='lat' dir='ltr'><strong>eet</strong></span> <span class='ocrx_word' id='word_1_224' title='bbox 251 4139 293 4190; x_wconf 83' lang='lat' dir='ltr'><strong>illa</strong></span> <span class='ocrx_word' id='word_1_225' title='bbox 313 4139 401 4200; x_wconf 80' lang='lat' dir='ltr'><strong>oratio,</strong></span> <span class='ocrx_word' id='word_1_226' title='bbox 420 4153 446 4190; x_wconf 82' lang='lat' dir='ltr'><strong>cn</strong></span> <span class='ocrx_word' id='word_1_227' title='bbox 465 4138 536 4187; x_wconf 84' lang='lat' dir='ltr'><strong>ltieea</strong></span> <span class='ocrx_word' id='word_1_228' title='bbox 556 4136 707 4196; x_wconf 83' lang='lat' dir='ltr'><strong>ldalebarica‚</strong></span> <span class='ocrx_word' id='word_1_229' title='bbox 727 4135 773 4185; x_wconf 84' lang='lat' dir='ltr'><strong>Pro</strong></span> <span class='ocrx_word' id='word_1_230' title='bbox 792 4134 905 4184; x_wconf 86' lang='lat' dir='ltr'><strong>omnibns</strong></span> <span class='ocrx_word' id='word_1_231' title='bbox 924 4133 1078 4194; x_wconf 84' lang='lat' dir='ltr'><strong>Patriarclris‚</strong></span> <span class='ocrx_word' id='word_1_232' title='bbox 1101 4133 1238 4197; x_wconf 82' lang='lat' dir='ltr'><strong>Episcopis,</strong></span> <span class='ocrx_word' id='word_1_233' title='bbox 1256 4129 1360 4194; x_wconf 72' lang='lat' dir='ltr'><strong>l’reebp-</strong></span> 
     </span>
     <span class='ocr_line' id='line_1_28' title="bbox 91 4214 1361 4288; baseline -0.005 -18"><span class='ocrx_word' id='word_1_234' title='bbox 91 4221 140 4269; x_wconf 83' lang='lat' dir='ltr'><strong>teria</strong></span> <span class='ocrx_word' id='word_1_235' title='bbox 157 4229 179 4271; x_wconf 81' lang='lat' dir='ltr'><strong>et</strong></span> <span class='ocrx_word' id='word_1_236' title='bbox 197 4223 320 4285; x_wconf 82' lang='lat' dir='ltr'><strong>Diaconte,</strong></span> <span class='ocrx_word' id='word_1_237' title='bbox 339 4231 364 4274; x_wconf 92' lang='lat' dir='ltr'><strong>et</strong></span> <span class='ocrx_word' id='word_1_238' title='bbox 381 4237 426 4288; x_wconf 93' lang='lat' dir='ltr'><strong>pro</strong></span> <span class='ocrx_word' id='word_1_239' title='bbox 445 4223 483 4272; x_wconf 90' lang='lat' dir='ltr'><strong>bie</strong></span> <span class='ocrx_word' id='word_1_240' title='bbox 501 4223 542 4287; x_wconf 86' lang='lat' dir='ltr'><strong>qni</strong></span> <span class='ocrx_word' id='word_1_241' title='bbox 560 4221 605 4271; x_wconf 85' lang='lat' dir='ltr'><strong>rita</strong></span> <span class='ocrx_word' id='word_1_242' title='bbox 624 4220 698 4270; x_wconf 88' lang='lat' dir='ltr'><strong>tancti</strong></span> <span class='ocrx_word' id='word_1_243' title='bbox 717 4234 746 4269; x_wconf 80' lang='lat' dir='ltr'><strong>er</strong></span> <span class='ocrx_word' id='word_1_244' title='bbox 764 4220 809 4270; x_wconf 84' lang='lat' dir='ltr'><strong>hac</strong></span> <span class='ocrx_word' id='word_1_245' title='bbox 826 4219 949 4269; x_wconf 80' lang='lat' dir='ltr'><strong>Ecclesiae</strong></span> <span class='ocrx_word' id='word_1_246' title='bbox 967 4217 1153 4282; x_wconf 70' lang='lat' dir='ltr'><strong>congregatione</strong></span> <span class='ocrx_word' id='word_1_247' title='bbox 1171 4215 1294 4264; x_wconf 81' lang='lat' dir='ltr'><strong>exierunt:</strong></span> <span class='ocrx_word' id='word_1_248' title='bbox 1321 4214 1361 4276; x_wconf 82' lang='lat' dir='ltr'><strong>(Et</strong></span> 
     </span>
     <span class='ocr_line' id='line_1_29' title="bbox 93 4297 1361 4373; baseline -0.004 -20"><span class='ocrx_word' id='word_1_249' title='bbox 93 4317 129 4366; x_wconf 83' lang='lat' dir='ltr'><strong>pre</strong></span> <span class='ocrx_word' id='word_1_250' title='bbox 144 4305 284 4360; x_wconf 78' lang='lat' dir='ltr'><strong>Deatimtmo</strong></span> <span class='ocrx_word' id='word_1_251' title='bbox 303 4308 369 4373; x_wconf 79' lang='lat' dir='ltr'><strong>Papa</strong></span> <span class='ocrx_word' id='word_1_252' title='bbox 387 4307 482 4367; x_wconf 83' lang='lat' dir='ltr'><strong>nostrat</strong></span> <span class='ocrx_word' id='word_1_253' title='bbox 506 4321 568 4372; x_wconf 85' lang='lat' dir='ltr'><strong>queo</strong></span> <span class='ocrx_word' id='word_1_254' title='bbox 592 4305 682 4356; x_wconf 83' lang='lat' dir='ltr'><strong>additio</strong></span> <span class='ocrx_word' id='word_1_255' title='bbox 706 4311 744 4354; x_wconf 85' lang='lat' dir='ltr'><strong>ast</strong></span> <span class='ocrx_word' id='word_1_256' title='bbox 760 4317 774 4353; x_wconf 86' lang='grc' dir='ltr'>ι</span> <span class='ocrx_word' id='word_1_257' title='bbox 793 4303 914 4353; x_wconf 79' lang='lat' dir='ltr'><strong>Lusitania</strong></span> <span class='ocrx_word' id='word_1_258' title='bbox 937 4303 1014 4352; x_wconf 84' lang='lat' dir='ltr'><strong>tacte:</strong></span> <span class='ocrx_word' id='word_1_259' title='bbox 1038 4314 1133 4366; x_wconf 87' lang='lat' dir='ltr'><strong>proque</strong></span> <span class='ocrx_word' id='word_1_260' title='bbox 1157 4297 1239 4348; x_wconf 87' lang='lat' dir='ltr'><strong>mnndi</strong></span> <span class='ocrx_word' id='word_1_261' title='bbox 1257 4309 1318 4362; x_wconf 85' lang='lat' dir='ltr'><strong>pree</strong></span> <span class='ocrx_word' id='word_1_262' title='bbox 1336 4305 1361 4348; x_wconf 87' lang='lat' dir='ltr'><strong>et</strong></span> 
     </span>
     <span class='ocr_line' id='line_1_30' title="bbox 95 4381 1360 4453; baseline -0.005 -16"><span class='ocrx_word' id='word_1_263' title='bbox 95 4391 251 4453; x_wconf 77' lang='lat' dir='ltr'><strong>artocreae,</strong></span> <span class='ocrx_word' id='word_1_264' title='bbox 270 4401 300 4444; x_wconf 88' lang='lat' dir='ltr'><strong>nt</strong></span> <span class='ocrx_word' id='word_1_265' title='bbox 313 4391 410 4444; x_wconf 87' lang='lat' dir='ltr'><strong>scilicet</strong></span> <span class='ocrx_word' id='word_1_266' title='bbox 422 4392 580 4443; x_wconf 82' lang='lat' dir='ltr'><strong>benedicatur</strong></span> <span class='ocrx_word' id='word_1_267' title='bbox 597 4397 621 4442; x_wconf 86' lang='lat' dir='ltr'><strong>et</strong></span> <span class='ocrx_word' id='word_1_268' title='bbox 639 4387 805 4440; x_wconf 84' lang='lat' dir='ltr'><strong>misericordie</strong></span> <span class='ocrx_word' id='word_1_269' title='bbox 823 4395 864 4437; x_wconf 85' lang='lat' dir='ltr'><strong>toa</strong></span> <span class='ocrx_word' id='word_1_270' title='bbox 882 4387 1056 4452; x_wconf 87' lang='lat' dir='ltr'><strong>adimpleatur:</strong></span> <span class='ocrx_word' id='word_1_271' title='bbox 1074 4398 1119 4449; x_wconf 89' lang='lat' dir='ltr'><strong>pro</strong></span> <span class='ocrx_word' id='word_1_272' title='bbox 1138 4383 1217 4433; x_wconf 84' lang='lat' dir='ltr'><strong>omnis</strong></span> <span class='ocrx_word' id='word_1_273' title='bbox 1230 4381 1301 4433; x_wconf 84' lang='lat' dir='ltr'><strong>etiem</strong></span> <span class='ocrx_word' id='word_1_274' title='bbox 1313 4381 1360 4432; x_wconf 83' lang='lat' dir='ltr'><strong>Ee·</strong></span> 
     </span>
     <span class='ocr_line' id='line_1_31' title="bbox 96 4471 1360 4544; baseline -0.007 -20"><span class='ocrx_word' id='word_1_275' title='bbox 96 4471 169 4526; x_wconf 77' lang='lat' dir='ltr'><strong>datae</strong></span> <span class='ocrx_word' id='word_1_276' title='bbox 191 4481 299 4541; x_wconf 67' lang='lat' dir='ltr'><strong>germine</strong></span> <span class='ocrx_word' id='word_1_277' title='bbox 318 4477 385 4544; x_wconf 83' lang='lat' dir='ltr'><strong>qnod</strong></span> <span class='ocrx_word' id='word_1_278' title='bbox 404 4477 502 4538; x_wconf 74' lang='lat' dir='ltr'><strong>dignum</strong></span> <span class='ocrx_word' id='word_1_279' title='bbox 521 4475 649 4540; x_wconf 85' lang='lat' dir='ltr'><strong>reperitur,</strong></span> <span class='ocrx_word' id='word_1_280' title='bbox 673 4473 820 4524; x_wconf 83' lang='lat' dir='ltr'><strong>oblationem</strong></span> <span class='ocrx_word' id='word_1_281' title='bbox 838 4472 901 4522; x_wconf 85' lang='lat' dir='ltr'><strong>banc</strong></span> <span class='ocrx_word' id='word_1_282' title='bbox 918 4486 979 4537; x_wconf 84' lang='lat' dir='ltr'><strong>quae</strong></span> <span class='ocrx_word' id='word_1_283' title='bbox 996 4472 1021 4520; x_wconf 90' lang='lat' dir='ltr'><strong>iu</strong></span> <span class='ocrx_word' id='word_1_284' title='bbox 1039 4475 1171 4532; x_wconf 87' lang='lat' dir='ltr'><strong>conspeetu</strong></span> <span class='ocrx_word' id='word_1_285' title='bbox 1189 4474 1230 4517; x_wconf 88' lang='lat' dir='ltr'><strong>tuo</strong></span> <span class='ocrx_word' id='word_1_286' title='bbox 1249 4472 1287 4517; x_wconf 90' lang='lat' dir='ltr'><strong>eet</strong></span> <span class='ocrx_word' id='word_1_287' title='bbox 1303 4479 1360 4517; x_wconf 75' lang='grc' dir='ltr'>ιιιι-</span> 
     </span>
     <span class='ocr_line' id='line_1_32' title="bbox 96 4571 204 4622; baseline -0.009 -9"><span class='ocrx_word' id='word_1_288' title='bbox 96 4571 144 4622; x_wconf 66' lang='grc' dir='ltr'><strong>ῦγθ,</strong></span> <span class='ocrx_word' id='word_1_289' title='bbox 160 4571 204 4612; x_wconf 77' lang='lat' dir='ltr'><strong>ele.</strong></span> 
     </span>
    </p>

    <p class='ocr_par' dir='ltr' id='par_1_11' title="bbox 17 4637 1362 4799">
     <span class='ocr_line' id='line_1_33' title="bbox 165 4637 1360 4714; baseline -0.011 -16"><span class='ocrx_word' id='word_1_290' title='bbox 165 4648 218 4714; x_wconf 84' lang='lat' dir='ltr'><strong>Cap.</strong></span> <span class='ocrx_word' id='word_1_291' title='bbox 238 4649 277 4700; x_wconf 71' lang='lat' dir='ltr'><strong>xl.</strong></span> <span class='ocrx_word' id='word_1_292' title='bbox 314 4645 531 4697; x_wconf 79' lang='lat' dir='ltr'><strong>Denaldotins</strong></span> <span class='ocrx_word' id='word_1_293' title='bbox 558 4645 572 4695; x_wconf 93' lang='lat' dir='ltr'><strong>l.</strong></span> <span class='ocrx_word' id='word_1_294' title='bbox 591 4661 611 4696; x_wconf 91' lang='lat' dir='ltr'><strong>c.</strong></span> <span class='ocrx_word' id='word_1_295' title='bbox 635 4660 659 4709; x_wconf 87' lang='lat' dir='ltr'><strong>p.</strong></span> <span class='ocrx_word' id='word_1_296' title='bbox 676 4641 789 4706; x_wconf 67' lang='lat' dir='ltr'><strong>blidam:</strong></span> <span class='ocrx_word' id='word_1_297' title='bbox 821 4641 942 4700; x_wconf 79' lang='lat' dir='ltr'><strong>Petamne,</strong></span> <span class='ocrx_word' id='word_1_298' title='bbox 968 4639 1126 4689; x_wconf 82' lang='lat' dir='ltr'><strong>conliteamur</strong></span> <span class='ocrx_word' id='word_1_299' title='bbox 1152 4642 1177 4686; x_wconf 88' lang='lat' dir='ltr'><strong>et</strong></span> <span class='ocrx_word' id='word_1_300' title='bbox 1203 4637 1360 4686; x_wconf 84' lang='lat' dir='ltr'><strong>obsecremne</strong></span> 
     </span>
     <span class='ocr_line' id='line_1_34' title="bbox 17 4719 1362 4799; baseline -0.012 -15"><span class='ocrx_word' id='word_1_301' title='bbox 17 4766 22 4799; x_wconf 45' lang='grc' dir='ltr'><strong>ᾗ</strong></span> <span class='ocrx_word' id='word_1_302' title='bbox 100 4733 165 4774; x_wconf 64' lang='lat'>⁰⁰¹⁸·</span> <span class='ocrx_word' id='word_1_303' title='bbox 181 4733 204 4784; x_wconf 84' lang='lat' dir='ltr'><strong>ie</strong></span> <span class='ocrx_word' id='word_1_304' title='bbox 220 4735 297 4785; x_wconf 86' lang='lat' dir='ltr'><strong>cbcro</strong></span> <span class='ocrx_word' id='word_1_305' title='bbox 317 4732 464 4784; x_wconf 85' lang='lat' dir='ltr'><strong>Dominum:</strong></span> <span class='ocrx_word' id='word_1_306' title='bbox 483 4739 545 4782; x_wconf 86' lang='lat' dir='ltr'><strong>etate</strong></span> <span class='ocrx_word' id='word_1_307' title='bbox 562 4743 623 4796; x_wconf 90' lang='lat' dir='ltr'><strong>pure</strong></span> <span class='ocrx_word' id='word_1_308' title='bbox 642 4737 665 4780; x_wconf 87' lang='lat' dir='ltr'><strong>et</strong></span> <span class='ocrx_word' id='word_1_309' title='bbox 682 4727 798 4779; x_wconf 88' lang='lat' dir='ltr'><strong>attendite</strong></span> <span class='ocrx_word' id='word_1_310' title='bbox 815 4725 853 4778; x_wconf 85' lang='lat' dir='ltr'><strong>bie</strong></span> <span class='ocrx_word' id='word_1_311' title='bbox 871 4739 933 4792; x_wconf 83' lang='lat' dir='ltr'><strong>qaae</strong></span> <span class='ocrx_word' id='word_1_312' title='bbox 950 4729 1068 4787; x_wconf 60' lang='lat' dir='ltr'><strong>aguntum</strong></span> <span class='ocrx_word' id='word_1_313' title='bbox 1091 4723 1224 4774; x_wconf 85' lang='lat' dir='ltr'><strong>tremendis</strong></span> <span class='ocrx_word' id='word_1_314' title='bbox 1243 4719 1362 4785; x_wconf 73' lang='lat' dir='ltr'><strong>arenariis</strong></span> 
     </span>
    </p>
   </div>
   <div class='ocr_carea' id='block_1_10' title="bbox 18 4803 1157 4861">
    <p class='ocr_par' dir='ltr' id='par_1_12' title="bbox 18 4803 1157 4861">
     <span class='ocr_line' id='line_1_35' title="bbox 18 4803 1157 4861; baseline -0.006 0"><span class='ocrx_word' id='word_1_315' title='bbox 18 4844 23 4861; x_wconf 88' lang='lat'><em>.</em></span> <span class='ocrx_word' id='word_1_316' title='bbox 123 4809 152 4856; x_wconf 80' lang='lat' dir='ltr'><strong>lt.</strong></span> <span class='ocrx_word' id='word_1_317' title='bbox 1125 4803 1157 4855; x_wconf 82' lang='lat'><strong>12</strong></span> 
     </span>
    </p>
   </div>
   <div class='ocr_carea' id='block_1_11' title="bbox 0 0 1698 5304">
    <p class='ocr_par' dir='ltr' id='par_1_13' title="bbox 0 0 1698 5304">
     <span class='ocr_line' id='line_1_36' title="bbox 0 0 1698 5304; baseline 0 0"><span class='ocrx_word' id='word_1_318' title='bbox 0 0 1698 5304; x_wconf 95' lang='lat' dir='ltr'><strong> </strong></span> 
     </span>
    </p>
   </div>
  </div>
 </body>
</html>
