3314 5304
381 1645 996 1804 ranunculae-u.

126 2132 286 2244 Septimus
318 2179 415 2226 annus
447 2160 498 2224 hie
529 2159 635 2239 agitur,
668 2169 830 2242 postquam
859 2163 891 2226 in
917 2161 1015 2226 lucem
1044 2162 1159 2244 prodiit
1183 2144 1359 2231 volumen*

63 2261 179 2340 primam
207 2263 329 2328 Codicis
357 2261 519 2343 liturgici,
552 2261 638 2324 cuius
670 2261 702 2324 id
730 2261 805 2324 mihi
834 2261 974 2343 inprimis
1002 2263 1162 2328 consutum
1191 2264 1257 2341 luit,
1290 2277 1327 2332 ιιι

63 2362 145 2427 miris
178 2364 216 2428 ad
251 2373 383 2430 veterum
419 2381 456 2428 ac
490 2362 692 2427 recentiorum
718 2362 907 2443 liturgiarum
934 2364 1053 2428 chartas
1082 2364 1180 2430 laeilis
1205 2375 1327 2449 pataret

67 2462 161 2538 allitus¹
182 2474 216 2528 nt
230 2466 287 2528 toti
308 2464 493 2547 reipublicae
515 2463 698 2526 christianae
720 2482 756 2528 sa
777 2463 828 2528 illa
850 2465 1008 2530 vetustatis
1022 2467 1196 2546 cognitione
1210 2469 1278 2535 utili
1292 2480 1326 2534 et

65 2567 223 2630 nomana
250 2567 365 2630 tructus
386 2565 497 2648 aliquis
519 2564 701 2629 redundaret
721 2564 760 2629 ad
781 2565 939 2630 amabilem
961 2566 1108 2631 ecelesiae
1130 2569 1324 2634 concordiam

65 2673 90 2726 et
108 2667 256 2732 nitatem.
299 2669 361 2732 lam
395 2685 463 2731 cunr
484 2666 544 2731 hoc
567 2674 672 2747 quarto
695 2679 776 2732 tomo
800 2686 876 2748 opus
898 2668 1058 2732 molestum
1080 2687 1116 2732 ac
1137 2668 1324 2736 laboriosum

65 2763 218 2834 meolutcnr
247 2780 278 2833 et
299 2769 337 2833 ad
359 2769 469 2833 exitum
490 2767 667 2850 perductum
689 2769 741 2843 sit,
763 2769 863 2833 omnis
885 2766 1027 2850 cogitatio
1048 2777 1210 2852 motusque
1231 2771 1324 2836 animi

66 2869 158 2946 gradio
178 2869 370 2952 complentur
387 2879 420 2932 et
440 2869 604 2949 gratiarum
627 2869 755 2935 actione.
777 2872 918 2934 Summus
939 2871 1030 2943 Deus,
1052 2871 1143 2935 Pater
1164 2871 1323 2942 luminum.

66 2983 79 3028 ι
98 2989 150 3052 quo
171 2989 261 3034 omne
284 2971 443 3034 descendit
468 2969 567 3034 datum
596 2971 751 3051 optimum,
780 2972 871 3034 etiam
893 2972 1003 3036 studiis
1024 2972 1101 3034 mais
1122 2971 1272 3052 liturgicis
1294 2983 1326 3036 et

66 3073 187 3150 corporis
218 3071 299 3136 virae
327 3080 358 3134 et
378 3069 471 3160 animi
493 3072 678 3135 alacritatem
701 3071 950 3137 subministravit.
992 3074 1031 3135 ht
1051 3073 1143 3152 longo
1166 3073 1196 3134 in
1220 3091 1325 3154 opere,

67 3167 87 3228 si
105 3169 252 3236 hominum
275 3171 383 3237 auxilia
405 3183 488 3250 grata
510 3182 611 3234 mente
634 3173 895 3236 commemoranda
911 3183 989 3246 sunt,
1011 3173 1204 3254 potissimum
1220 3175 1322 3236 redin-

67 3274 191 3348 tegranda
220 3284 268 3336 est
289 3272 477 3338 Venerabilis
498 3271 637 3335 'Philonis
664 3274 818 3345 memoria.
848 3291 944 3354 nuper
965 3292 983 3335 e
1005 3273 1079 3336 rivis
1102 3272 1222 3336 sublati.
1265 3273 1324 3336 llic

66 3367 115 3444 tir,
135 3375 264 3453 theologi
288 3374 442 3438 christiani
464 3373 618 3456 praeclara
641 3375 759 3456 species
782 3382 812 3436 et
833 3371 994 3454 exemplar,
1016 3392 1084 3436 cum
1106 3373 1223 3437 alienus
1241 3384 1324 3438 esset

68 3487 81 3530 ι
99 3477 290 3540 recentiorum
312 3475 411 3556 spinis
433 3493 469 3540 ac
490 3475 585 3548 tricis,
608 3483 689 3538 totus
711 3475 885 3539 versabatur
906 3474 937 3536 in
959 3472 1079 3554 priseae
1100 3473 1248 3538 ecclesiae
1267 3475 1322 3538 do·

68 3577 198 3640 eumenus
226 3577 444 3656 investigandis
472 3586 503 3640 et
531 3576 715 3640 illustrandis
744 3595 800 3640 uec
821 3575 974 3656 antiquius
998 3575 1160 3656 quidquam
1181 3576 1322 3648 hahebat,

69 3673 115 3736 nisi
134 3687 165 3742 nt
185 3677 304 3741 doctam
327 3696 394 3741 eum
421 3677 554 3740 inlueata
577 3677 626 3738 illa
648 3685 782 3740 vetustae
804 3675 952 3740 ecelesiae
973 3675 1147 3740 sinceritate
1169 3695 1323 3742 commen·

69 3771 138 3840 daret
156 3779 296 3843 omnibus
320 3777 564 3842 familiaritatem.
594 3777 654 3840 Sed
676 3779 714 3841 de
734 3777 979 3859 praeclarissimo
993 3778 1064 3841 Viro
1087 3779 1158 3860 quid
1175 3797 1230 3860 ego
1247 3779 1323 3843 satis

70 3871 172 3952 liguum
195 3877 451 3943 commemorem?
481 3879 547 3942 Hoc
568 3897 659 3940 unum
681 3897 741 3942 non
763 3879 1061 3960 praetermittendum
1084 3889 1139 3954 est,
1161 3880 1322 3946 Thilonem

70 3989 123 4038 eun
148 3981 201 4042 toti
232 3981 336 4044 Codici
365 3980 534 4060 liturgico,
566 3989 626 4043 tum
657 3989 761 4059 quarto
791 3979 970 4043 Graecorum
997 3979 1141 4044 volumini
1169 3983 1322 4045 exstitisse

70 4085 220 4150 pauonum.
263 4081 339 4146 Nam
372 4101 439 4146 cum
462 4081 558 4162 ipsius
582 4075 737 4142 orientalis
759 4080 905 4144 ecelesiae
927 4079 1143 4162 aliquantulum
1165 4083 1321 4146 horrerem

71 4171 186 4258 liiurp'as
206 4181 297 4244 latius
318 4196 511 4246 excurrentes
534 4201 569 4244 ac
591 4180 730 4245 difficiles
752 4181 986 4245 occidentalibus
1010 4183 1182 4245 hominibus
1199 4183 1234 4246 ad
1251 4201 1322 4264 per·

71 4275 249 4358 tpiciendum,
278 4281 329 4346 ille
357 4292 544 4348 cornetantem
574 4292 603 4346 et
635 4281 834 4363 trepidantem
862 4283 1009 4356 excitavit,
1040 4293 1072 4347 ιιι
1099 4283 1260 4364 aliquando
1289 4283 1321 4346 iu

73 4371 171 4446 ullane
191 4403 312 4466 quoque
333 4384 513 4466 palaestram
536 4383 761 4446 descenderem.
791 4383 905 4464 ltaque,
928 4385 954 4447 si
972 4384 1043 4464 quid
1059 4403 1163 4446 manes
1177 4385 1321 4458 sentiunt,

73 4476 102 4538 td
123 4481 277 4550 Thilonem
311 4485 443 4566 pertinet
469 4485 599 4549 absoluti
627 4482 729 4566 operis
758 4485 984 4566 exoptatissima
1012 4485 1181 4564 gratulatio.
1224 4487 1321 4549 Porro

74 4579 157 4648 lutae
184 4585 299 4666 gotiae
327 4587 461 4666 agendae
489 4594 560 4650 sunt
590 4585 638 4658 iis,
667 4603 793 4665 quorum
816 4585 965 4648 industria
987 4585 1017 4646 in
1041 4585 1146 4648 eodem
1170 4585 1321 4650 curriculo

73 4691 99 4740 tt
121 4688 285 4770 explicavit:
315 4689 383 4752 dico
411 4687 613 4768 intelligentes
641 4703 741 4750 rerum
768 4685 972 4765 liturgicarum
1000 4684 1229 4763 existimatores,
1256 4705 1321 4750 non
