3336 5302
895 362 970 436 412

293 567 376 636 φερε
403 543 462 634 τὴν
485 538 623 624 Θυσίαν,
652 537 776 628 idione
804 541 932 632 φανερὰ
964 537 1045 610 oriali
1072 539 1112 610 τὸ
1134 537 1307 628 Πανόγιον
1328 547 1471 628 Πνεῦμα
1499 542 1578 614 tca-

293 643 428 729 σκιάζον
456 644 516 714 ίπί
543 642 586 711 τὰ
607 647 721 730 Δῶρα,
750 643 807 712 καί
833 640 1014 734 παρρησίᾳ,
1036 639 1141 710 ’Όταν
1165 639 1347 727 θεάσωμαι
1375 639 1495 732 (ἔλεγε)
1514 644 1576 735 τὴν

238 765 243 778 ’
293 744 512 837 ίπιφοίτησιν
532 750 591 814 τοῦ
608 740 722 832 ‘Ayr'ov
748 741 957 830 Πνεόμοτος,
978 741 1056 812 τότε
1076 743 1133 812 καί
1154 743 1214 832 τὴν
1240 742 1469 842 Λειτουργίαι
1497 744 1577 814 dur-
1658 819 1659 828 ς

292 846 388 913 τελῶ.
416 846 486 914 Καί
507 845 623 927 καθὼς
638 843 765 934 ἱστορεῖ
786 844 845 914 διὰ
865 842 1183 941 τοὺςἈποστόλαυς
1196 840 1216 912 ό
1229 842 1394 934 μακάριος
1407 843 1574 932 Πρόκλος.
1658 845 1659 854 ’

295 947 364 1034 Τὴν
386 943 601 1038 ἐπιφοίτησιν
622 945 842 1037 προςεδῶκιυν
862 955 922 1017 τοῦ
940 944 1054 1034 ‘Ayr'ov
1074 942 1282 1031 Πντίματρς,
1314 944 1474 1038 ὅπως-τῇ
1495 943 1575 1039 c‘pr'p

293 1043 396 1116 αὐτοῦ
422 1046 594 1139 παρουσίᾳ
620 1049 679 1118 τὸν
706 1046 924 1136 προκείμενον
945 1043 995 1128 είς
1013 1041 1359 1134 ἹερσυρμίανἍριαν,
1388 1049 1448 1116 καὶ
1475 1041 1575 1116 Οἶνον

292 1145 393 1218 doma
419 1150 631 1238 μεμιγμένον,
665 1146 747 1218 αὐτὸ
776 1149 880 1218 ἐκεῖνο
907 1151 946 1218 τὸ
974 1154 1088 1234 Σῶμα,
1121 1149 1179 1217 καί
1197 1143 1299 1236 Αἷμα
1325 1155 1387 1218 τοῦ
1415 1155 1574 1238 Σωτῆρος
1659 1201 1660 1226 ,

291 1245 385 1338 ἡμῶν
397 1246 504 1341 Ἰησοῦ
518 1257 668 1340 Χριστοῦ
691 1249 888 1340 duoprimas
909 1251 967 1318 καί
989 1247 1157 1341 ἀναδείξῃ.
1176 1287 1213 1300 ·-
1235 1249 1354 1331 Αὐτὸς
1375 1245 1574 1338 ainaim·
1659 1257 1660 1260 ’

290 1356 383 1454 eppei
397 1353 567 1440 reppereris
587 1351 606 1422 δ
629 1351 825 1442 δγιιότατος)
846 1359 947 1421 τοῦτο
968 1351 1040 1420 ἐστὶ
1053 1351 1092 1419 τὸ
1106 1348 1210 1437 Σῶμά
1222 1375 1299 1436 μου.
1325 1357 1434 1422 Τοῦτο
1448 1353 1490 1422 τδ
1504 1345 1574 1422 Αἷ-

290 1451 340 1539 μδ
353 1479 429 1539 μου.
451 1452 570 1535 Αὐτὸς
591 1455 648 1524 καί
668 1459 741 1535 τοῖς
751 1449 973 1533 Ἀποστόλοις
994 1452 1155 1534 ἐκέλευσε,
1175 1453 1234 1522 nori
1248 1449 1291 1521 δι’
1307 1449 1441 1523 ἐκείνων
1456 1451 1572 1546 ἁπάσῃ

290 1561 330 1645 τῇ
351 1551 523 1647 'acupha
549 1563 648 1624 τοῦτο
680 1561 803 1624 ποιεῖν.
843 1561 950 1624 Τοῦτο
979 1553 1040 1642 γάρ
1068 1577 1153 1645 φησι
1179 1559 1312 1623 ποιεῖτε
1337 1552 1387 1636 νίς
1408 1556 1470 1644 τὴν
1492 1555 1573 1646 ἐμὴν

291 1651 484 1747 ἀνάμνησιν.
525 1654 593 1726 Οὐκ
621 1651 660 1725 dv
689 1656 839 1726 ἐκέλευσε
866 1663 966 1724 τοῦτο
987 1662 1117 1737 ποιεῖν,
1146 1652 1238 1743 τίμὴ
1261 1653 1403 1742 δύναμιν
1425 1657 1572 1747 ἕνθῆσαι

290 1753 437 1842 ἔμελλεν,
459 1757 541 1839 dicae
563 1757 732 1828 diluendae
754 1765 853 1826 τοῦτο
875 1764 997 1826 ποιεῖν.
1020 1759 1076 1826 καί
1096 1756 1148 1838 τίς
1161 1746 1183 1845 ἧ
1198 1755 1354 1843 direpta,-
1375 1759 1415 1827 τὸ
1429 1767 1572 1848 Πνεῦμα

289 1859 330 1928 τὸ
345 1857 471 1946 ‘'Ayaor,
493 1857 514 1950 ἡ
537 1859 575 1940 ἐξ
595 1859 705 1948 ὕψους
726 1859 805 1940 τοὺς
822 1855 1052 1938 Ἀπουτόλους
1073 1853 1255 1940 ὁπλίσασα,
1276 1859 1361 1928 κατὰ
1382 1861 1422 1928 ad
1438 1859 1572 1952 εἰρημέ-

290 1985 347 2030 νον
368 1961 456 2046 πρός
477 1958 600 2041 αὐτοὺς
621 1958 688 2030 ὑπὸ
710 1969 769 2029 τοῦ
792 1959 937 2049 Κυρίου·
958 1959 1146 2046 Koddoura
1168 1957 1203 2026 ἐν
1223 1966 1264 2050 τῇ
1277 1957 1385 2028 Πόλει
1404 1958 1571 2049 Ἰερουσα-

290 2059 367 2151 λήμ,
398 2063 461 2143 ἕως
489 2059 530 2132 th
557 2061 743 2151 ἐνδύσησθε
771 2063 910 2146 δύναμιν
933 2059 971 2144 ἐξ
989 2060 1110 2150 ὕψους.
1137 2067 1244 2128 Τοῦτο
1266 2061 1305 2128 τὸ
1328 2059 1424 2149 ἔργον
1446 2063 1571 2154 ἐκείνης

289 2169 349 2251 τῆς
368 2161 539 2232 καθόδου·
561 2161 600 2233 οὗ
622 2164 684 2252 γὰρ
705 2162 870 2232 κατελθὸν
893 2163 994 2244 ἅπαξ,
1018 2157 1091 2230 εἶτα
1106 2158 1335 2230 ἀπολέλοιπεν
1348 2159 1447 2256 ἡμᾶς.
1469 2161 1571 2234 Ἀλλὰ

289 2261 368 2350 μεθ’
391 2262 485 2355 ἡμῶν
507 2265 588 2346 ἐστὶ,
610 2265 666 2334 καί
689 2263 784 2334 ἔσται
804 2265 901 2352 μέχρι
923 2265 1049 2343 παντὸς
1071 2261 1119 2343 είς
1140 2263 1198 2329 τὸν
1221 2261 1336 2334 αἰῶνα.

376 2372 437 2450 Ego
462 2393 531 2438 vero
555 2392 610 2452 pro
634 2382 717 2434 certo
740 2371 847 2445 habco,
870 2391 906 2432 ex
927 2371 1094 2450 apostoliea
1120 2369 1280 2434 traditione
1299 2389 1408 2450 panem
1423 2382 1455 2434 et
1471 2373 1567 2436 riuum
1662 2391 1663 2394 ’

290 2475 462 2535 consecrari
487 2475 585 2536 rerhis
609 2475 720 2536 Christi
744 2473 953 2536 eucharisticis
975 2480 1006 2534 at
1027 2473 1164 2535 oratione
1187 2470 1338 2534 dominica
1361 2491 1391 2551 p.
1408 2474 1493 2553 Seu.
1515 2481 1567 2538 hc·

290 2576 383 2636 cessit
405 2577 555 2638 invocatio
578 2576 719 2656 Spiritus,
749 2585 781 2636 ut
802 2576 881 2636 duna
900 2591 1001 2648 saera,
1030 2573 1061 2634 ln
1084 2591 1193 2653 corpus
1217 2580 1247 2634 et
1269 2573 1446 2652 sanguinem
1471 2583 1566 2638 trans·
1663 2638 1664 2654 p

290 2693 386 2744 versa.
411 2676 522 2755 populo
546 2676 720 2740 manifestet
740 2686 830 2757 atque
852 2675 1024 2752 declarat.¹)
1069 2675 1164 2750 Quam
1188 2674 1353 2738 efficaciam
1369 2675 1516 2756 Spiritus,
1539 2687 1568 2740 nt

290 2777 332 2841 ita
348 2777 455 2850 dicam,
472 2778 680 2840 declarativam
696 2778 784 2840 etiarn
802 2777 892 2841 hodie
907 2777 966 2840 sihi
982 2774 1265 2857 imploratllomana
1282 2776 1421 2852 ecclesia,
1438 2779 1565 2842 orando:

292 2878 363 2940 Vani
386 2879 589 2944 sarrctillcator
611 2890 642 2942 at
657 2881 753 2953 Quam
776 2878 976 2942 oblationem:
1000 2877 1112 2940 Graeca
1134 2877 1258 2941 mutarit
1280 2877 1486 2942 declarantem
1502 2882 1565 2962 Spi-

288 2979 381 3041 ritum
403 2980 433 3040 in
458 2990 715 3054 transmutantem,
738 2981 905 3062 precando:
932 2972 1076 3065 ποίησον
1096 2973 1236 3060 τὸνμὲν
1257 2967 1357 3062 όρτον
1378 2983 1499 3046 τοῦτον
1518 2975 1565 3044 τί·

287 3101 367 3162 μισν
388 3083 566 3163 reciprocari
587 3084 749 3165 Χριστοῦ.
792 3083 831 3144 lh
852 3100 911 3144 non
935 3079 972 3143 ab
996 3081 1077 3143 omui
1102 3089 1248 3142 retrrstate
1269 3081 1348 3144 lracc
1371 3083 1564 3146 consuetudi·

288 3201 357 3246 nem
392 3203 407 3244 a
437 3183 560 3247 Graecis
593 3194 747 3266 acceptam
780 3203 858 3256 esse,
892 3183 1026 3246 sobrium
1059 3201 1096 3244 ac
1123 3181 1283 3244 candidum
1306 3182 1438 3246 iudicem
1462 3187 1566 3248 edocet

287 3285 369 3364 quod
383 3286 531 3348 Diaconos
554 3288 712 3350 sacerdote
734 3287 838 3348 recha:
864 3286 928 3346 lloc
950 3295 997 3346 est
1019 3303 1129 3364 corpus
1145 3283 1258 3346 cneum!
1282 3284 1467 3364 proferente,
1490 3285 1562 3350 stola

282 3391 374 3448 'sacra
405 3387 484 3450 dona
513 3397 730 3450 commonstrat
758 3388 843 3468 quasi
867 3406 906 3449 ea
937 3405 1008 3448 roca
1037 3385 1237 3448 sanctificata:
1268 3386 1432 3466 persuadet
1453 3387 1482 3450 ei
1505 3387 1561 3450 sol·

288 3485 396 3550 lemuis
419 3489 470 3550 illa
492 3489 595 3570 populi
620 3490 787 3553 adfirmatio
812 3491 939 3560 Amen,
971 3505 1027 3567 qua
1051 3484 1213 3568 praeconio
1236 3487 1404 3548 sacerdotis
1427 3489 1561 3552 euchari·

287 3588 367 3650 atico
390 3588 437 3651 bis
460 3592 670 3672 respondetur.
693 3589 766 3652 Nam
790 3589 846 3652 hac
868 3607 940 3652 voce
963 3587 1128 3668 anhquituo
1151 3587 1313 3650 Christiani
1336 3590 1472 3654 confessi
1496 3600 1561 3654 aunt

289 3687 401 3750 Christi
432 3691 462 3752 in
492 3711 585 3754 coena
615 3710 699 3754 sacra
727 3692 940 3773 praesentiam.
985 3690 1100 3763 Quodsi
1125 3687 1229 3750 Gracci
1258 3707 1323 3751 eam
1352 3692 1513 3770 prolerunt
1533 3693 1559 3754 in

287 3789 347 3851 hoc
369 3790 478 3854 Missae
509 3793 605 3873 capite
633 3794 721 3874 eique
750 3793 929 3874 saepissime
957 3791 1070 3852 addunt
1096 3809 1172 3871 quae
1194 3791 1287 3854 refert
1308 3792 1477 3855 Arcadius:
1507 3815 1562 3856 πι-

287 3883 394 3954 στεύω
416 3885 520 3977 Κύριε
548 3889 605 3958 καί
633 3887 796 3978 ὁμολογῶ,
825 3887 879 3958 ὅτι
906 3889 946 3958 σὺ
974 3883 1005 3957 εί
1032 3884 1050 3956 δ
1073 3883 1256 3976 Χριστὸςδ
1283 3884 1362 3968 Υίὸς
1390 3895 1453 3958 τοῦ
1477 3891 1560 3960 Θεοί

287 3993 348 4056 τοῦ
370 3987 500 4072 ζῶντος,
523 3987 542 4060 ὁ
565 3990 676 4061 ἐλθών
698 3988 747 4073 είς
767 3991 825 4061 τὸν
846 3986 971 4078 κόσμον
993 3987 1210 4078 ἁμαρτωλοὺς
1230 3995 1350 4072 σῶσαι,
1372 3979 1560 4080 ὧνπρῶτος

287 4085 358 4177 alpe
379 4087 455 4179 lyci,
488 4097 515 4160 si
538 4099 660 4161 accedat
694 4098 798 4160 eadem
832 4107 982 4160 sectarum
1006 4096 1363 4175 devotiop.158.159:
1397 4095 1557 4160 veroslotih

287 4197 459 4261 coniectura
482 4199 681 4281 assequimur,
705 4199 776 4262 olim
800 4200 830 4262 in
851 4199 944 4262 llissa
966 4196 1103 4261 orientali
1127 4197 1387 4260 consecrationem
1410 4209 1557 4278 peractam

287 4315 355 4360 esse
379 4301 568 4364 enarratione
590 4299 720 4363 Canonis
743 4301 953 4362 eucharistica.

280 4407 593 4422 DU—-mq—-n

376 4454 399 4513 l)
423 4453 500 4504 Clam.
521 4454 560 4506 14.
578 4469 602 4520 p.
612 4453 660 4506 ὅθι
684 4477 716 4490 -
734 4445 811 4509 ὄντας
833 4445 965 4522 ἀποφήνῃ
987 4447 1037 4504 τὸν
1052 4443 1139 4522 ἄρτον
1155 4451 1254 4502 τοῦτον
1270 4449 1352 4519 σῶμα
1370 4449 1419 4502 τοῦ
1436 4445 1558 4517 Χριστοῦ

285 4531 342 4586 acl..
377 4537 438 4590 Sunt
455 4541 495 4603 qui
513 4534 685 4606 ἀποφαίνειν
703 4537 767 4590 idem
791 4539 927 4602 significare
945 4537 1027 4590 roluot
1043 4546 1114 4604 atqua
1132 4543 1303 4598 trasmittere,
1319 4537 1366 4590 sad
1385 4538 1458 4590 mela.
1492 4533 1556 4602 lpntl

287 4632 373 4670 omnes
391 4623 523 4688 scriptores
542 4623 647 4675 Graecos
666 4623 737 4674 hahet
756 4623 878 4674 notionem
898 4623 1067 4674 manifestandi
1086 4631 1109 4674 et
1127 4621 1278 4676 ostendendi.
