3394 5308
718 424 763 498 71

114 604 217 704 ρι’σσς
239 592 453 701 πνεύματος
478 603 588 707 ἁγίου
615 605 820 707 πληριόσης.
846 611 900 686 ἔτι
925 620 1212 716 παρυκαλοῦμὲν
1234 649 1287 714 σε,
1312 623 1380 704 κύ-

114 735 171 804 ριε,
205 705 300 804 ὑπὲρ
332 713 402 782 τοῦ
431 706 632 805 βασιλέως,
673 709 737 784 κοιλ
768 720 849 789 τῶν
883 717 924 791 ἐν
956 717 1117 819 ὑπεροχῇ
1128 723 1150 821 ¹)
1178 743 1378 828 (1.nim.2;n)

113 807 167 882 καὶ
188 807 330 890 παντὸς
354 814 423 884 τοῦ
448 808 713 908 στρατοπέδου,
737 814 803 892 ἱνα
821 815 1081 912 ελρηνεύωντιιι
1097 823 1144 898 τό
1160 825 1252 925 πρὸς
1267 827 1379 925 ἡμᾶς,

113 909 200 994 ὅπως
232 912 275 984 ἐν
309 907 447 1008 ἡσυχίη
479 909 544 985 καλ
578 909 735 1011 ὁμονοίᾳ
768 913 962 1017 διάγοντες
991 921 1060 998 τὸν
1091 921 1215 1002 πάντα
1236 930 1380 1030 χρόνον

112 1019 168 1108 τῆς
190 1010 288 1108 ζωῆς
311 1009 436 1107 ἡμῶν,
462 1008 679 1109 δοξάζωμεν
705 1039 745 1089 σε
771 1013 836 1091 διὰ
856 1019 979 1117 Ἰησοῦ
993 1023 1165 1123 Χριστοῦ
1189 1043 1255 1128 τῆς
1279 1033 1380 1108 ἐλπί-

112 1111 167 1196 όος
189 1110 311 1208 ἡμῶν.
339 1113 393 1185 ἔτι
418 1112 702 1214 πρυςφὲρομένλ)
731 1139 790 1191 σοι
814 1121 878 1194 καλ
902 1120 995 1223 ὑπὲρ
1021 1123 1175 1206 πάντων
1200 1139 1279 1210 τῶν
1304 1135 1378 1212 ἀπὸ

112 1216 237 1297 ninives·
262 1211 594 1311 εὐαρεοτησάντων
620 1239 678 1291 σοι
703 1216 837 1320 ἁγίων,
872 1235 1127 1323 πατριαρχιῦν,
1146 1243 1377 1332 προφητῶν,

112 1313 271 1404 δικαίων,
310 1313 542 1405 ἀποστόλων,
577 1316 793 1417 μαρτύρων,
813 1321 1115 1430 ’όμυλογηταξν,3)
1153 1335 1376 1427 ἐπισκόπων,

111 1415 378 1516 πρεσβυτέρων,
396 1415 597 1508 διακόνων,
617 1418 909 1527 [ὑποῦωικόνων]
924 1425 1192 1530 άναγνωσττῦν,
1206 1446 1376 1535 ιμαλτιῦν,

184 1655 208 1716 i)
236 1655 398 1706 Eusebius
416 1656 694 1721 intimantis:
712 1685 745 1700 -
764 1657 792 1710 οἱ
809 1657 840 1714 ἀλ
856 1656 897 1731 μὴ
914 1659 961 1714 διά
978 1661 1082 1721 τούτων
1095 1673 1202 1742 χωρεῖν
1217 1661 1274 1726 οἷοί
1289 1691 1316 1728 τε
1325 1679 1377 1728 θυ-

109 1739 170 1796 τίαις
183 1735 318 1806 ἀναίμοις
333 1737 383 1788 καλ
399 1741 545 1804 μυστικαῖς
561 1739 731 1810 ἱερουργίαις
746 1741 777 1795 τὸ
793 1747 874 1796 θεῖον
892 1739 1051 1816 ἱλάσκοντο,
1076 1746 1146 1823 ύπέρ
1164 1757 1209 1823 τῆς
1224 1759 1319 1824 κοινῆς
1334 1761 1377 1814 ελ-

110 1813 190 1886 ριξνης,
207 1815 282 1891 ύττέρ
300 1821 345 1886 τῆς
362 1820 506 1886 ἐκκλησίας
522 1823 571 1876 τού
588 1825 657 1877 θεοῦ
674 1820 758 1878 αὐτοῦ
774 1841 802 1878 τε
818 1830 960 1896 βασιλέως,
977 1828 1049 1908 ύπέρ
1066 1840 1115 1890 τοῦ
1131 1836 1376 1912 τοσούτωνοιὶςίου,

109 1903 207 1958 παίδων
225 1902 252 1956 τ’
273 1905 361 1957 αὐτοῦ
377 1906 530 1974 θεοφιλῶν,
547 1907 698 1978 ἱκετηρίαις
714 1905 798 1977 εῦχάς
814 1912 852 1978 τῦ
867 1914 926 1980 θεῷ
941 1923 1207 1990 προςαναηέροντες.
1241 1931 1375 1983 ithuna-

108 1993 165 2042 ιίτι
181 1992 288 2058 λρυλος.
304 1993 336 2044 nti
347 1993 444 2044 (ἔστειλε
463 1985 555 2062 μόνον
572 1988 627 2064 γάρ
645 1993 751 2064 ἔλεγον,
769 1989 916 2065 εύξιόμεθα
934 2001 999 2070 περὶ
1016 2003 1060 2067 τῆς
1077 2009 1212 2078 σωτηρίας
1229 2010 1277 2062 τοῦ
1293 2008 1375 2066 εύσε·

105 2069 227 2136 ίεστύτου
243 2067 412 2142 Αὐγούστου
428 2077 639 2128 Κωνστσντίου·
657 2079 705 2129 κοιλ
725 2079 777 2139 πᾶς
795 2075 809 2133 ὁ
828 2080 895 2140 λαός
913 2081 998 2144 εῦθῦς
1013 2087 1067 2155 μιᾷ
1089 2091 1170 2162 φωνῇ
1192 2088 1276 2159 ἐβόα·
1300 2098 1375 2166 Χρι-

106 2155 143 2208 nni
157 2155 257 2222 ῥοτὶθει
279 2159 474 2229 Κωνσταντίρ.

177 2244 204 2306 2)
222 2231 479 2312 ἱοτπροςφέρομεν
495 2247 519 2297 in
537 2248 585 2300 λιοο
602 2249 680 2314 eapite
698 2249 761 2302 idem
781 2254 978 2322 nignitlentntqnn
996 2248 1129 2326 όεύμεθα,
1148 2264 1373 2334 παρακαλοῦμεν,

104 2322 239 2397 ἀξιοῦμεν.
1254 2394 1260 2404 ,

178 2413 218 2474 3)-
234 2415 326 2464 λεεττιτι
354 2414 521 2483 ἀερτιλεοθίι·
544 2418 693 2468 τιυεττυθτι
721 2421 868 2486 antiquitatis
895 2426 1026 2489 vestigium.
1063 2429 1154 2482 Omnes
1172 2434 1235 2484 enim
1253 2435 1373 2501 Litnrgine

105 2514 155 2564 τμτι
171 2507 230 2554 ante
253 2499 381 2549 snecninnn
406 2509 517 2564 qnantum
542 2501 653 2553 conditae
671 2511 727 2554 σοιτί
747 2520 834 2570 preces
853 2509 956 2561 inndnnt
973 2527 1018 2576 ρτο
1036 2515 1159 2578 λροεὶολίε
1177 2525 1200 2566 et
1218 2523 1372 2585 ωιτιττλὶτεε,

106 2584 243 2634 iniinnninn
267 2584 445 2649 pnnsnntibns:
468 2597 530 2648 qnae
555 2587 696 2638 recentioris
715 2589 814 2652 originis
824 2601 897 2653 nunt,
915 2595 1025 2647 invocant
1040 2597 1153 2660 Sanctus,
1178 2610 1203 2652 nt
1222 2604 1267 2668 ipsi
1285 2621 1372 2671 preces

104 2669 194 2720 inndnnt
213 2683 261 2733 pro
280 2667 402 2718 inclinus.
436 2667 641 2734 Epiphanius
659 2671 729 2724 iinon.
748 2673 797 2724 75:
824 2701 857 2714 -
875 2671 970 2727 ἔπειτα
988 2675 1018 2729 θλ
1036 2681 1101 2750 περὶ
1120 2683 1167 2734 τοῦ
1185 2679 1311 2754 ὀνόματα
1328 2691 1372 2740 λέ-

102 2765 152 2816 γειν
167 2751 227 2802 ταῖν
245 2746 474 2818 τελευτησάντων,
499 2754 527 2802 τί
541 2745 578 2804 ἀν
595 2751 636 2817 εἴη
650 2747 748 2807 τούτου
764 2763 1012 2830 προυργιαίτερονς
1035 2767 1063 2814 τί
1077 2757 1173 2837 τούτου
1190 2764 1372 2842 καιριτότερον

102 2835 141 2884 ni
154 2825 402 2933 θαυμασιώτερον,
419 2831 559 2888 πιστεύειν
575 2835 630 2908 μλν
647 2834 710 2898 τούς
727 2833 935 2914 παρόντας,.ότι
950 2844 977 2898 οἱ
994 2842 1164 2910 ἀπελθόντες
1180 2853 1252 2920 coint,
1275 2857 1322 2907 καλ
1340 2856 1372 2909 ἐν

101 2917 250 2988 ἀνοκαρξίρ
275 2915 326 2969 οὐκ
349 2919 430 2984 είσλν,
454 2915 524 2972 ἀλλά
547 2921 602 2973 είολ
617 2923 666 2974 καλ
682 2924 746 2984 ζῦσι
762 2922 839 2994 παρὰ
857 2927 895 2993 τῦ
911 2923 1040 3002 δεσπότῃ,
1063 2932 1111 2984 καλ
1127 2929 1204 2996 ὅπως
1220 2929 1257 2990 ἀν
1273 2935 1303 2992 τό
1322 2939 1379 2993 σι-’

101 2997 232 3069 μτότατον
257 2992 388 3072 κηρυγμα
407 2995 594 3074 ῦιηγήσαιντο,
618 3000 656 3065 nic
671 3005 748 3066 ἐλπίς
766 3005 841 3061 ἐστιν
857 3007 928 3082 ὑπὲρ
946 3009 1078 3084 ἀδελφῶν
1094 3013 1261 3088 εὐχομένοις,
1286 3019 1323 3083 τός
1339 3014 1372 3077 ἐν

102 3083 236 3156 ἀποδημίᾳ
254 3081 466 3154 τυγχανόντων·
485 3084 590 3158 ὠφελεῖ
606 3089 636 3142 «ii
654 3093 701 3143 καλ
718 3087 788 3160 ύπέρ
806 3093 898 3146 αῦτῦν
913 3103 1053 3166 γενομένη
1070 3097 1146 3170 εὐχὴ,
1164 3105 1189 3156 εἱ
1204 3107 1252 3158 καλ
1269 3109 1301 3160 τά
1319 3103 1369 3162 όλα

101 3169 145 3222 noir
159 3163 336 3240 ιτλτιαμάτων
352 3167 392 3240 μὴ
409 3166 562 3226 ἀποκόπτει
580 3169 640 3225 ἀλλ1
661 3163 761 3244 τόνγε
779 3175 873 3232 διὰτὸ
890 3175 1023 3259 πολλάκις
1040 3183 1071 3236 ἐν
1087 3180 1184 3256 κόσμῳ
1202 3185 1276 3260 ἡμᾶς
1288 3185 1371 3254 ὄντας

100 3249 270 3323 σφάλλεσθαι
293 3251 431 3315 ἀκουσίως
453 3273 480 3310 τε
502 3259 551 3310 καλ
572 3256 712 3324 ἑκουσίως,
736 3261 783 3312 ἱνιι
806 3260 836 3314 τό
858 3262 1049 3336 ἐντελέστερον
1073 3275 1218 3343 σημανθῇ·
1243 3275 1290 3327 καλ
1312 3273 1368 3350 γάρ

100 3338 205 3394 δικαίαν
223 3332 386 3407 ποιούμεθα
404 3334 453 3406 τὴν
469 3334 584 3410 μνήμην
600 3343 649 3395 καλ
664 3338 735 3412 ύττέρ
753 3340 932 3416 ἀμσρτωλῦν,
951 3344 1021 3422 ὑπὲρ
1039 3351 1132 3414 ἐλέους
1144 3357 1213 3410 θεοῦ
1223 3350 1367 3427 δεόμενοι·

101 3417 159 3492 inin
176 3423 209 3477 όέ
228 3423 347 3476 δικαίων
364 3423 413 3476 κοιλ
429 3427 557 3494 πατέρων
573 3427 621 3479 κοιλ
638 3430 817 3497 πατριαρχιύν
834 3433 882 3482 καλ
899 3435 1057 3504 προφητῶν.
1076 3437 1125 3489 καλ
1140 3435 1304 3496 ἀποστόλων
1320 3447 1368 3498 κιεὶ
1456 3461 1457 3466 ’

100 3503 300 3576 αάαγγέλιστολν
324 3509 373 3561 καλ
398 3503 549 3580 μαρτύρων
570 3513 618 3563 κοιλ
634 3505 815 3582 ὁμολογητῦν
832 3511 994 3571 ἐπισκόπων
1011 3520 1042 3572 «tt
1060 3523 1108 3574 καλ
1124 3519 1303 3595 ἀναχορητῦν
1320 3529 1368 3583 καλ

100 3591 192 3652 παντὸς
216 3594 267 3646 τοῦ
289 3586 439 3662 τάγματος,
462 3595 508 3647 ἱνα
525 3589 573 3648 τὸν
591 3589 687 3666 κύριον
701 3595 807 3667 Ἰησοῦν
825 3598 948 3669 Χριστόν
970 3603 1153 3676 ἀφορίσωμεν
1176 3608 1231 3664 ἀπό
1251 3614 1296 3677 τῆς
1313 3615 1367 3665 τῶν

100 3671 252 3744 ἀνθράκων
276 3672 379 3736 τάξεως
400 3672 447 3728 nni
471 3679 517 3742 τῆς
533 3675 603 3748 πρός
620 3679 706 3734 αὐτὸν
721 3683 800 3750 τιμῆς
815 3685 862 3734 καλ
879 3689 963 3753 σέβας
978 3688 1052 3757 αὐτῷ
1069 3689 1230 3765 ἀποδοῖμεν.
1266 3701 1366 3766 Chry-

100 3773 220 3818 ιοτιοττι.
238 3765 312 3816 Hom.
329 3765 361 3815 41
381 3765 406 3816 in
426 3765 518 3816 teon:
536 3793 570 3804 -
588 3761 653 3818 ούτίλ
670 3765 730 3837 εἰκῇ
744 3759 860 3836 μνήμην
877 3765 1037 3840 ποιούμεθα
1054 3777 1109 3828 univ
1126 3772 1307 3834 ἀπελθόντων
1318 3780 1367 3834 ini

100 3842 145 3894 τῦν
159 3849 248 3898 θείων
264 3849 426 3918 μυστηρίων
443 3847 491 3898 καλ
506 3842 577 3918 ὑπὲρ
594 3844 686 3900 αύτῦν
702 3843 845 3920 πρόςιμεν,
863 3846 993 3923 δεόμενοι
1010 3860 1057 3911 τοῦ
1068 3854 1161 3931 άμνου
1171 3862 1220 3916 τοῦ
1229 3869 1365 3935 κειμένου,

98 3929 138 3979 τοῦ
160 3923 297 3998 λαβόντος
323 3926 371 3996 τὴν
398 3926 537 4002 ἁμαρτίαν
562 3935 611 3984 τοῦ
636 3925 754 4001 κόσμου,
780 3931 840 3986 ἀλλ’
867 3937 914 3990 ἵνα
941 3956 981 4000 τις
997 3939 1126 3996 ἐντεῦθεν
1144 3944 1236 4008 αὐτοῖς
1253 3953 1370 4018 γένηται

99 4019 273 4084 παραμυθία·
301 4012 366 4067 ninii
390 4009 482 4082 μάτην
505 4011 520 4070 ὁ
543 4013 687 4088 παρεστώς
709 4017 747 4083 τρλ
769 4021 956 4090 θυσιαστηρίῳ
980 4026 1035 4076 τῶν
1058 4031 1181 4100 φρικτῦν
1203 4036 1365 4104 μυστηρίων

101 4097 265 4168 τελουμένων
280 4099 349 4166 βοᾷ·
373 4093 444 4167 ύτιέρ
461 4091 576 4152 πάντων
593 4105 648 4166 noir
666 4099 698 4154 ἐν
715 4103 828 4172 Χριστῷ
844 4109 1053 4177 κεκοιμημένων
1069 4114 1117 4163 καλ
1133 4115 1187 4165 τοῖν
1203 4110 1251 4172 τάς
1265 4119 1365 4184 μνείας

97 4174 158 4251 ύιτλρ
174 4179 269 4237 atzar
286 4176 502 4237 ἐπιτελούντων·
519 4185 545 4237 ελ
561 4203 616 4257 γαρ
629 4180 668 4256 μὴ
681 4179 750 4255 ὑπέρ
761 4184 853 4241 αὐτῶν
863 4190 893 4240 αἱ
900 4193 997 4259 μνεῒαι
1007 4191 1142 4262 ἐγένοντο,
1159 4194 1221 4249 οὐδ’
1235 4192 1271 4250 ἀν
1279 4201 1363 4253 ταῦτα

99 4260 188 4333 ἐλέχθη
206 4265 342 4335 --μὴ
360 4263 395 4332 δὴ
412 4261 605 4338 ἀποκάμωμεν
622 4274 679 4328 τοῖς
694 4269 846 4324 ἀπελθοῦσι
854 4275 1019 4339 βοηθοῦντες
1027 4280 1073 4329 καλ
1082 4278 1362 4354 προςφέροντεςύπέρ

98 4346 180 4402 ιιῦτῦν
196 4349 295 4421 εῦχάς’
314 4350 363 4402 καλ
378 4347 434 4422 γάρ
451 4349 480 4405 τὸ
491 4349 585 4408 κοινὸν
593 4353 639 4421 τῆς
647 4356 809 4422 οἱκουμένης
817 4355 941 4426 δεόμεθα
951 4353 1010 4414 τότε
1018 4363 1066 4413 καλ
1074 4359 1144 4432 μετά
1150 4358 1301 4436 μαρτύρων
1309 4367 1363 4420 αό-

100 4433 153 4492 τοὶς
161 4435 313 4504 καλοῦμεν,
330 4431 402 4505 μετά
413 4431 599 4508 όμολογητιθν,
611 4437 681 4508 μετά
693 4439 804 4510 ἱερέων·
818 4443 866 4492 καλ
877 4439 931 4516 γάρ
945 4441 976 4496 ἓν
988 4439 1071 4515 σῶμά
1083 4445 1169 4515 ἐσμεν
1180 4443 1363 4520 ἀπαντεςκᾷν

24 4565 25 4570 ,
98 4515 268 4591 λαμπρότερα
281 4520 354 4591 μέλη
367 4521 462 4590 μελῦν
474 4523 522 4574 καλ
535 4517 663 4574 θανάτων
676 4517 816 4577 πάντοθεν
829 4520 997 4597 σάγγνωμεν
1010 4525 1103 4589 αῦτοῖς
1114 4537 1294 4601 συναγαγεῖν,
1305 4531 1362 4590 ἀπὸ

100 4600 145 4652 nir
155 4603 254 4672 εύχῦν,
272 4601 329 4657 ἀπὸ
340 4607 397 4656 τῶν
412 4599 582 4673 ύπέράῦτῦν
592 4599 690 4678 ῦιύρων
699 4603 755 4660 ἀπὸ
763 4609 819 4661 τῦν
827 4612 888 4680 μετ’
900 4608 992 4664 αύτῦν
1001 4614 1187 4684 καλουμένων.
1206 4621 1247 4672 Sic
1255 4624 1362 4688 saepius.

100 4685 229 4754 λίμμλιῦν
238 4693 389 4746 mentionem
407 4693 711 4761 ίτιλτθιειτθο-θλουγείυτ
729 4697 759 4749 λε
777 4698 836 4750 ecci.
848 4699 907 4751 hier.
918 4699 980 4752 αθτ
999 4697 1053 4752 τῶν
1070 4697 1099 4753 δὲ
1116 4700 1200 4774 ἱερῦν
1216 4701 1360 4772 πτυχῦνή
