3360 5304
705 419 775 494 187

97 602 219 676 tinibus
248 614 371 697 terrae,
400 615 434 678 et
460 605 585 703 dissipa
612 615 730 701 gentes
757 631 842 704 quae
858 605 945 680 bella
961 608 1093 684 volunt:
1122 621 1158 684 ιιι
1175 610 1380 688 habitatione

98 705 274 802 tranquilla
310 716 344 779 et
375 706 511 803 pacilioa
544 708 706 801 l'ruamur,
741 707 900 782 inomni
935 713 1164 809 temperantia,
1200 725 1234 787 et
1259 715 1379 788 timore

96 808 166 880 lter.
221 807 327 880 Parce
355 807 483 882 delictis
511 819 545 880 et
569 813 714 906 peccatis
741 811 974 884 defunctorum
1004 837 1065 911 per
1092 816 1232 910 gratiam
1258 827 1291 889 et
1317 818 1379 890 mi·

97 910 283 984 serationes
310 921 387 991 luas
414 911 449 982 in
477 911 619 986 saecula.

167 1011 216 1083 tu
249 1012 298 1082 aad
331 1013 409 1084 illos
444 1014 502 1110 qui
535 1023 614 1086 suut
649 1014 742 1086 circo
767 1013 878 1087 altore
904 1015 997 1088 dicit.
1049 1017 1197 1092 Benedic
1223 1019 1377 1093 Domine.

95 1113 250 1186 benedic*
270 1113 424 1186 Domine.
463 1113 671 1212 imponitque
696 1115 877 1202 incensum,
904 1143 968 1214 quo
995 1143 1031 1190 aa
1057 1119 1167 1216 ipsum
1188 1123 1377 1219 perfundit,

97 1225 126 1288 et
157 1215 256 1286 da’ca‘t.
312 1215 454 1304 Suavem
488 1215 542 1288 lac
566 1217 710 1288 Domine
736 1217 827 1290 Deus
861 1228 987 1312 noster,
1023 1221 1159 1294 odorem
1194 1223 1378 1296 iucundum

97 1319 282 1389 animarum
317 1327 519 1410 nostrarum,
554 1342 615 1415 per
641 1319 836 1392 suavitatem
863 1321 1009 1394 caritatis
1037 1333 1124 1416 tuae,
1159 1333 1193 1394 et
1217 1348 1278 1421 per
1304 1349 1378 1398 eam

96 1420 216 1492 munda
252 1443 308 1491 me
343 1443 361 1491 a
395 1419 534 1492 maculis
567 1423 707 1517 peccati,
742 1432 775 1494 et
801 1446 899 1517 paroc
926 1422 1008 1496 mihi
1038 1425 1156 1498 delicta
1184 1437 1218 1498 et
1242 1437 1378 1523 peccata

96 1545 177 1612 mea,
205 1531 275 1594 tam
304 1545 388 1618 quae
415 1523 497 1613 scio,
525 1545 624 1618 qnam
651 1545 735 1619 quae
762 1523 892 1618 ignoro.

166 1622 301 1695 lteracm
334 1624 457 1720 αοσίρὶι
482 1624 654 1696 incensum
681 1625 839 1698 ardubare
864 1627 1028 1713 monibus,
1065 1635 1097 1700 et
1123 1629 1275 1702 incensat
1300 1655 1376 1726 mp-

98 1725 218 1796 atcrs'av:
254 1749 334 1796 enoc
368 1725 460 1798 dicit.
512 1725 695 1799 Accessum
731 1726 788 1799 dat
820 1726 918 1800 nobis
946 1727 1120 1802 clementia
1148 1730 1273 1824 gratiae
1302 1743 1376 1804 tuae

96 1823 235 1898 Domine
264 1837 300 1898 et
326 1826 416 1899 Deus
443 1841 570 1920 noster,
598 1828 637 1900 ad
667 1827 822 1922 mysteria
849 1828 932 1900 traec
958 1831 1139 1925 praeclara,
1167 1843 1292 1926 sancta,
1329 1834 1375 1904 vi·

96 1927 257 2000 rilicantia
286 1938 321 1999 et
347 1928 456 2001 divina
483 1929 631 2024 quumvis
658 1929 788 2046 indigni
816 1930 933 2004 simus.

99 2233 143 2284 buc
163 2248 238 2297 pauc,
262 2242 287 2283 et
312 2233 422 2284 biberitis
446 2249 473 2284 ev
498 2235 545 2288 boc
569 2233 652 2294 calice,
679 2242 782 2284 mortem
807 2247 886 2285 meam
912 2235 1089 2286 annunciabitis
1107 2249 1184 2302 usqne
1203 2236 1231 2286 ad
1251 2236 1376 2288 adventum

98 2331 182 2368 naun.
217 2317 304 2382 ltaque
330 2319 475 2383 quicumque
498 2333 552 2369 cnm
577 2319 623 2368 tlde
641 2333 695 2369 vera
714 2317 812 2368 accedet
830 2327 853 2369 et
870 2319 1024 2383 participabit
1042 2334 1069 2369 ea
1088 2319 1146 2381 illis,
1169 2321 1258 2372 sinlei
1276 2322 1377 2374 llouvine

99 2401 121 2450 iu
143 2403 235 2452 veniam
260 2401 416 2464 delictorum,
442 2412 466 2453 et
487 2404 657 2454 remissionem
682 2410 852 2468 peecatorum,
877 2412 994 2468 spemque
1019 2419 1129 2467 magnam
1153 2407 1339 2456 resurrectionis
1362 2423 1376 2460 a

98 2487 205 2546 mortuis,
224 2493 249 2536 et
266 2487 296 2536 ad
315 2489 385 2537 vitam
404 2503 488 2538 novam
507 2489 531 2538 in
550 2503 624 2550 resno
643 2487 775 2538 coelorum.
811 2487 902 2539 Canon.
929 2489 958 2538 Et
976 2487 1081 2549 laudem,
1100 2488 1227 2551 bonorem,
1245 2492 1376 2553 gratiarum

99 2572 223 2631 actionem,
242 2579 266 2620 et
284 2571 449 2622 adorationem
469 2573 603 2624 releremns
620 2573 663 2623 tibi
683 2573 753 2623 Pater
771 2572 920 2632 abscondite,
939 2579 963 2622 et
980 2565 1030 2622 lllio
1048 2577 1099 2632 ino,
1122 2572 1186 2637 proli
1205 2574 1334 2637 gloriosae,
1353 2582 1377 2626 ct

100 2655 193 2719 Spiritui
212 2661 256 2706 tuo
275 2656 326 2706 vivo
346 2663 370 2706 et
387 2665 479 2708 senatu.
499 2666 523 2708 et
539 2658 673 2718 vieidcanti,
691 2671 755 2708 nunc
772 2665 796 2708 et
813 2671 911 2720 semper
929 2657 953 2706 in
971 2657 1068 2708 saccula
1086 2658 1249 2709 saeculorum.

179 2741 206 2792 lu
224 2739 299 2792 Missa
318 2740 516 2792 llalabarica
540 2744 618 2792 torma
642 2741 768 2792 verborum
788 2741 877 2792 Cbristi
894 2741 1038 2806 interpolata
1057 2749 1102 2803 est,
1127 2750 1153 2793 ut
1170 2743 1267 2793 Latinae
1285 2743 1377 2794 subati-

100 2833 202 2876 tnerstnr
226 2827 290 2876 iuxta
314 2825 451 2890 exemptum
470 2827 574 2876 Hiasalis
592 2823 714 2876 Chaldaici
733 2827 822 2876 Romae
840 2826 904 2876 editi.
940 2817 1000 2876 ltem
1018 2826 1143 2890 praecepit
1159 2827 1280 2876 llenesius
1297 2826 1377 2878 clera·

104 2911 188 2960 tionem
213 2911 238 2961 in
263 2911 455 2961 consecratione.
491 2911 527 2962 Ct.
546 2910 760 2962 bonaldotiue
784 2910 799 2958 l.
817 2926 836 2960 c
855 2925 880 2974 p.
892 2909 942 2960 602
953 2924 1005 2975 sq:
1030 2911 1122 2975 Nempe
1146 2912 1310 2961 existimavere
1334 2911 1375 2977 qui

101 2995 232 3045 recensioni
250 2996 417 3060 praeluernut,
440 2995 531 3046 nullam
550 2997 574 3046 ln
592 2996 638 3046 lvac
655 2995 760 3058 Liturgia
776 2996 943 3058 mysteriorum
962 2995 1118 3045 elevationem
1136 2995 1198 3057 lteri,
1222 2996 1279 3060 quia
1295 2997 1376 3046 atatim

102 3079 223 3129 verborum
242 3079 333 3130 Christi
358 3062 650 3146 pronuntiationem'non
676 3078 835 3144 sequebatur:
860 3093 940 3144 neque
964 3079 1059 3129 adorari
1077 3080 1132 3144 quia
1152 3093 1199 3130 non
1218 3079 1376 3130 elevarentur.

103 3163 126 3212 ln
148 3164 271 3228 duplicem
297 3164 390 3215 scilicet
415 3179 523 3215 errorem
541 3164 604 3228 lapsi
622 3173 686 3223 sunt,
705 3178 732 3213 ea
751 3164 900 3225 ignoratione
918 3165 1007 3214 rituam
1026 3163 1198 3213 Orientalium:
1223 3163 1377 3215 excusatione

102 3255 175 3298 tanen
199 3249 276 3311 digni,
300 3249 366 3313 quod
392 3249 481 3299 multoe
506 3261 654 3312 magnosque
673 3247 810 3310 Tbeoloqos
835 3248 918 3301 eadem
942 3248 1025 3311 opinio
1044 3247 1181 3311 implicavit.
1217 3233 1376 3298 Orientalium

103 3331 223 3396 disciplina
242 3341 289 3393 eat,
308 3333 402 3384 elevare
420 3341 444 3384 et
461 3331 612 3384 adstantibus
629 3333 758 3382 ostendero
775 3345 843 3384 sacra
862 3332 983 3395 mysteria,
1007 3330 1080 3395 paulo
1098 3340 1153 3382 ante
1171 3332 1377 3392 communionem,

103 3433 150 3468 cuna
174 3417 322 3470 inclamatur
338 3418 426 3468 Sancta
450 3418 548 3468 sanctia.
584 3418 652 3482 lunc
676 3425 755 3467 antem
780 3417 831 3467 lteri
850 3430 921 3481 quam
941 3417 1025 3466 Graeci
1043 3423 1127 3466 vocant
1141 3405 1237 3480 Ἀγίαν
1253 3406 1376 3480 dquam,

103 3504 146 3552 siae
169 3503 338 3564 elevationem,
363 3503 468 3567 probant
486 3502 569 3554 Graeci
588 3517 673 3552 omnes
692 3502 788 3552 codices
804 3501 931 3564 liturgici:
956 3499 1100 3564 Aegyptiaci,
1125 3507 1149 3550 et
1166 3507 1263 3550 autores
1280 3499 1376 3550 llituum
1422 3508 1424 3512 ’

103 3589 239 3648 nemesiani.
277 3587 360 3651 ltaque
378 3602 431 3637 cun
451 3587 596 3652 descriptam
615 3588 747 3637 babeamus
765 3601 793 3635 eu
811 3585 861 3636 illis
879 3585 1065 3645 caeremoniam,
1083 3585 1216 3634 secundnm
1235 3585 1378 3650 quamdici·

103 3677 136 3721 tur
153 3671 213 3722 baec
231 3672 402 3737 proclamatio,
420 3685 554 3737 omnesque
571 3685 623 3721 eam
632 3672 694 3722 lteri
712 3671 854 3736 significent,
873 3685 926 3720 cum
945 3669 1075 3730 elevantur,
1090 3678 1118 3719 et
1134 3670 1295 3722 ostenduntur
1307 3683 1377 3720 sacra

103 3759 220 3817 upsteria,
244 3756 335 3822 illaque
359 3757 454 3808 taudem
478 3739 512 3807 'sit
528 3756 642 3806 omnibus
660 3755 823 3806 Orientalibus
841 3755 986 3816 communia,
1011 3753 1051 3803 nbi
1069 3755 1130 3804 ritue
1148 3755 1309 3818 particulatim
1328 3766 1376 3806 noa

103 3840 238 3904 explicatur,
261 3841 305 3891 aed
331 3849 422 3892 ιιιιιιιιι
442 3849 539 3892 notator
555 3841 643 3890 Sancta
660 3841 759 3900 sanctis,
783 3838 850 3890 illum
869 3840 910 3903 qai
928 3839 1014 3889 iisdem
1031 3839 1111 3914 verbis
1128 3840 1271 3891 coniunctus
1288 3840 1377 3922 qbique

103 3932 142 3982 eat,
166 3925 304 3987 intelligere
327 3939 459 3992 possumus
483 3934 507 3976 et
530 3925 655 3976 debentne.
690 3923 719 3974 ιι
736 3923 822 3973 Sancta
840 3925 931 3974 sanctia
949 3923 1036 3986 legitur
1054 3924 1078 3973 in
1096 3925 1208 3974 omuibus
1226 3924 1376 3974 llestoriania
1466 3919 1472 3934 ⁸

102 4007 223 4070 liturgiis:
242 4011 315 4073 igitur
333 4011 397 4074 quud
417 4010 546 4062 Christiani
564 4025 649 4060 omnes
667 4007 826 4059 observabant
838 4023 868 4058 eo
886 4008 950 4070 loco,
969 4007 1083 4058 elevando
1101 4007 1285 4068 licebat-istium,
1303 4007 1376 4056 alle-

103 4095 210 4143 atoriauia
229 4109 327 4160 quoque
345 4095 524 4145 observabatur.
550 4095 626 4154 Onam
644 4105 718 4158 porro
738 4092 815 4142 inania
833 4094 864 4144 sit
882 4106 910 4143 ex
927 4092 1022 4143 delectu
1041 4091 1180 4142 elevationis
1199 4091 1229 4140 ad
1246 4088 1376 4140 excluden-

104 4177 151 4226 dam
169 4179 336 4230 adorationem
355 4179 516 4238 ratiocinatio.
534 4193 561 4228 ex
580 4179 711 4228 domestica
730 4184 812 4227 nostra
831 4177 959 4242 disciplina
977 4177 1121 4228 ostenditur.
1145 4175 1258 4225 Feriall.
1278 4175 1376 4225 maioris

105 4261 278 4324 Hebdomadas,
296 4278 343 4328 qua
361 4263 414 4314 ecla
432 4265 472 4314 die
489 4262 626 4314 celebratur
643 4263 667 4312 io
685 4261 793 4312 Ecclesia
812 4261 924 4320 llomana¹
935 4261 1008 4312 lliesa
1026 4260 1299 4319 Praesauetilrcatorum,
1324 4260 1375 4309 ele·

7 4391 8 4404 ,
106 4347 160 4395 ratis
178 4363 226 4397 non
245 4349 283 4408 ιι,
307 4357 334 4398 ιιι
352 4337 375 4398 tir
393 4349 449 4398 aliis
467 4349 519 4399 beri
537 4347 609 4408 solet,
634 4347 680 4396 uisi
698 4345 771 4411 paulo
789 4355 844 4396 aute
863 4346 1072 4397 communionem:
1098 4357 1176 4408 neque
1195 4342 1311 4392 attollitur
1328 4343 1377 4392 Eu·

7 4407 8 4492 ζ
106 4430 219 4493 abacistis,
245 4441 272 4482 ιιι
290 4434 313 4482 ιιι
333 4433 479 4498 quotidianis
496 4431 591 4482 lliasie:
616 4440 639 4482 et
656 4431 772 4482 adoratur
789 4439 876 4480 tamen.
913 4429 1098 4481 carthusienses
1115 4441 1160 4477 auo
1179 4427 1232 4498 litto
1250 4440 1320 4476 sacre
1339 4427 1375 4476 ta-

106 4514 197 4574 cientes,
216 4516 317 4568 eattaeav
336 4518 372 4566 via
391 4517 497 4566 elevant:
516 4516 618 4567 adorant
635 4522 714 4566 tamen
733 4515 874 4578 sanguinem
893 4514 991 4565 Christi.
1025 4512 1120 4562 Elevata
1139 4519 1175 4562 est
1194 4512 1265 4574 igitur
1283 4511 1377 4561 Eucha-

106 4598 166 4649 ristta
189 4602 212 4650 iu
231 4602 337 4664 Liturpiu
355 4599 498 4652 Nestorisue
523 4599 725 4651 mnre'Orientali
744 4600 817 4664 paulo
836 4609 890 4649 ante
908 4599 1111 4658 communionem,
1136 4596 1179 4646 sed
1198 4610 1246 4646 uon
1264 4609 1293 4646 ea
1313 4595 1376 4656 loco,

7 4679 8 4748 f
106 4695 149 4745 quo
166 4688 302 4748 assignatur
318 4686 344 4736 iu
362 4685 433 4736 lilaea
452 4684 603 4737 Hulabarica.
