3378 5302
929 410 999 484 146

326 591 400 666 ἀπὸ
434 598 556 688 λιμοῦ,
589 599 733 688 λοιμοῦ,
764 591 829 667 καὶ
861 589 1084 694 ἐπιστασιιος
1116 592 1320 684 ἐθνῶν,
1291 623 1341 678 ως
1372 592 1436 668 και
1469 593 1602 668 Νινεοὶ

325 701 390 790 τῆς
414 691 552 777 πόλεως
571 692 772 792 imeinmst
752 723 808 768 οτι
831 667 996 791 ἐλεήμων
1010 695 1073 771 καὶ
1085 695 1300 826 οἰντίρμιον
1326 693 1370 783 ed,
1395 723 1459 772 και
1445 694 1601 800 ἄμνη-

325 793 475 880 σίιιακος
509 794 568 870 ἐπὶ
599 795 730 878 κακίας
755 793 985 893 ἀνθρώπων.
1038 795 1101 872 Συ
1125 796 1191 872 διὰ
1214 805 1284 873 τοῦ
1307 793 1501 926 προφήτου
1528 820 1601 872 σου

322 897 478 971 Ἠσαΐαυ
504 895 667 985 εἶπας,
645 907 860 997 υπεραοιτιῶ
886 897 978 994 ὑπερ
1004 906 1068 993 τῆς
1092 895 1230 984 πόλεως
1254 895 1402 994 ταύτης,
1427 905 1495 974 τοῦ
1522 906 1603 973 σῶ-

325 1021 389 1072 σαι
422 996 540 1096 αὐτὴν
572 997 668 1074 δι’ἐ
652 999 727 1096 ἐμέ,
759 999 822 1075 καὶ
855 997 918 1095 διὰ
944 999 1141 1128 Aufidii
1103 1029 1171 1077 τον
1202 996 1320 1076 παῖδά
1344 1027 1432 1127 μου.
1484 999 1590 1072 Δι’ι
1581 999 1602 1074 ὁ

325 1096 491 1195 δεόμεθα
508 1128 571 1175 και
589 1086 876 1227 παρακαλοῦμεν
894 1125 933 1176 σε
951 1097 1210 1229 φιλανθρωαε,
1236 1099 1416 1229 ἀγαθέ,
1394 1096 1603 1198 υπεραοπι-

326 1224 389 1275 σαι
421 1200 485 1298 τὴς
516 1198 653 1286 πόλεως
684 1198 831 1298 ταύτης,
864 1199 991 1277 διὰ
954 1231 1022 1278 τον
1046 1231 1221 1329 μαρτυρα
1246 1201 1309 1278 καὶ
1334 1201 1602 1328 εὐαμγελιοτὴν

326 1297 503 1430 Μρίρκον,
537 1301 605 1378 τὸν
637 1302 837 1388 nonodecimo
837 1333 883 1377 τα
915 1303 1005 1400 ἡμῖν
1039 1302 1130 1380 ὁδὸν
1154 1313 1219 1402 τῆς
1245 1303 1440 1429 σωτηρίας,
1469 1300 1602 1430 χάριτι

270 1429 276 1442 ’
325 1403 388 1478 καὶ
422 1409 622 1501 οὶκτιρμοῖς
655 1405 717 1479 καὶ
751 1406 1029 1535 φιλανθρωπίη
1050 1414 1119 1482 τοῦ
1116 1413 1378 1534 μονογενοῦς
1404 1430 1472 1479 σου
1497 1405 1601 1480 οἱοῦ.

324 1515 507 1634 Ἕκφώνως.
554 1503 605 1580 δι’
643 1499 688 1580 οὗ
720 1506 784 1580 καὶ
815 1507 905 1602 μεθ’
936 1500 981 1583 οὗ
1015 1506 1075 1580 σοὶ
1106 1507 1129 1604 ἡ
1162 1505 1253 1592 δόξα
1284 1507 1348 1584 καὶ
1381 1505 1425 1582 τὸ
1461 1503 1603 1605 κράτος

326 1609 397 1682 σὺν
421 1636 475 1706 τῳ
502 1606 674 1709 παναμίῳ
702 1607 765 1682 καὶ
791 1577 930 1709 ἆηαθῳ
956 1637 1019 1684 και
1007 1607 1213 1707 ζωοποιῳ
1241 1632 1309 1686 σου
1335 1604 1530 1734 πνεύματι.

846 1736 883 1808 Ὁ
906 1737 1068 1823 διάκονος.

399 1824 459 1902 ΙΧ.
478 1826 615 1923 Ἄρξαι.

470 1977 473 1982 ’
569 1955 640 2025 Καὶ
661 1935 849 2045 λέγουσι
815 1985 873 2026 τον
894 1957 1014 2044 οτιχον.
1037 1957 1056 2028 ὃ
1078 1957 1231 2040 διάκονος
1251 1959 1350 2048 λέγει.

405 2060 481 2144 Τὰς
504 2067 610 2158 τρεῖς.

409 2301 475 2367 Cap„
486 2300 525 2350 id.
561 2300 597 2352 Ci.
617 2315 638 2350 c.
650 2298 675 2350 3.
701 2299 831 2350 Nostius
850 2301 915 2352 Tetr.
933 2301 978 2354 tic.
995 2317 1020 2366 p.
1030 2299 1140 2368 etum:
1157 2299 1257 2368 Στίχος
1274 2302 1314 2352 hie
1331 2301 1463 2369 troparium
1482 2300 1604 2365 quiddam

325 2385 477 2451 apertissime
495 2383 606 2435 denotat:
624 2385 667 2436 aed
686 2399 768 2449 quom.
788 2385 873 2434 iniuria
892 2401 1018 2448 annornm,
1042 2394 1066 2436 et
1083 2386 1241 2436 desuetudine
1258 2385 1478 2457 oiiicii,¹robricae
1497 2394 1523 2444 et
1539 2400 1603 2449 pro·

324 2473 393 2536 price
411 2471 499 2520 missae
518 2469 609 2518 ordinis
627 2467 651 2518 S.
672 2469 743 2518 iiarci
762 2471 887 2533 perierunt
910 2471 967 2528 (uisi
985 2469 1064 2535 quood
1083 2467 1106 2522 in
1125 2471 1212 2522 ciliciis
1230 2471 1348 2521 ecciesiae
1367 2471 1480 2534 Coptieae
1499 2483 1605 2520 serven·

325 2555 382 2616 tor),
406 2553 493 2619 quibua
518 2553 548 2603 de
571 2553 649 2604 serbis
672 2554 707 2604 aei
726 2553 853 2603 aententiie
871 2554 997 2605 constabat
1014 2554 1095 2605 dicere
1113 2569 1162 2606 non
1179 2567 1321 2620 possumus.
1354 2547 1403 2610 acic
1420 2553 1500 2619 τρεῖς.
1537 2551 1606 2612 Quid

325 2640 357 2694 sit
380 2639 577 2701 bonooperum
599 2637 753 2702 interpretes.
788 2638 965 2689 flenaadotioa:
989 2639 1068 2690 “Trea
1085 2640 1209 2690 orationes
1226 2641 1400 2702 significantur,
1423 2651 1484 2703 quaa
1503 2638 1607 2690 eataibet

324 2725 402 2788 prima
422 2722 570 2787 Coptitnrnrn
591 2721 683 2784 liturgia
702 2725 739 2782 (ea
758 2730 795 2771 est
813 2723 837 2772 S.
857 2721 956 2784 uestiti).
975 2738 1037 2789 quae
1054 2729 1110 2776 sont
1126 2725 1219 2777 oratio:
1238 2725 1260 2776 1.
1280 2723 1325 2774 τοῦ
1342 2717 1607 2787 καταπετάσματος.

325 2807 349 2858 2.
368 2822 411 2872 pro
430 2818 497 2870 pace.
533 2805 555 2854 3.
576 2821 619 2868 pre
637 2807 771 2870 patriarche
791 2816 814 2858 et
831 2809 915 2858 ordine
934 2807 1114 2860 ecclesiastico:
1132 2823 1202 2873 quae,
1220 2819 1247 2860 ut
1263 2809 1412 2868 notissimae,
1430 2807 1606 2858 emittuntur.”

323 2895 360 2950 At,
380 2891 444 2954 qued
462 2891 514 2954 ipae
534 2897 599 2939 notat
617 2889 788 2948 Reneudotius,
808 2893 893 2942 mirum
912 2893 1004 2944 ridetur
1022 2907 1064 2942 cur
1082 2909 1097 2942 a
1114 2894 1225 2954 diacono,
1250 2907 1298 2942 nen
1316 2908 1328 2942 o
1346 2891 1483 2953 sacerdote,
1501 2893 1604 2942 recitari

324 2975 449 3026 iubentur:
463 2983 519 3024 'nec
542 2973 613 3023 “eam
637 2974 801 3025 diiticoitntem
821 2986 868 3026 non
887 2977 966 3039 magni
985 2977 1098 3026 momenti
1117 2975 1189 3026 τοτα*
1209 2991 1262 3026 cum
1281 2992 1310 3026 eo
1329 2991 1459 3041 possumus
1478 2975 1606 3026 arbitrari.

325 3060 390 3111 linae
412 3067 537 3124 praeterea
560 3067 691 3109 occurrunt
714 3061 736 3108 in
763 3061 907 3111 cootrsrinm
934 3061 1048 3121 rationes,
1072 3075 1132 3125 quaa
1151 3061 1175 3110 t'.
1194 3060 1220 3111 u.
1239 3061 1335 3112 aiicutio
1359 3060 1488 3123 praeterit:
1514 3059 1606 3120 attera,

323 3145 390 3210 qaod
403 3144 481 3196 oratio
500 3157 545 3209 pre
563 3157 635 3208 pape,
653 3157 725 3208 qoem
742 3144 784 3194 iiie
802 3160 873 3194 onam
893 3147 922 3194 rte
939 3146 1018 3197 tribua
1035 3145 1165 3196 arbitratae
1182 3154 1228 3204 eat,
1248 3145 1384 3194 immediate
1403 3151 1536 3208 sequatur:
1565 3145 1607 3194 at-

324 3238 385 3291 tera,
409 3229 475 3295 qiuod
498 3229 596 3280 rubrica
620 3239 681 3293 quae
705 3229 876 3293 proximent,
901 3221 1023 3294 disparis
1039 3220 1184 3294 ἐπεύχεται
1201 3229 1308 3294 incipiat.
1332 3229 1398 3294 quod
1416 3229 1545 3292 proprium
1564 3237 1608 3278 eat

324 3315 441 3366 orationis
459 3329 472 3363 a
490 3315 616 3364 anecdota
634 3314 748 3364 recitatae
766 3322 821 3377 post
839 3313 998 3378 antiphanes,
1014 3314 1051 3363 aei
1068 3302 1220 3376 αυναατήν,
1237 3313 1273 3363 aei
1292 3311 1371 3364 simite
1389 3313 1504 3377 quiritem
1524 3313 1607 3364 adia·

324 3413 386 3450 euno
404 3397 596 3463 pronunciatum.
631 3398 715 3462 itaque
737 3399 887 3462 probabilius
912 3399 1004 3449 ridetur
1022 3391 1070 3454 τὰς
1085 3398 1158 3465 τρεῖς
1172 3400 1218 3448 tria
1237 3397 1313 3448 inisse
1329 3397 1445 3463 tropario,
1470 3411 1536 3462 quae
1554 3397 1607 3448 tuoe

324 3483 350 3532 in
372 3482 426 3532 ioco
450 3482 584 3532 adiacooo
602 3483 699 3533 recitata
718 3491 783 3532 aunt.
803 3507 832 3518 -
852 3483 901 3544 Epo
920 3497 975 3532 aero
994 3483 1133 3547 putaverim,
1151 3483 1259 3533 Stichum
1276 3482 1312 3532 eet
1331 3481 1465 3546 Tropariou
1484 3493 1606 3532 morsum

323 3579 378 3616 ease
396 3565 426 3615 ab
444 3579 501 3616 roos
519 3559 567 3620 τὰς
583 3565 662 3629 τρεῖς·
681 3567 850 3616 Fabricios
867 3574 917 3616 tres
935 3565 1040 3616 Liteoiaa
1057 3567 1175 3630 inteiligit.

410 3648 527 3698 Periodua
550 3649 605 3699 iiie:
630 3643 677 3703 τὰς
698 3641 912 3714 ἒπιοοναγαιγάς
928 3648 984 3698 κτλ.
1012 3652 1138 3702 maaiiestu
1156 3653 1246 3717 acripta
1263 3659 1301 3701 est
1317 3665 1345 3701 ea
1363 3657 1440 3700 aetate
1458 3665 1507 3714 qoa
1527 3649 1606 3701 ctet-

323 3733 394 3784 atieni
412 3733 478 3796 paesi
496 3739 553 3784 sont
569 3733 720 3784 ethnicorum
738 3735 821 3784 odium
838 3741 909 3799 atque
926 3735 1070 3788 inimicitas

409 3815 463 3866 itae.
480 3815 573 3866 interea
590 3831 646 3867 coar
664 3818 796 3868 absolvitur
812 3820 889 3870 oratio
907 3820 961 3880 aeti,
978 3821 1127 3872 oacatatitnr
1144 3821 1263 3870 Sacerdos
1280 3819 1369 3882 gradus
1392 3817 1485 3878 atteris,
1509 3831 1606 3870 ascen·

324 3901 360 3955 dit
383 3901 412 3952 ad
437 3901 608 3962 sanctuarinm,
631 3903 781 3954 oseatabitar
803 3904 878 3955 attone
901 3911 925 3954 et
952 3916 1082 3956 cenaerana
1096 3906 1127 3956 ad
1144 3905 1293 3956 occidentem
1311 3904 1413 3954 recitare
1430 3903 1531 3966 incipiet
1549 3911 1606 3954 trae

325 3988 429 4038 maiores
453 3987 584 4036 orationes.
620 3987 680 4037 tium
698 3989 817 4038 Sacerdoa
841 3990 914 4040 dicit:
938 3991 985 4040 t'aa
1002 3990 1124 4050 omnibns,
1149 4003 1279 4040 conreraea
1297 3989 1328 4040 ud
1345 3987 1490 4038 Sacerdotes
1508 3987 1607 4039 tratres

323 4085 382 4121 soca
400 4069 487 4133 capitia
504 4070 659 4121 inclinatione
676 4072 764 4122 saintet
781 4079 804 4123 et
822 4089 951 4124 cuneeraaa
970 4075 999 4124 ad
1016 4075 1165 4124 occidentem
1184 4073 1300 4138 popainro
1318 4087 1391 4123 cruos
1410 4073 1498 4134 signat.
1534 4073 1606 4123 Ora·

323 4156 358 4206 tie
376 4167 420 4220 pro
439 4169 506 4220 paea.
541 4155 629 4206 ttemm
649 4171 747 4207 eremos
764 4157 839 4208 Deum
858 4160 1048 4224 omnipotentem
1066 4165 1111 4210 ate.
1133 4161 1180 4210 Pro
1197 4160 1332 4224 patriarcha
1351 4167 1374 4208 et
1391 4157 1525 4222 episcopia.
1552 4157 1606 4208 Pro

324 4240 518 4302 musmonem.
553 4241 599 4291 Pro
623 4241 726 4292 ecetesie
749 4243 835 4292 &atos
857 4245 947 4294 ioiaaii.
984 4243 1091 4309 Populos
1112 4245 1176 4296 dicet
1191 4243 1332 4308 Spmttoiam
1356 4241 1410 4292 ttdei
1437 4239 1605 4293 orthodoxae.

323 4323 433 4376 ttatettt
455 4324 576 4376 Sacerdos
598 4334 638 4376 tar
659 4329 784 4378 incensum
808 4329 837 4378 ad
856 4329 974 4380 ormntem
992 4328 1106 4394 dabitque
1121 4329 1270 4379 eaecitatem
1288 4325 1323 4378 titi
1342 4327 1382 4392 qui
1401 4326 1497 4376 deterre
1513 4326 1605 4391 aoiet;

324 4415 374 4460 ton
399 4409 479 4460 dieent
496 4409 652 4474 symoniam:
675 4427 725 4477 qno
747 4420 857 4476 tempore
882 4413 967 4464 iaaabtt
984 4415 1103 4464 Sacerdos
1125 4422 1164 4465 ter
1186 4423 1272 4464 maana
1288 4424 1348 4466 enea
1364 4420 1388 4462 et
1404 4417 1537 4475 antequam
1555 4423 1608 4462 aaa

325 4491 456 4553 atatemt,
473 4503 624 4546 concertatur
641 4497 670 4547 ad
688 4497 815 4562 poputum,
833 4499 966 4564 edocetque
984 4513 1070 4552 manua
1086 4511 1114 4549 ea
1131 4514 1194 4565 aqua
1210 4511 1293 4550 eoram
1311 4511 1341 4548 so
1358 4504 1382 4546 et
1399 4511 1412 4544 a
1430 4493 1607 4546 aordiimadi·

324 4573 426 4636 liaeetu
443 4579 562 4640 peccabit.
597 4580 834 4633 Post-recitationem
853 4583 958 4647 symeon
977 4585 1054 4636 dicet:
1071 4583 1255 4635 Paramuttma.
1284 4579 1497 4647 tteapondabituae
1513 4591 1608 4644 popo-

324 4655 372 4706 ina.
406 4657 435 4708 Et
458 4675 511 4712 com
535 4664 621 4728 spiritu
645 4675 694 4718 too.
729 4669 790 4719 Tum
814 4684 942 4720 conversos
966 4670 1070 4733 signabit
1085 4670 1203 4736 poputum
1220 4667 1297 4720 aranei
1314 4666 1455 4720 immodum
1473 4667 1557 4720 omnia
1574 4673 1611 4717 at
