3336 5302
670 403 741 478 tot

74 592 136 653 uad
157 601 270 671 tugen
290 588 344 651 tta
363 593 469 652 mitten
490 589 588 652 darei
609 591 655 652 die
670 590 788 670 legion,
812 607 846 652 ac
869 589 940 652 duca
962 607 998 651 er
1018 589 1095 651 tiber
1115 590 1204 652 tiron
1220 590 1352 673 Specren

78 692 336 756 estcrsctcctte.
366 689 473 753 Diores
495 690 565 753 attat
587 693 664 755 uird
685 693 763 756 cuci
783 695 817 754 in
838 693 893 755 der
914 689 1024 753 Kfreie
1046 692 1231 765 wiederftotc
1253 695 1353 758 tndem

76 795 127 856 der
147 793 270 856 Discors
290 792 371 855 acci
390 793 448 855 den
472 791 611 856 Worteo:
638 794 755 874 „legen
777 798 835 856 wir
855 795 893 856 cd
909 791 981 870 fede
1002 789 1098 871 Surge
1119 793 1171 855 dea
1192 791 1351 858 lebenaf“

74 899 126 958 ca'e
154 900 241 958 ea'aer
268 911 325 956 ece
354 894 409 956 der
434 893 652 958 cancitbcren
674 895 785 975 Lepino
812 895 867 956 dar
888 893 983 974 Bagai
1009 893 1170 969 macieirtt,
1202 897 1352 976 eusdem

74 995 166 1060 nest
175 1014 233 1068 oa,
255 1000 311 1058 acic
332 996 394 1073 eus
411 998 506 1058 tinem
520 994 649 1069 Sentice,
672 998 729 1060 dea
750 995 892 1059 Meister
905 993 1077 1058 Herrscfter
1097 998 1131 1056 in
1152 996 1207 1058 der
1221 997 1352 1060 mactm-

74 1101 166 1161 dcaen
190 1095 308 1161 Gaatclt
334 1100 414 1159 nites
437 1095 570 1165 Lammee
598 1099 735 1178 tropend.
782 1097 808 1159 0
834 1100 890 1160 mie
917 1113 979 1158 scr
1005 1106 1096 1176 puter
1118 1095 1181 1159 leit
1203 1101 1284 1181 trr'fft
1307 1100 1355 1162 ier·

74 1203 180 1263 diesem
204 1199 338 1278 decerpe
366 1197 421 1260 der
449 1197 592 1261 infreme
619 1199 699 1280 fies:
718 1197 845 1279 ,degeo
872 1199 931 1259 coir
957 1197 994 1260 ab
1012 1195 1082 1274 jede
1103 1195 1199 1279 Serpa
1220 1201 1271 1263 des
1294 1201 1351 1264 Le·

74 1296 190 1364 ime!“
207 1299 360 1382 jedcsmol
379 1317 476 1362 emer
499 1294 585 1362 Ofrrf
616 1301 675 1364 Wc'e
695 1319 758 1363 eur
780 1299 957 1380 poem-leit
977 1303 1123 1362 cetreiast
1144 1317 1178 1362 er
1200 1301 1257 1364 den
1279 1321 1351 1366 aar·

74 1403 210 1466 stechen
239 1401 316 1464 scae
344 1403 447 1464 rainere
474 1401 564 1464 eitcfn
593 1395 799 1464 demotum
842 1403 880 1462 tt
906 1419 988 1474 vero,
1018 1399 1098 1479 quod
1126 1400 1162 1462 ad
1192 1403 1350 1468 historiam

73 1505 200 1567 mirifice
222 1503 327 1583 lapsus
348 1513 395 1564 est
415 1502 462 1563 vir
483 1501 600 1565 doctus.
644 1503 731 1565 Patet
752 1503 832 1564 enim
856 1501 989 1580 cogitare
1011 1501 1049 1563 de
1071 1502 1187 1564 Iustino
1210 1505 1350 1584 quodem,

74 1604 181 1686 Hymni
211 1614 344 1676 auctore,
374 1603 503 1666 fortasse
525 1605 640 1666 lustinc
662 1603 808 1684 Martyre‘
845 1603 904 1666 Sed
929 1603 1016 1664 testis
1039 1611 1086 1665 est
1108 1604 1261 1667 Gedrenus
1284 1623 1350 1668 car·

73 1725 139 1769 uren
170 1723 292 1768 merum
322 1715 457 1785 tempore
479 1705 587 1767 lustini
617 1706 741 1768 secundi
769 1703 962 1785 imperatoris
991 1703 1071 1765 circa
1100 1722 1210 1767 annum
1234 1709 1297 1772 600
1319 1709 1352 1770 in

73 1808 207 1886 Liturgia
236 1824 322 1869 sacra
352 1817 505 1892 receptum
535 1825 602 1869 esse
635 1826 665 1887 p.
687 1810 759 1873 684.
781 1808 843 1872 685
867 1806 914 1868 ed.
937 1805 1050 1866 nonu:
1079 1837 1120 1851 -
1142 1800 1203 1869 snt
1230 1801 1350 1873 reticeo

72 1903 235 1995 ἕτυπώθη
256 1902 456 1994 confidentius
475 1911 516 1993 τῇ
536 1901 662 1994 μεγάλῃ
685 1902 710 1971 a'
733 1909 816 1986 „aod
830 1902 969 1970 δείπνου
984 1907 1046 1968 omi
1060 1906 1120 1969 τοῦ
1133 1911 1294 1987 μυστικοῦ
1309 1943 1350 1957 -

73 2014 114 2092 (p.
128 2015 208 2088 224)
229 2043 273 2056 —
294 2003 456 2095 ἐτυπώθη
479 2005 517 2074 δὲ
538 2002 737 2095 ectheses
758 2004 817 2074 καὶ
837 2000 856 2072 ὁ
878 2001 1086 2089 Χερουβικὸς
1106 2000 1223 2088 ὕμνος.Ὶ
1253 2011 1294 2072 Ea
1311 2013 1349 2076 dc

73 2131 161 2176 eausa
185 2113 314 2193 hymnus
337 2129 404 2174 cum
426 2111 563 2174 oratione
585 2131 654 2174 sua:
679 2104 790 2186 οὐδεὶς
806 2099 905 2186 *ditos
924 2105 993 2172 κτλ.
1016 2110 1207 2172 desideratur
1229 2111 1259 2172 in
1282 2114 1350 2176 cffi-

72 2215 127 2276 ciis
146 2217 301 2294 Syrorum,
325 2213 520 2294 Coptitarum,
542 2212 733 2294 Aethiopum,
755 2210 1021 2274 Nestorianorum:
1045 2211 1152 2274 ebrius
1174 2221 1222 2274 est
1244 2213 1274 2276 in
1297 2216 1349 2278 Li·

72 2316 168 2394 turgia
191 2318 401 2388 Armenorum,
436 2315 487 2396 qui
509 2315 700 2378 cherubicam
723 2313 892 2376 cantionem
915 2312 1005 2374 modo
1029 2313 1168 2396 genitam,
1192 2333 1259 2378 cum
1282 2335 1349 2379 see-

73 2416 140 2478 culo
169 2417 291 2478 demunt
319 2417 448 2496 septimo
477 2434 603 2496 prorsus
633 2417 671 2479 ab
699 2413 875 2478 orthodoxis
905 2414 1098 2488 secesserint,
1127 2433 1144 2475 e
1167 2415 1348 2482 Graecorum

72 2517 181 2580 ritibus
203 2518 235 2580 in
259 2536 330 2580 suos
352 2519 564 2596 transmigrare
586 2519 670 2598 passi
692 2525 771 2582 sunt.

159 2620 305 2683 Castores
327 2617 475 2698 Hymnum
492 2619 690 2682 cherubicum
712 2619 832 2697 longius
853 2617 1022 2698 producant
1043 2635 1169 2681 necesse
1192 2629 1247 2682 est.
1273 2622 1348 2685 Nam

72 2721 151 2783 iuter
179 2718 266 2782 chori
297 2729 416 2782 cantum
445 2719 551 2783 recitat
581 2721 730 2784 Sacerdos
759 2727 876 2781 secreto
905 2717 1088 2781 orationem:
1123 2713 1234 2797 οὐδεὶς
1256 2711 1351 2801 feroc

71 2819 150 2898 aet,
172 2821 324 2884 Sacerdos
345 2831 376 2884 et
389 2822 540 2885 Diaconos
564 2833 594 2884 et
609 2822 668 2901 ipsi
690 2813 910 2898 ‚cacumen
923 2815 966 2883 roi
980 2817 1184 2903 Χερουβὶμ“,
1208 2824 1349 2889 deferun-

73 2933 121 2985 tnr
144 2941 231 2986 saera
258 2923 336 2985 dena
358 2924 535 3003 epenthesi‚
557 2923 676 2985 ducitur
689 2921 848 3000 magnifica
863 2922 914 2983 iffa
931 2933 960 2983 et
976 2923 1210 2988 sollemnissime
1227 2945 1347 3008 pompa,

72 3041 160 3102 quem
185 3023 339 3104 appeliant
353 3025 458 3088 Graeci
479 3020 539 3110 τὴν
559 3019 702 3109 μεγάλην
724 3016 863 3098 e'c'godoa.
908 3022 1028 3102 Optime
1051 3028 1136 3105 quasi
1157 3037 1347 3106 praesentem

71 3123 217 3204 proponit
238 3125 443 3189 incedentium
466 3127 602 3188 ordinem
626 3126 741 3191 Gnarus
763 3126 782 3186 l.
799 3143 826 3186 c.
848 3141 878 3203 p.
897 3125 954 3188 tat
972 3143 1033 3205 sq.:
1057 3127 1212 3207 Duplicern
1229 3131 1348 3208 ingres-

71 3243 138 3288 sum
161 3245 242 3300 esse,
266 3228 298 3288 in
320 3227 527 3308 superioribus
550 3228 740 3290 observatum
764 3235 819 3298 est,
841 3224 1000 3298 minorem,
1030 3244 1090 3307 que
1112 3245 1230 3292 sacrum
1252 3231 1348 3292 liran-

72 3328 200 3406 gefium;
223 3329 378 3400 maiorem,
402 3347 461 3410 quo
484 3347 569 3391 sacra
592 3329 670 3390 dona
694 3328 731 3390 ad
754 3327 846 3390 attare
869 3327 1087 3406 inferuntur¹):
1110 3331 1162 3392 hic
1178 3332 1207 3392 in
1224 3333 1347 3411 privatis

72 3427 203 3508 liturgiis
232 3429 404 3495 aDiacono
434 3439 465 3492 ct
485 3431 665 3506 Sacerdote,
694 3430 741 3493 rei
763 3429 795 3492 in
817 3429 1059 3501 solemnioribus,
1088 3449 1104 3494 a
1126 3433 1274 3496 Pontidce
1295 3453 1347 3498 ce·

72 3529 209 3592 febrantc
238 3530 403 3611 peragitur.
446 3533 484 3594 Et
504 3533 644 3594 Pontifex
673 3532 795 3614 quidem
823 3531 849 3592 si
881 3549 999 3593 sacrum
1021 3533 1121 3606 faciat,
1150 3534 1234 3596 iftntn
1257 3536 1347 3616 longe

73 3632 219 3694 comitatu
241 3641 273 3694 et
293 3632 451 3714 multiplici
473 3643 619 3714 apparatu
641 3651 752 3714 pompa
775 3633 923 3714 procedit.
963 3633 996 3696 ln
1018 3644 1105 3714 porta
1128 3654 1256 3717 namque
1273 3637 1347 3701 Pro-

74 3733 196 3795 theseos
218 3735 373 3797 numerosi
395 3736 538 3798 Lectores
561 3751 665 3798 cereas
688 3737 770 3798 faces
792 3753 936 3800 accensas
957 3737 1174 3816 praeferentes,
1197 3739 1347 3802 liiaconos

73 3851 251 3913 egressuros
279 3835 433 3922 excipiunt
460 3846 491 3899 et
512 3837 698 3918 praecedunt
718 3837 763 3898 via
782 3837 838 3898 iffa
862 3837 997 3910 sinuosa,
1026 3857 1115 3918 quant
1138 3839 1356 3920 frequentibus

73 3936 194 4014 punctis
217 3954 272 4016 per
291 3937 434 4018 tempium
448 3938 558 4012 ductis,
580 3938 749 4000 notavimus
765 3939 883 4012 tabula,
901 3939 1067 4002 succedunt
1082 3939 1216 4014 Diaconi,
1239 3953 1269 4004 et
1283 3942 1347 4022 pri-

73 4055 140 4099 mus
162 4037 285 4118 quidem
306 4055 410 4101 eorum
432 4039 602 4120 depositum
626 4038 804 4102 aPontiftee
826 4039 950 4119 paifium
972 4039 1183 4121 complicatum
1207 4042 1345 4125 manibus

73 4136 186 4214 defert3
216 4149 389 4219 sequentes,
416 4139 566 4216 Ffabelfa3
594 4139 691 4202 ultimi
719 4159 775 4222 pro
804 4159 908 4204 eorum
937 4141 1024 4221 eopia
1054 4150 1084 4203 et
1111 4159 1235 4203 numero
1258 4144 1345 4206 thura

72 4240 277 4320 suffumigent
321 4241 403 4304 Viam
426 4243 514 4306 thure
535 4253 565 4306 et
588 4242 732 4306 odoribus
754 4243 934 4322 fragrantem
956 4243 1106 4306 Diaconus
1127 4241 1174 4304 ref
1197 4243 1346 4306 Sacerdos

72 4357 179 4420 panem
202 4361 324 4407 sacrum
345 4342 377 4406 in
390 4343 481 4412 Disco
502 4345 679 4425 repositum,
703 4353 734 4407 et
747 4353 884 4426 opertum
899 4344 1046 4408 velamine
1061 4353 1182 4423 gestans
1197 4343 1345 4424 capessite

154 4581 180 4642 1)
200 4573 270 4634 'Bene
293 4582 341 4634 troc
364 4583 454 4650 duplici
473 4585 583 4649 ingressu
601 4582 688 4650 duplex
707 4581 845 4635 ostenditur
863 4581 979 4636 ecciesiae
998 4582 1125 4634 columen:
1149 4581 1244 4636 renium
1265 4593 1287 4637 et
1305 4602 1346 4638 sa·

71 4672 229 4721 mittat.
812 4679 814 4686 ⁴
