<?xml version="1.0" encoding="UTF-8"?>
<!DOCTYPE html PUBLIC "-//W3C//DTD XHTML 1.0 Transitional//EN"
    "http://www.w3.org/TR/xhtml1/DTD/xhtml1-transitional.dtd">
<html xmlns="http://www.w3.org/1999/xhtml" xml:lang="en" lang="en">
 <head>
  <title>
</title>
<meta http-equiv="Content-Type" content="text/html;charset=utf-8" />
  <meta name='ocr-system' content='tesseract 3.04.00' />
  <meta name='ocr-capabilities' content='ocr_page ocr_carea ocr_par ocr_line ocrx_word'/>
</head>
<body>
  <div class='ocr_page' id='page_1' title='image "./codexliturgicus04danigoog/codexliturgicus04danigoog_0468.png"; bbox 0 0 3336 5302; ppageno 0'>
   <div class='ocr_carea' id='block_1_1' title="bbox 681 448 754 520">
    <p class='ocr_par' dir='ltr' id='par_1_1' title="bbox 681 448 754 520">
     <span class='ocr_line' id='line_1_1' title="bbox 681 448 754 520; baseline 0 0"><span class='ocrx_word' id='word_1_1' title='bbox 681 448 754 520; x_wconf 70' lang='lat'><strong><em>447</em></strong></span> 
     </span>
    </p>
   </div>
   <div class='ocr_carea' id='block_1_2' title="bbox 76 583 1355 833">
    <p class='ocr_par' dir='ltr' id='par_1_2' title="bbox 76 583 1355 833">
     <span class='ocr_line' id='line_1_2' title="bbox 152 583 1355 752; baseline 0.003 -49.033"><span class='ocrx_word' id='word_1_2' title='bbox 152 628 258 728; x_wconf 76' lang='grc' dir='ltr'><strong><em>Ὑπὲρ</em></strong></span> <span class='ocrx_word' id='word_1_3' title='bbox 293 633 363 705; x_wconf 83' lang='lat' dir='ltr'><strong><em>w5</em></strong></span> <span class='ocrx_word' id='word_1_4' title='bbox 397 627 642 727; x_wconf 74' lang='grc' dir='ltr'><strong><em>ῥωσθῆναι</em></strong></span> <span class='ocrx_word' id='word_1_5' title='bbox 620 639 720 752; x_wconf 77' lang='grc' dir='ltr'><strong><em>ημᾶς</em></strong></span> <span class='ocrx_word' id='word_1_6' title='bbox 755 629 855 706; x_wconf 81' lang='grc' dir='ltr'><strong><em>ἂπδ</em></strong></span> <span class='ocrx_word' id='word_1_7' title='bbox 863 623 984 726; x_wconf 85' lang='grc' dir='ltr'><strong><em>πάσης</em></strong></span> <span class='ocrx_word' id='word_1_8' title='bbox 1013 583 1246 727; x_wconf 78' lang='grc' dir='ltr'><strong><em>θλίψεως,’</em></strong></span> <span class='ocrx_word' id='word_1_9' title='bbox 1230 640 1355 734; x_wconf 80' lang='grc' dir='ltr'><strong><em>οργῆς,</em></strong></span> 
     </span>
     <span class='ocr_line' id='line_1_3' title="bbox 76 727 1055 833; baseline -0.001 -25"><span class='ocrx_word' id='word_1_10' title='bbox 76 729 263 810; x_wconf 84' lang='grc' dir='ltr'><strong><em>κινδύνου</em></strong></span> <span class='ocrx_word' id='word_1_11' title='bbox 289 759 353 806; x_wconf 86' lang='grc' dir='ltr'><strong><em>και</em></strong></span> <span class='ocrx_word' id='word_1_12' title='bbox 340 727 553 833; x_wconf 85' lang='grc' dir='ltr'><strong><em>ἀνάγκης,</em></strong></span> <span class='ocrx_word' id='word_1_13' title='bbox 580 737 649 808; x_wconf 86' lang='grc' dir='ltr'><strong><em>τοῦ</em></strong></span> <span class='ocrx_word' id='word_1_14' title='bbox 674 730 818 831; x_wconf 81' lang='grc' dir='ltr'><strong><em>Κυρίου</em></strong></span> <span class='ocrx_word' id='word_1_15' title='bbox 844 729 1055 829; x_wconf 82' lang='grc' dir='ltr'><strong><em>δεηθῶμεν.</em></strong></span> 
     </span>
    </p>
   </div>
   <div class='ocr_carea' id='block_1_3' title="bbox 83 863 1363 3840">
    <p class='ocr_par' dir='ltr' id='par_1_3' title="bbox 83 863 1361 3840">
     <span class='ocr_line' id='line_1_4' title="bbox 138 863 1345 996; baseline -0.002 -28"><span class='ocrx_word' id='word_1_16' title='bbox 138 894 226 988; x_wconf 75' lang='grc' dir='ltr'><strong><em>Εοχὴ</em></strong></span> <span class='ocrx_word' id='word_1_17' title='bbox 249 863 334 986; x_wconf 75' lang='grc' dir='ltr'><strong><em>μετὰ</em></strong></span> <span class='ocrx_word' id='word_1_18' title='bbox 354 895 414 988; x_wconf 75' lang='grc' dir='ltr'><strong><em>τὴν</em></strong></span> <span class='ocrx_word' id='word_1_19' title='bbox 435 893 604 970; x_wconf 74' lang='grc' dir='ltr'><strong><em>ἀπόθεσιν</em></strong></span> <span class='ocrx_word' id='word_1_20' title='bbox 623 903 689 966; x_wconf 85' lang='grc' dir='ltr'><strong><em>τῶν</em></strong></span> <span class='ocrx_word' id='word_1_21' title='bbox 708 893 812 987; x_wconf 83' lang='grc' dir='ltr'><strong><em>άγίων</em></strong></span> <span class='ocrx_word' id='word_1_22' title='bbox 834 893 958 988; x_wconf 86' lang='grc' dir='ltr'><strong><em>διόρων,</em></strong></span> <span class='ocrx_word' id='word_1_23' title='bbox 979 888 1020 987; x_wconf 67' lang='grc' dir='ltr'><strong><em>όν</em></strong></span> <span class='ocrx_word' id='word_1_24' title='bbox 1040 892 1169 985; x_wconf 69' lang='grc' dir='ltr'><strong><em>λέγει’</em></strong></span> <span class='ocrx_word' id='word_1_25' title='bbox 1151 923 1170 968; x_wconf 93' lang='grc' dir='ltr'><strong><em>ο</em></strong></span> <span class='ocrx_word' id='word_1_26' title='bbox 1194 887 1340 996; x_wconf 81' lang='grc' dir='ltr'><strong><em>ίτρεός</em></strong></span> <span class='ocrx_word' id='word_1_27' title='bbox 1341 885 1345 894; x_wconf 71' lang='grc'><strong>’</strong></span> 
     </span>
     <span class='ocr_line' id='line_1_5' title="bbox 629 1007 805 1086; baseline 0 -18"><span class='ocrx_word' id='word_1_28' title='bbox 629 1007 805 1086; x_wconf 79' lang='grc' dir='ltr'><strong><em>μυστικῶς.</em></strong></span> 
     </span>
     <span class='ocr_line' id='line_1_6' title="bbox 162 1100 1351 1233; baseline -0.002 -52.981"><span class='ocrx_word' id='word_1_29' title='bbox 162 1103 207 1182; x_wconf 89' lang='grc' dir='ltr'>Ὀ</span> <span class='ocrx_word' id='word_1_30' title='bbox 240 1111 320 1179; x_wconf 84' lang='grc' dir='ltr'><strong><em>τιὸν</em></strong></span> <span class='ocrx_word' id='word_1_31' title='bbox 356 1100 524 1202; x_wconf 77' lang='grc' dir='ltr'><strong><em>ἀρρήτων</em></strong></span> <span class='ocrx_word' id='word_1_32' title='bbox 559 1104 623 1179; x_wconf 81' lang='grc' dir='ltr'><strong><em>καὶ</em></strong></span> <span class='ocrx_word' id='word_1_33' title='bbox 659 1101 837 1179; x_wconf 82' lang='grc' dir='ltr'><strong><em>ἀθεάτων</em></strong></span> <span class='ocrx_word' id='word_1_34' title='bbox 870 1101 1089 1233; x_wconf 77' lang='grc' dir='ltr'><strong><em>μυστηρίων</em></strong></span> <span class='ocrx_word' id='word_1_35' title='bbox 1127 1101 1233 1192; x_wconf 81' lang='grc' dir='ltr'><strong><em>Θεὸς,</em></strong></span> <span class='ocrx_word' id='word_1_36' title='bbox 1269 1103 1351 1201; x_wconf 77' lang='grc' dir='ltr'><strong><em>παρ’</em></strong></span> 
     </span>
     <span class='ocr_line' id='line_1_7' title="bbox 98 1199 1355 1333; baseline -0.003 -50.871"><span class='ocrx_word' id='word_1_37' title='bbox 98 1199 183 1282; x_wconf 80' lang='grc' dir='ltr'><strong><em>οἱ</em></strong></span> <span class='ocrx_word' id='word_1_38' title='bbox 218 1205 408 1304; x_wconf 78' lang='grc' dir='ltr'><strong><em>θησαυροὶ</em></strong></span> <span class='ocrx_word' id='word_1_39' title='bbox 440 1209 504 1303; x_wconf 81' lang='grc' dir='ltr'><strong><em>τῆς</em></strong></span> <span class='ocrx_word' id='word_1_40' title='bbox 530 1204 664 1304; x_wconf 79' lang='grc' dir='ltr'><strong><em>σοφίας</em></strong></span> <span class='ocrx_word' id='word_1_41' title='bbox 688 1205 752 1281; x_wconf 79' lang='grc' dir='ltr'><strong><em>καὶ</em></strong></span> <span class='ocrx_word' id='word_1_42' title='bbox 776 1209 841 1303; x_wconf 84' lang='grc' dir='ltr'><strong><em>τῆς</em></strong></span> <span class='ocrx_word' id='word_1_43' title='bbox 864 1202 1038 1307; x_wconf 85' lang='grc' dir='ltr'><strong><em>γναίσεως</em></strong></span> <span class='ocrx_word' id='word_1_44' title='bbox 1064 1206 1099 1282; x_wconf 78' lang='grc' dir='ltr'><strong><em>οἱ</em></strong></span> <span class='ocrx_word' id='word_1_45' title='bbox 1125 1203 1355 1333; x_wconf 77' lang='grc' dir='ltr'><strong><em>ἀπόκρυφοι</em></strong></span> 
     </span>
     <span class='ocr_line' id='line_1_8' title="bbox 84 1301 1356 1436; baseline 0 -54"><span class='ocrx_word' id='word_1_46' title='bbox 84 1307 208 1404; x_wconf 86' lang='grc' dir='ltr'><strong><em>οτὴν</em></strong></span> <span class='ocrx_word' id='word_1_47' title='bbox 241 1305 439 1383; x_wconf 73' lang='grc' dir='ltr'><strong><em>διακονίαν</em></strong></span> <span class='ocrx_word' id='word_1_48' title='bbox 439 1311 537 1430; x_wconf 41' lang='grc' dir='ltr'><strong><em>,τῆς</em></strong></span> <span class='ocrx_word' id='word_1_49' title='bbox 561 1306 797 1436; x_wconf 75' lang='grc' dir='ltr'><strong><em>λειτουργίας</em></strong></span> <span class='ocrx_word' id='word_1_50' title='bbox 822 1309 958 1404; x_wconf 77' lang='grc' dir='ltr'><strong><em>ταύτης</em></strong></span> <span class='ocrx_word' id='word_1_51' title='bbox 984 1301 1271 1406; x_wconf 77' lang='grc' dir='ltr'><strong><em>ἀποκαλύψας“</em></strong></span> <span class='ocrx_word' id='word_1_52' title='bbox 1251 1313 1356 1405; x_wconf 84' lang='grc' dir='ltr'><strong><em>ημῖν,</em></strong></span> 
     </span>
     <span class='ocr_line' id='line_1_9' title="bbox 84 1407 1356 1536; baseline 0.001 -52"><span class='ocrx_word' id='word_1_53' title='bbox 84 1407 149 1484; x_wconf 84' lang='grc' dir='ltr'><strong><em>καὶ</em></strong></span> <span class='ocrx_word' id='word_1_54' title='bbox 183 1407 397 1504; x_wconf 81' lang='grc' dir='ltr'><strong><em>θέμενος</em></strong></span> <span class='ocrx_word' id='word_1_55' title='bbox 375 1413 473 1506; x_wconf 81' lang='grc' dir='ltr'><strong><em>ημᾶς</em></strong></span> <span class='ocrx_word' id='word_1_56' title='bbox 507 1407 595 1493; x_wconf 82' lang='grc' dir='ltr'><strong><em>τοὺς</em></strong></span> <span class='ocrx_word' id='word_1_57' title='bbox 630 1408 886 1536; x_wconf 77' lang='grc' dir='ltr'><strong><em>ἁμαρτωλούς,</em></strong></span> <span class='ocrx_word' id='word_1_58' title='bbox 923 1408 988 1484; x_wconf 83' lang='grc' dir='ltr'><strong><em>διὰ</em></strong></span> <span class='ocrx_word' id='word_1_59' title='bbox 1022 1409 1092 1536; x_wconf 81' lang='grc' dir='ltr'><strong><em>τὴν</em></strong></span> <span class='ocrx_word' id='word_1_60' title='bbox 1123 1409 1260 1506; x_wconf 86' lang='grc' dir='ltr'><strong><em>πολλὴν</em></strong></span> <span class='ocrx_word' id='word_1_61' title='bbox 1287 1433 1356 1485; x_wconf 88' lang='grc' dir='ltr'><strong><em>σου</em></strong></span> 
     </span>
     <span class='ocr_line' id='line_1_10' title="bbox 85 1506 1357 1638; baseline 0.002 -55"><span class='ocrx_word' id='word_1_62' title='bbox 85 1509 455 1638; x_wconf 75' lang='grc' dir='ltr'><strong><em>ριλανθρωπίαν,’</em></strong></span> <span class='ocrx_word' id='word_1_63' title='bbox 427 1540 477 1595; x_wconf 89' lang='grc' dir='ltr'><strong><em>εις</em></strong></span> <span class='ocrx_word' id='word_1_64' title='bbox 508 1509 551 1586; x_wconf 87' lang='grc' dir='ltr'><strong><em>τὸ</em></strong></span> <span class='ocrx_word' id='word_1_65' title='bbox 586 1512 802 1609; x_wconf 80' lang='grc' dir='ltr'><strong><em>προςφίρειν</em></strong></span> <span class='ocrx_word' id='word_1_66' title='bbox 834 1538 893 1586; x_wconf 90' lang='grc' dir='ltr'><strong><em>σοι</em></strong></span> <span class='ocrx_word' id='word_1_67' title='bbox 926 1506 1033 1608; x_wconf 79' lang='grc' dir='ltr'><strong><em>δῶρά</em></strong></span> <span class='ocrx_word' id='word_1_68' title='bbox 1064 1510 1191 1585; x_wconf 78' lang='grc' dir='ltr'><strong><em>τεκαὶ</em></strong></span> <span class='ocrx_word' id='word_1_69' title='bbox 1217 1509 1357 1596; x_wconf 80' lang='grc' dir='ltr'><strong><em>θυσίας</em></strong></span> 
     </span>
     <span class='ocr_line' id='line_1_11' title="bbox 84 1610 1358 1742; baseline -0.002 -54"><span class='ocrx_word' id='word_1_70' title='bbox 84 1611 177 1710; x_wconf 86' lang='grc' dir='ltr'><strong><em>ύπερ</em></strong></span> <span class='ocrx_word' id='word_1_71' title='bbox 210 1639 288 1686; x_wconf 87' lang='grc' dir='ltr'><strong><em>των</em></strong></span> <span class='ocrx_word' id='word_1_72' title='bbox 321 1610 485 1688; x_wconf 74' lang='grc' dir='ltr'><strong><em>λδίων“</em></strong></span> <span class='ocrx_word' id='word_1_73' title='bbox 464 1610 756 1710; x_wconf 83' lang='grc' dir='ltr'><strong><em>αμαρτηιιάτων,</em></strong></span> <span class='ocrx_word' id='word_1_74' title='bbox 789 1613 853 1687; x_wconf 85' lang='grc' dir='ltr'><strong><em>καὶ</em></strong></span> <span class='ocrx_word' id='word_1_75' title='bbox 883 1640 962 1687; x_wconf 91' lang='grc' dir='ltr'><strong><em>των</em></strong></span> <span class='ocrx_word' id='word_1_76' title='bbox 994 1619 1063 1688; x_wconf 87' lang='grc' dir='ltr'><strong><em>τού</em></strong></span> <span class='ocrx_word' id='word_1_77' title='bbox 1095 1613 1240 1688; x_wconf 76' lang='grc' dir='ltr'><strong><em>λαοῦ’</em></strong></span> <span class='ocrx_word' id='word_1_78' title='bbox 1201 1641 1358 1742; x_wconf 86' lang='grc' dir='ltr'><strong><em>αγνοη-</em></strong></span> 
     </span>
     <span class='ocr_line' id='line_1_12' title="bbox 84 1710 1359 1842; baseline 0.003 -56"><span class='ocrx_word' id='word_1_79' title='bbox 84 1711 236 1810; x_wconf 87' lang='grc' dir='ltr'><strong><em>μάτων·</em></strong></span> <span class='ocrx_word' id='word_1_80' title='bbox 271 1713 448 1802; x_wconf 68' lang='grc' dir='ltr'><strong><em>αὐτός’</em></strong></span> <span class='ocrx_word' id='word_1_81' title='bbox 428 1711 563 1842; x_wconf 82' lang='grc' dir='ltr'><strong><em>ριόρατε</em></strong></span> <span class='ocrx_word' id='word_1_82' title='bbox 589 1713 809 1804; x_wconf 72' lang='grc' dir='ltr'><strong><em>Βασιλεῦ,“</em></strong></span> <span class='ocrx_word' id='word_1_83' title='bbox 792 1744 811 1789; x_wconf 94' lang='grc' dir='ltr'><strong><em>ο</em></strong></span> <span class='ocrx_word' id='word_1_84' title='bbox 838 1718 957 1789; x_wconf 82' lang='grc' dir='ltr'><strong><em>ποιῶν</em></strong></span> <span class='ocrx_word' id='word_1_85' title='bbox 967 1710 1125 1842; x_wconf 85' lang='grc' dir='ltr'><strong><em>μεγάλα</em></strong></span> <span class='ocrx_word' id='word_1_86' title='bbox 1149 1713 1213 1790; x_wconf 80' lang='grc' dir='ltr'><strong><em>καὶ</em></strong></span> <span class='ocrx_word' id='word_1_87' title='bbox 1238 1718 1359 1800; x_wconf 85' lang='grc' dir='ltr'><strong><em>ανεξι-</em></strong></span> 
     </span>
     <span class='ocr_line' id='line_1_13' title="bbox 83 1809 1356 1942; baseline 0 -52"><span class='ocrx_word' id='word_1_88' title='bbox 83 1813 267 1911; x_wconf 89' lang='grc' dir='ltr'><strong><em>χνίαστα,</em></strong></span> <span class='ocrx_word' id='word_1_89' title='bbox 305 1812 439 1901; x_wconf 79' lang='grc' dir='ltr'><strong><em>όνδοξά</em></strong></span> <span class='ocrx_word' id='word_1_90' title='bbox 473 1843 512 1890; x_wconf 84' lang='grc' dir='ltr'><strong><em>τι</em></strong></span> <span class='ocrx_word' id='word_1_91' title='bbox 547 1815 610 1890; x_wconf 83' lang='grc' dir='ltr'><strong><em>καὶ</em></strong></span> <span class='ocrx_word' id='word_1_92' title='bbox 647 1815 810 1904; x_wconf 75' lang='grc' dir='ltr'><strong><em>ἐξαίσια,</em></strong></span> <span class='ocrx_word' id='word_1_93' title='bbox 847 1809 903 1890; x_wconf 81' lang='grc' dir='ltr'><strong><em>τόν</em></strong></span> <span class='ocrx_word' id='word_1_94' title='bbox 937 1814 1007 1891; x_wconf 81' lang='grc' dir='ltr'><strong><em>οὐκ</em></strong></span> <span class='ocrx_word' id='word_1_95' title='bbox 1042 1817 1143 1890; x_wconf 77' lang='grc' dir='ltr'><strong><em>ἔστιν</em></strong></span> <span class='ocrx_word' id='word_1_96' title='bbox 1179 1815 1356 1942; x_wconf 81' lang='grc' dir='ltr'><strong><em>ἀριθμὸς,</em></strong></span> 
     </span>
     <span class='ocr_line' id='line_1_14' title="bbox 86 1914 1357 2044; baseline -0.001 -53"><span class='ocrx_word' id='word_1_97' title='bbox 86 1915 186 1991; x_wconf 77' lang='grc' dir='ltr'><strong><em>ἔπιδε</em></strong></span> <span class='ocrx_word' id='word_1_98' title='bbox 220 1916 273 2044; x_wconf 75' lang='grc' dir='ltr'><strong><em>ἐρ’</em></strong></span> <span class='ocrx_word' id='word_1_99' title='bbox 313 1916 411 2014; x_wconf 82' lang='grc' dir='ltr'><strong><em>ἡμᾶς</em></strong></span> <span class='ocrx_word' id='word_1_100' title='bbox 442 1917 530 2000; x_wconf 83' lang='grc' dir='ltr'><strong><em>τοὺς</em></strong></span> <span class='ocrx_word' id='word_1_101' title='bbox 562 1917 736 2003; x_wconf 79' lang='grc' dir='ltr'><strong><em>ἀναξίους</em></strong></span> <span class='ocrx_word' id='word_1_102' title='bbox 770 1914 927 2002; x_wconf 75' lang='grc' dir='ltr'><strong><em>δούλους</em></strong></span> <span class='ocrx_word' id='word_1_103' title='bbox 953 1941 1035 2006; x_wconf 88' lang='grc' dir='ltr'><strong><em>σου,</em></strong></span> <span class='ocrx_word' id='word_1_104' title='bbox 1067 1915 1156 2000; x_wconf 80' lang='grc' dir='ltr'><strong><em>τοὺς</em></strong></span> <span class='ocrx_word' id='word_1_105' title='bbox 1179 1921 1235 2014; x_wconf 76' lang='grc' dir='ltr'><strong><em>τῷ</em></strong></span> <span class='ocrx_word' id='word_1_106' title='bbox 1260 1916 1357 2019; x_wconf 83' lang='grc' dir='ltr'><strong><em>ἁγίῳ</em></strong></span> 
     </span>
     <span class='ocr_line' id='line_1_15' title="bbox 87 2015 1359 2150; baseline 0.001 -58"><span class='ocrx_word' id='word_1_107' title='bbox 87 2043 155 2093; x_wconf 89' lang='grc' dir='ltr'><strong><em>σου</em></strong></span> <span class='ocrx_word' id='word_1_108' title='bbox 191 2015 333 2148; x_wconf 87' lang='grc' dir='ltr'><strong><em>τούτῳ</em></strong></span> <span class='ocrx_word' id='word_1_109' title='bbox 350 2018 623 2148; x_wconf 80' lang='grc' dir='ltr'><strong><em>θυσιαστηρίῳ,</em></strong></span> <span class='ocrx_word' id='word_1_110' title='bbox 659 2018 709 2104; x_wconf 81' lang='grc' dir='ltr'><strong><em>ιός</em></strong></span> <span class='ocrx_word' id='word_1_111' title='bbox 740 2023 797 2150; x_wconf 77' lang='grc' dir='ltr'><strong><em>τηῖ</em></strong></span> <span class='ocrx_word' id='word_1_112' title='bbox 827 2019 1053 2118; x_wconf 84' lang='grc' dir='ltr'><strong><em>Χερουβικῳ</em></strong></span> <span class='ocrx_word' id='word_1_113' title='bbox 1083 2041 1154 2093; x_wconf 93' lang='grc' dir='ltr'><strong><em>σου</em></strong></span> <span class='ocrx_word' id='word_1_114' title='bbox 1185 2045 1359 2146; x_wconf 81' lang='grc' dir='ltr'><strong><em>περιστα-</em></strong></span> 
     </span>
     <span class='ocr_line' id='line_1_16' title="bbox 85 2113 1357 2222; baseline -0.001 -26"><span class='ocrx_word' id='word_1_115' title='bbox 85 2119 223 2218; x_wconf 82' lang='grc' dir='ltr'><strong><em>μίνους</em></strong></span> <span class='ocrx_word' id='word_1_116' title='bbox 246 2116 379 2221; x_wconf 83' lang='grc' dir='ltr'><strong><em>θρόνῳ</em></strong></span> <span class='ocrx_word' id='word_1_117' title='bbox 405 2121 508 2219; x_wconf 76' lang='grc' dir='ltr'><strong><em>ἐφ’</em></strong></span> <span class='ocrx_word' id='word_1_118' title='bbox 490 2113 521 2194; x_wconf 83' lang='grc' dir='ltr'><strong><em>τό</em></strong></span> <span class='ocrx_word' id='word_1_119' title='bbox 547 2120 567 2195; x_wconf 89' lang='grc' dir='ltr'><strong><em>ό</em></strong></span> <span class='ocrx_word' id='word_1_120' title='bbox 593 2119 795 2222; x_wconf 86' lang='grc' dir='ltr'><strong><em>μονογενης</em></strong></span> <span class='ocrx_word' id='word_1_121' title='bbox 821 2147 890 2196; x_wconf 92' lang='grc' dir='ltr'><strong><em>σου</em></strong></span> <span class='ocrx_word' id='word_1_122' title='bbox 915 2119 1008 2208; x_wconf 84' lang='grc' dir='ltr'><strong><em>υίὸς,</em></strong></span> <span class='ocrx_word' id='word_1_123' title='bbox 1033 2119 1097 2195; x_wconf 84' lang='grc' dir='ltr'><strong><em>καὶ</em></strong></span> <span class='ocrx_word' id='word_1_124' title='bbox 1125 2118 1256 2204; x_wconf 73' lang='grc' dir='ltr'><strong><em>Θεὸς’</em></strong></span> <span class='ocrx_word' id='word_1_125' title='bbox 1234 2127 1357 2216; x_wconf 79' lang='grc' dir='ltr'><strong><em>ημῶν,</em></strong></span> 
     </span>
     <span class='ocr_line' id='line_1_17' title="bbox 87 2219 1357 2350; baseline 0 -54"><span class='ocrx_word' id='word_1_126' title='bbox 87 2220 149 2296; x_wconf 82' lang='grc' dir='ltr'><strong><em>διὰ</em></strong></span> <span class='ocrx_word' id='word_1_127' title='bbox 195 2250 274 2298; x_wconf 88' lang='grc' dir='ltr'><strong><em>των</em></strong></span> <span class='ocrx_word' id='word_1_128' title='bbox 316 2223 581 2350; x_wconf 68' lang='grc' dir='ltr'><strong><em>προκειμένων</em></strong></span> <span class='ocrx_word' id='word_1_129' title='bbox 611 2227 779 2320; x_wconf 84' lang='grc' dir='ltr'><strong><em>φρικτιόν</em></strong></span> <span class='ocrx_word' id='word_1_130' title='bbox 814 2219 1088 2298; x_wconf 82' lang='grc' dir='ltr'><strong><em>ἐπαναπαύεται</em></strong></span> <span class='ocrx_word' id='word_1_131' title='bbox 1122 2221 1357 2318; x_wconf 86' lang='grc' dir='ltr'><strong><em>μυστηρίων·</em></strong></span> 
     </span>
     <span class='ocr_line' id='line_1_18' title="bbox 86 2320 1359 2422; baseline 0 -24"><span class='ocrx_word' id='word_1_132' title='bbox 86 2323 149 2398; x_wconf 83' lang='grc' dir='ltr'><strong><em>καὶ</em></strong></span> <span class='ocrx_word' id='word_1_133' title='bbox 174 2320 294 2422; x_wconf 84' lang='grc' dir='ltr'><strong><em>πόσης</em></strong></span> <span class='ocrx_word' id='word_1_134' title='bbox 318 2323 429 2421; x_wconf 86' lang='grc' dir='ltr'><strong><em>ηιιᾶς,</em></strong></span> <span class='ocrx_word' id='word_1_135' title='bbox 455 2323 518 2400; x_wconf 79' lang='grc' dir='ltr'><strong><em>καί</em></strong></span> <span class='ocrx_word' id='word_1_136' title='bbox 543 2323 611 2398; x_wconf 89' lang='grc' dir='ltr'><strong><em>τὸν</em></strong></span> <span class='ocrx_word' id='word_1_137' title='bbox 636 2321 768 2402; x_wconf 86' lang='grc' dir='ltr'><strong><em>πιστόν</em></strong></span> <span class='ocrx_word' id='word_1_138' title='bbox 794 2347 863 2400; x_wconf 91' lang='grc' dir='ltr'><strong><em>σου</em></strong></span> <span class='ocrx_word' id='word_1_139' title='bbox 883 2323 975 2400; x_wconf 88' lang='grc' dir='ltr'><strong><em>λαὸν</em></strong></span> <span class='ocrx_word' id='word_1_140' title='bbox 994 2320 1285 2418; x_wconf 78' lang='grc' dir='ltr'><strong><em>ἐλευθερώσας’</em></strong></span> <span class='ocrx_word' id='word_1_141' title='bbox 1265 2351 1359 2400; x_wconf 92' lang='grc' dir='ltr'><strong><em>ακα-</em></strong></span> 
     </span>
     <span class='ocr_line' id='line_1_19' title="bbox 88 2421 1359 2528; baseline 0 -28"><span class='ocrx_word' id='word_1_142' title='bbox 88 2423 264 2524; x_wconf 87' lang='grc' dir='ltr'><strong><em>θαρσίας,</em></strong></span> <span class='ocrx_word' id='word_1_143' title='bbox 302 2423 461 2528; x_wconf 83' lang='grc' dir='ltr'><strong><em>ἁγίασον</em></strong></span> <span class='ocrx_word' id='word_1_144' title='bbox 486 2421 640 2502; x_wconf 87' lang='grc' dir='ltr'><strong><em>πάντων</em></strong></span> <span class='ocrx_word' id='word_1_145' title='bbox 663 2425 774 2523; x_wconf 83' lang='grc' dir='ltr'><strong><em>ἡμων</em></strong></span> <span class='ocrx_word' id='word_1_146' title='bbox 799 2427 866 2510; x_wconf 86' lang='grc' dir='ltr'><strong><em>τὰς</em></strong></span> <span class='ocrx_word' id='word_1_147' title='bbox 890 2425 1016 2523; x_wconf 80' lang='grc' dir='ltr'><strong><em>ψυχὰς</em></strong></span> <span class='ocrx_word' id='word_1_148' title='bbox 1039 2424 1104 2500; x_wconf 80' lang='grc' dir='ltr'><strong><em>καὶ</em></strong></span> <span class='ocrx_word' id='word_1_149' title='bbox 1128 2423 1175 2500; x_wconf 85' lang='grc' dir='ltr'><strong><em>τὰ</em></strong></span> <span class='ocrx_word' id='word_1_150' title='bbox 1202 2421 1359 2520; x_wconf 81' lang='grc' dir='ltr'><strong><em>σώματα</em></strong></span> 
     </span>
     <span class='ocr_line' id='line_1_20' title="bbox 89 2521 1360 2656; baseline 0.001 -56"><span class='ocrx_word' id='word_1_151' title='bbox 89 2526 265 2656; x_wconf 82' lang='grc' dir='ltr'><strong><em>ἄγιασμῳ</em></strong></span> <span class='ocrx_word' id='word_1_152' title='bbox 300 2527 557 2655; x_wconf 79' lang='grc' dir='ltr'><strong><em>ἂναραιρέτῳ·</em></strong></span> <span class='ocrx_word' id='word_1_153' title='bbox 597 2529 661 2602; x_wconf 77' lang='grc' dir='ltr'><strong><em>ἵνα</em></strong></span> <span class='ocrx_word' id='word_1_154' title='bbox 697 2531 738 2602; x_wconf 78' lang='grc' dir='ltr'><strong><em>ἐν</em></strong></span> <span class='ocrx_word' id='word_1_155' title='bbox 772 2530 936 2624; x_wconf 88' lang='grc' dir='ltr'><strong><em>καθαρῳ</em></strong></span> <span class='ocrx_word' id='word_1_156' title='bbox 971 2521 1227 2616; x_wconf 83' lang='grc' dir='ltr'><strong><em>συνειδότι,’</em></strong></span> <span class='ocrx_word' id='word_1_157' title='bbox 1207 2555 1360 2602; x_wconf 81' lang='grc' dir='ltr'><strong><em>ανιπαι</em></strong></span> 
     </span>
     <span class='ocr_line' id='line_1_21' title="bbox 89 2625 1360 2758; baseline 0.002 -54"><span class='ocrx_word' id='word_1_158' title='bbox 89 2625 238 2727; x_wconf 87' lang='grc' dir='ltr'><strong><em>σχύντιμ</em></strong></span> <span class='ocrx_word' id='word_1_159' title='bbox 273 2625 455 2726; x_wconf 81' lang='grc' dir='ltr'><strong><em>προςαόπῳ</em></strong></span> <span class='ocrx_word' id='word_1_160' title='bbox 465 2684 478 2718; x_wconf 95' lang='grc'><strong><em>,</em></strong></span> <span class='ocrx_word' id='word_1_161' title='bbox 515 2629 772 2754; x_wconf 82' lang='grc' dir='ltr'><strong><em>πεφωτισμένη</em></strong></span> <span class='ocrx_word' id='word_1_162' title='bbox 809 2629 946 2758; x_wconf 76' lang='grc' dir='ltr'><strong><em>καρδίη</em></strong></span> <span class='ocrx_word' id='word_1_163' title='bbox 955 2685 968 2718; x_wconf 91' lang='lat'><em>,</em></span> <span class='ocrx_word' id='word_1_164' title='bbox 1004 2657 1083 2705; x_wconf 94' lang='grc' dir='ltr'><strong><em>των</em></strong></span> <span class='ocrx_word' id='word_1_165' title='bbox 1117 2627 1237 2704; x_wconf 85' lang='grc' dir='ltr'><strong><em>θείων</em></strong></span> <span class='ocrx_word' id='word_1_166' title='bbox 1272 2625 1360 2714; x_wconf 89' lang='grc' dir='ltr'><strong><em>τού-Ι</em></strong></span> 
     </span>
     <span class='ocr_line' id='line_1_22' title="bbox 88 2727 1361 2858; baseline 0.001 -54"><span class='ocrx_word' id='word_1_167' title='bbox 88 2759 165 2806; x_wconf 91' lang='grc' dir='ltr'><strong><em>των</em></strong></span> <span class='ocrx_word' id='word_1_168' title='bbox 197 2727 601 2828; x_wconf 69' lang='grc' dir='ltr'><strong><em>μεταλαμβάνοντες“</em></strong></span> <span class='ocrx_word' id='word_1_169' title='bbox 578 2731 839 2858; x_wconf 87' lang='grc' dir='ltr'><strong><em>αγιασμάτων,</em></strong></span> <span class='ocrx_word' id='word_1_170' title='bbox 875 2731 938 2806; x_wconf 86' lang='grc' dir='ltr'><strong><em>καὶ</em></strong></span> <span class='ocrx_word' id='word_1_171' title='bbox 963 2729 1020 2807; x_wconf 80' lang='grc' dir='ltr'><strong><em>ὑπ’</em></strong></span> <span class='ocrx_word' id='word_1_172' title='bbox 1051 2731 1179 2806; x_wconf 80' lang='grc' dir='ltr'><strong><em>αὐτῶν</em></strong></span> <span class='ocrx_word' id='word_1_173' title='bbox 1205 2729 1361 2821; x_wconf 86' lang='grc' dir='ltr'><strong><em>ζωοποι-</em></strong></span> 
     </span>
     <span class='ocr_line' id='line_1_23' title="bbox 90 2829 1360 2962; baseline 0.001 -56"><span class='ocrx_word' id='word_1_174' title='bbox 90 2829 263 2924; x_wconf 87' lang='grc' dir='ltr'><strong><em>ούμενοι,</em></strong></span> <span class='ocrx_word' id='word_1_175' title='bbox 300 2834 508 2921; x_wconf 82' lang='grc' dir='ltr'><strong><em>ἑνωθῶμεν</em></strong></span> <span class='ocrx_word' id='word_1_176' title='bbox 544 2831 649 2930; x_wconf 80' lang='grc' dir='ltr'><strong><em>αύτῷ</em></strong></span> <span class='ocrx_word' id='word_1_177' title='bbox 685 2839 740 2931; x_wconf 78' lang='grc' dir='ltr'><strong><em>τῷ</em></strong></span> <span class='ocrx_word' id='word_1_178' title='bbox 774 2837 931 2962; x_wconf 76' lang='grc' dir='ltr'><strong><em>Χριστῷ</em></strong></span> <span class='ocrx_word' id='word_1_179' title='bbox 968 2857 1059 2923; x_wconf 90' lang='grc' dir='ltr'><strong><em>σου,</em></strong></span> <span class='ocrx_word' id='word_1_180' title='bbox 1094 2839 1150 2930; x_wconf 78' lang='grc' dir='ltr'><strong><em>τῷ</em></strong></span> <span class='ocrx_word' id='word_1_181' title='bbox 1187 2833 1360 2961; x_wconf 83' lang='grc' dir='ltr'><strong><em>ἀληθινῳ</em></strong></span> 
     </span>
     <span class='ocr_line' id='line_1_24' title="bbox 93 2931 1359 3037; baseline 0.003 -31"><span class='ocrx_word' id='word_1_182' title='bbox 93 2931 217 3029; x_wconf 69' lang='grc' dir='ltr'><strong><em>θεῷ“</em></strong></span> <span class='ocrx_word' id='word_1_183' title='bbox 196 2936 327 3029; x_wconf 81' lang='grc' dir='ltr'><strong><em>ημιόν,</em></strong></span> <span class='ocrx_word' id='word_1_184' title='bbox 359 2939 414 3032; x_wconf 81' lang='grc' dir='ltr'><strong><em>τῷ</em></strong></span> <span class='ocrx_word' id='word_1_185' title='bbox 446 2931 601 3008; x_wconf 87' lang='grc' dir='ltr'><strong><em>είπόντι·</em></strong></span> <span class='ocrx_word' id='word_1_186' title='bbox 642 2933 687 3010; x_wconf 87' lang='grc' dir='ltr'><em>Ὁ</em></span> <span class='ocrx_word' id='word_1_187' title='bbox 721 2931 913 3037; x_wconf 80' lang='grc' dir='ltr'><strong><em>τρώγων</em></strong></span> <span class='ocrx_word' id='word_1_188' title='bbox 948 2963 1037 3030; x_wconf 87' lang='grc' dir='ltr'><strong><em>μου</em></strong></span> <span class='ocrx_word' id='word_1_189' title='bbox 1072 2963 1154 3030; x_wconf 90' lang='grc' dir='ltr'><strong><em>την</em></strong></span> <span class='ocrx_word' id='word_1_190' title='bbox 1190 2931 1359 3030; x_wconf 87' lang='grc' dir='ltr'><strong><em>σάρκα,</em></strong></span> 
     </span>
     <span class='ocr_line' id='line_1_25' title="bbox 90 3033 1361 3164; baseline 0.002 -56"><span class='ocrx_word' id='word_1_191' title='bbox 90 3035 166 3108; x_wconf 82' lang='grc' dir='ltr'><strong><em>καὶ</em></strong></span> <span class='ocrx_word' id='word_1_192' title='bbox 201 3033 350 3110; x_wconf 90' lang='grc' dir='ltr'><strong><em>πίνων</em></strong></span> <span class='ocrx_word' id='word_1_193' title='bbox 384 3062 474 3132; x_wconf 88' lang='grc' dir='ltr'><strong><em>μου</em></strong></span> <span class='ocrx_word' id='word_1_194' title='bbox 509 3034 559 3108; x_wconf 84' lang='grc' dir='ltr'><strong><em>τό</em></strong></span> <span class='ocrx_word' id='word_1_195' title='bbox 592 3033 811 3164; x_wconf 45' lang='grc' dir='ltr'><strong><em>αῖμαηίν</em></strong></span> <span class='ocrx_word' id='word_1_196' title='bbox 844 3035 946 3130; x_wconf 81' lang='grc' dir='ltr'><strong><em>ἐμοὶ</em></strong></span> <span class='ocrx_word' id='word_1_197' title='bbox 972 3038 1120 3164; x_wconf 81' lang='grc' dir='ltr'><strong><em>μένει,</em></strong></span> <span class='ocrx_word' id='word_1_198' title='bbox 1156 3035 1361 3137; x_wconf 81' lang='grc' dir='ltr'><strong><em>κηίγιόέν</em></strong></span> 
     </span>
     <span class='ocr_line' id='line_1_26' title="bbox 92 3133 1361 3233; baseline 0.002 -25"><span class='ocrx_word' id='word_1_199' title='bbox 92 3135 226 3232; x_wconf 84' lang='grc' dir='ltr'><strong><em>αύτιρ.</em></strong></span> <span class='ocrx_word' id='word_1_200' title='bbox 268 3133 407 3224; x_wconf 80' lang='grc' dir='ltr'><strong><em>Ὅπως,</em></strong></span> <span class='ocrx_word' id='word_1_201' title='bbox 444 3139 726 3220; x_wconf 77' lang='grc' dir='ltr'><strong><em>ἐνοικοῦντος</em></strong></span> <span class='ocrx_word' id='word_1_202' title='bbox 711 3165 752 3212; x_wconf 79' lang='grc' dir='ltr'><strong><em>εν</em></strong></span> <span class='ocrx_word' id='word_1_203' title='bbox 786 3135 890 3233; x_wconf 83' lang='grc' dir='ltr'><strong><em>ημῖν,</em></strong></span> <span class='ocrx_word' id='word_1_204' title='bbox 925 3137 989 3212; x_wconf 83' lang='grc' dir='ltr'><strong><em>καὶ</em></strong></span> <span class='ocrx_word' id='word_1_205' title='bbox 1025 3141 1361 3233; x_wconf 81' lang='grc' dir='ltr'><strong><em>ἐμπεριπατοῦντος</em></strong></span> 
     </span>
     <span class='ocr_line' id='line_1_27' title="bbox 91 3207 1361 3366; baseline 0.002 -56"><span class='ocrx_word' id='word_1_206' title='bbox 91 3247 158 3311; x_wconf 85' lang='grc' dir='ltr'><strong><em>τοῦ</em></strong></span> <span class='ocrx_word' id='word_1_207' title='bbox 183 3207 316 3338; x_wconf 87' lang='grc' dir='ltr'><strong><em>Λόγου</em></strong></span> <span class='ocrx_word' id='word_1_208' title='bbox 348 3264 430 3326; x_wconf 93' lang='grc' dir='ltr'><strong><em>σου,</em></strong></span> <span class='ocrx_word' id='word_1_209' title='bbox 463 3235 589 3334; x_wconf 84' lang='grc' dir='ltr'><strong><em>Κύριε,</em></strong></span> <span class='ocrx_word' id='word_1_210' title='bbox 621 3235 825 3339; x_wconf 86' lang='grc' dir='ltr'><strong><em>γενιόμεθα</em></strong></span> <span class='ocrx_word' id='word_1_211' title='bbox 856 3235 947 3322; x_wconf 84' lang='grc' dir='ltr'><strong><em>ναός</em></strong></span> <span class='ocrx_word' id='word_1_212' title='bbox 977 3244 1047 3312; x_wconf 86' lang='grc' dir='ltr'><strong><em>τοῦ</em></strong></span> <span class='ocrx_word' id='word_1_213' title='bbox 1077 3235 1264 3366; x_wconf 91' lang='grc' dir='ltr'><strong><em>παναγίου</em></strong></span> <span class='ocrx_word' id='word_1_214' title='bbox 1297 3237 1361 3312; x_wconf 85' lang='grc' dir='ltr'><strong><em>καὶ</em></strong></span> 
     </span>
     <span class='ocr_line' id='line_1_28' title="bbox 92 3335 1363 3464; baseline 0 -52"><span class='ocrx_word' id='word_1_215' title='bbox 92 3345 345 3464; x_wconf 83' lang='grc' dir='ltr'><strong><em>προςκυνητοῦ</em></strong></span> <span class='ocrx_word' id='word_1_216' title='bbox 376 3362 445 3413; x_wconf 93' lang='grc' dir='ltr'><strong><em>σου</em></strong></span> <span class='ocrx_word' id='word_1_217' title='bbox 478 3337 704 3436; x_wconf 86' lang='grc' dir='ltr'><strong><em>πνεύματος,</em></strong></span> <span class='ocrx_word' id='word_1_218' title='bbox 745 3339 1011 3437; x_wconf 77' lang='grc' dir='ltr'><strong><em>λελυτρωμίνοι</em></strong></span> <span class='ocrx_word' id='word_1_219' title='bbox 1042 3335 1160 3434; x_wconf 87' lang='grc' dir='ltr'><strong><em>πόσης</em></strong></span> <span class='ocrx_word' id='word_1_220' title='bbox 1192 3337 1363 3438; x_wconf 84' lang='grc' dir='ltr'><strong><em>διαβολι-</em></strong></span> 
     </span>
     <span class='ocr_line' id='line_1_29' title="bbox 91 3437 1362 3566; baseline -0.002 -50"><span class='ocrx_word' id='word_1_221' title='bbox 91 3467 156 3537; x_wconf 85' lang='grc' dir='ltr'><strong><em>κης</em></strong></span> <span class='ocrx_word' id='word_1_222' title='bbox 188 3439 451 3529; x_wconf 82' lang='grc' dir='ltr'><strong><em>μεθοδείας,ί</em></strong></span> <span class='ocrx_word' id='word_1_223' title='bbox 453 3467 476 3514; x_wconf 95' lang='grc' dir='ltr'><strong><em>ν</em></strong></span> <span class='ocrx_word' id='word_1_224' title='bbox 508 3437 704 3537; x_wconf 80' lang='grc' dir='ltr'><strong><em>πράξει,</em></strong></span> <span class='ocrx_word' id='word_1_225' title='bbox 666 3471 703 3566; x_wconf 33' lang='grc' dir='ltr'><strong><em>ἠ</em></strong></span> <span class='ocrx_word' id='word_1_226' title='bbox 730 3438 842 3542; x_wconf 85' lang='grc' dir='ltr'><strong><em>λόγῳ,</em></strong></span> <span class='ocrx_word' id='word_1_227' title='bbox 875 3437 1020 3538; x_wconf 80' lang='grc' dir='ltr'><strong><em>ἢνατόι</em></strong></span> <span class='ocrx_word' id='word_1_228' title='bbox 1053 3437 1227 3516; x_wconf 88' lang='grc' dir='ltr'><strong><em>διάνοιαν</em></strong></span> <span class='ocrx_word' id='word_1_229' title='bbox 1261 3445 1362 3538; x_wconf 76' lang='grc' dir='ltr'><strong><em>ἐνερ-</em></strong></span> 
     </span>
     <span class='ocr_line' id='line_1_30' title="bbox 93 3539 1360 3674; baseline 0.002 -58"><span class='ocrx_word' id='word_1_230' title='bbox 93 3543 288 3670; x_wconf 84' lang='grc' dir='ltr'><strong><em>γουμενης·</em></strong></span> <span class='ocrx_word' id='word_1_231' title='bbox 324 3542 388 3618; x_wconf 81' lang='grc' dir='ltr'><strong><em>καὶ</em></strong></span> <span class='ocrx_word' id='word_1_232' title='bbox 423 3539 597 3638; x_wconf 81' lang='grc' dir='ltr'><strong><em>τύχωμεν</em></strong></span> <span class='ocrx_word' id='word_1_233' title='bbox 630 3549 709 3618; x_wconf 82' lang='grc' dir='ltr'><strong><em>τῶν</em></strong></span> <span class='ocrx_word' id='word_1_234' title='bbox 743 3543 1024 3674; x_wconf 78' lang='grc' dir='ltr'><strong><em>ἐπηγγελμένων</em></strong></span> <span class='ocrx_word' id='word_1_235' title='bbox 1056 3542 1147 3640; x_wconf 79' lang='grc' dir='ltr'><strong><em>ἡμῖν</em></strong></span> <span class='ocrx_word' id='word_1_236' title='bbox 1183 3544 1360 3672; x_wconf 82' lang='grc' dir='ltr'><strong><em>άγαθων,</em></strong></span> 
     </span>
     <span class='ocr_line' id='line_1_31' title="bbox 95 3641 1362 3745; baseline 0.001 -27"><span class='ocrx_word' id='word_1_237' title='bbox 95 3642 163 3718; x_wconf 82' lang='grc' dir='ltr'><strong><em>σύν</em></strong></span> <span class='ocrx_word' id='word_1_238' title='bbox 201 3651 293 3719; x_wconf 81' lang='grc' dir='ltr'><strong><em>πᾶσι</em></strong></span> <span class='ocrx_word' id='word_1_239' title='bbox 336 3649 413 3729; x_wconf 83' lang='grc' dir='ltr'><strong><em>τοῖς</em></strong></span> <span class='ocrx_word' id='word_1_240' title='bbox 453 3641 573 3745; x_wconf 86' lang='grc' dir='ltr'><strong><em>ἁγίοις</em></strong></span> <span class='ocrx_word' id='word_1_241' title='bbox 611 3667 702 3732; x_wconf 92' lang='grc' dir='ltr'><strong><em>σου,</em></strong></span> <span class='ocrx_word' id='word_1_242' title='bbox 743 3651 820 3729; x_wconf 80' lang='grc' dir='ltr'><strong><em>τοῖς</em></strong></span> <span class='ocrx_word' id='word_1_243' title='bbox 861 3645 919 3720; x_wconf 78' lang='grc' dir='ltr'><strong><em>ἀπ’</em></strong></span> <span class='ocrx_word' id='word_1_244' title='bbox 957 3643 1094 3730; x_wconf 75' lang='grc' dir='ltr'><strong><em>αλυλνός</em></strong></span> <span class='ocrx_word' id='word_1_245' title='bbox 1134 3668 1192 3720; x_wconf 93' lang='grc' dir='ltr'><strong><em>σοι</em></strong></span> <span class='ocrx_word' id='word_1_246' title='bbox 1234 3645 1362 3744; x_wconf 83' lang='grc' dir='ltr'><strong><em>ιύαρι-</em></strong></span> 
     </span>
     <span class='ocr_line' id='line_1_32' title="bbox 95 3741 281 3840; baseline 0.028 -23"><span class='ocrx_word' id='word_1_247' title='bbox 95 3741 281 3840; x_wconf 83' lang='grc' dir='ltr'><strong><em>στήσασιν.</em></strong></span> 
     </span>
    </p>
   </div>
   <div class='ocr_carea' id='block_1_4' title="bbox 167 3871 840 4061">
    <p class='ocr_par' dir='ltr' id='par_1_4' title="bbox 171 3871 840 4061">
     <span class='ocr_line' id='line_1_33' title="bbox 616 3871 840 3958; baseline 0.009 -13"><span class='ocrx_word' id='word_1_248' title='bbox 616 3871 654 3944; x_wconf 87' lang='grc' dir='ltr'><strong><em>Ὁ</em></strong></span> <span class='ocrx_word' id='word_1_249' title='bbox 677 3873 840 3958; x_wconf 89' lang='grc' dir='ltr'><strong><em>διάκονος.</em></strong></span> 
     </span>
     <span class='ocr_line' id='line_1_34' title="bbox 167 3965 585 4061; baseline 0.005 -25.02"><span class='ocrx_word' id='word_1_250' title='bbox 167 3965 391 4061; x_wconf 76' lang='grc' dir='ltr'><strong><em>Ἀντιλαβοῦ</em></strong></span> <span class='ocrx_word' id='word_1_251' title='bbox 398 4019 412 4052; x_wconf 93' lang='grc'><strong><em>,</em></strong></span> <span class='ocrx_word' id='word_1_252' title='bbox 450 3987 585 4039; x_wconf 91' lang='grc' dir='ltr'><strong><em>σωσον.</em></strong></span> 
     </span>
    </p>
   </div>
   <div class='ocr_carea' id='block_1_5' title="bbox 167 4063 866 4772">
    <p class='ocr_par' dir='ltr' id='par_1_5' title="bbox 179 4063 581 4162">
     <span class='ocr_line' id='line_1_35' title="bbox 179 4063 581 4162; baseline 0.003 -24.003"><span class='ocrx_word' id='word_1_253' title='bbox 179 4063 297 4162; x_wconf 69' lang='lat'><strong><em>&#39;1⁷55‘</em></strong></span> <span class='ocrx_word' id='word_1_254' title='bbox 277 4066 420 4162; x_wconf 81' lang='grc' dir='ltr'><strong><em>ημέραν</em></strong></span> <span class='ocrx_word' id='word_1_255' title='bbox 443 4070 581 4140; x_wconf 82' lang='grc' dir='ltr'><strong><em>πᾶσαν.</em></strong></span> 
     </span>
    </p>

    <p class='ocr_par' dir='ltr' id='par_1_6' title="bbox 167 4164 519 4295">
     <span class='ocr_line' id='line_1_36' title="bbox 167 4164 519 4295; baseline -0.003 -53.97"><span class='ocrx_word' id='word_1_256' title='bbox 167 4167 344 4295; x_wconf 68' lang='grc' dir='ltr'><strong><em>Ἄγγελον</em></strong></span> <span class='ocrx_word' id='word_1_257' title='bbox 365 4164 519 4264; x_wconf 73' lang='grc' dir='ltr'><strong><em>εἰρήνης.</em></strong></span> 
     </span>
    </p>

    <p class='ocr_par' dir='ltr' id='par_1_7' title="bbox 177 4264 678 4398">
     <span class='ocr_line' id='line_1_37' title="bbox 177 4264 678 4398; baseline 0 -55"><span class='ocrx_word' id='word_1_258' title='bbox 177 4264 442 4398; x_wconf 80' lang='grc' dir='ltr'><strong><em>Συγγνώμην</em></strong></span> <span class='ocrx_word' id='word_1_259' title='bbox 443 4267 508 4342; x_wconf 81' lang='grc' dir='ltr'><strong><em>καὶ</em></strong></span> <span class='ocrx_word' id='word_1_260' title='bbox 532 4268 678 4366; x_wconf 83' lang='grc' dir='ltr'><strong><em>ἄφεσιν.</em></strong></span> 
     </span>
    </p>

    <p class='ocr_par' dir='ltr' id='par_1_8' title="bbox 175 4367 855 4772">
     <span class='ocr_line' id='line_1_38' title="bbox 179 4367 721 4468; baseline -0.004 -24"><span class='ocrx_word' id='word_1_261' title='bbox 179 4369 232 4444; x_wconf 84' lang='lat' dir='ltr'><strong><em>T5</em></strong></span> <span class='ocrx_word' id='word_1_262' title='bbox 258 4369 354 4444; x_wconf 82' lang='grc' dir='ltr'><strong><em>καλὰ</em></strong></span> <span class='ocrx_word' id='word_1_263' title='bbox 381 4367 444 4444; x_wconf 84' lang='grc' dir='ltr'><strong><em>καὶ</em></strong></span> <span class='ocrx_word' id='word_1_264' title='bbox 470 4370 721 4468; x_wconf 78' lang='grc' dir='ltr'><strong><em>συμφέροντα.</em></strong></span> 
     </span>
     <span class='ocr_line' id='line_1_39' title="bbox 180 4465 866 4567; baseline -0.003 -21"><span class='ocrx_word' id='word_1_265' title='bbox 180 4470 302 4546; x_wconf 71' lang='grc' dir='ltr'><strong><em>Τὸν”</em></strong></span> <span class='ocrx_word' id='word_1_266' title='bbox 280 4499 332 4548; x_wconf 90' lang='grc' dir='ltr'><strong><em>υπ</em></strong></span> <span class='ocrx_word' id='word_1_267' title='bbox 333 4468 482 4546; x_wconf 89' lang='grc' dir='ltr'><strong><em>όλοιπον</em></strong></span> <span class='ocrx_word' id='word_1_268' title='bbox 504 4467 645 4567; x_wconf 86' lang='grc' dir='ltr'><strong><em>χρόνον</em></strong></span> <span class='ocrx_word' id='word_1_269' title='bbox 668 4475 734 4565; x_wconf 83' lang='grc' dir='ltr'><strong><em>τῆς</em></strong></span> <span class='ocrx_word' id='word_1_270' title='bbox 760 4465 866 4564; x_wconf 81' lang='grc' dir='ltr'><strong><em>ζωῆς.</em></strong></span> 
     </span>
     <span class='ocr_line' id='line_1_40' title="bbox 175 4568 787 4704; baseline -0.002 -58"><span class='ocrx_word' id='word_1_271' title='bbox 175 4572 385 4704; x_wconf 71' lang='grc' dir='ltr'><strong><em>Χριστιανοὶ</em></strong></span> <span class='ocrx_word' id='word_1_272' title='bbox 411 4570 459 4646; x_wconf 89' lang='grc' dir='ltr'><strong><em>τδι</em></strong></span> <span class='ocrx_word' id='word_1_273' title='bbox 484 4572 567 4668; x_wconf 89' lang='grc' dir='ltr'><strong><em>τελη</em></strong></span> <span class='ocrx_word' id='word_1_274' title='bbox 590 4575 656 4667; x_wconf 83' lang='grc' dir='ltr'><strong><em>τῆς</em></strong></span> <span class='ocrx_word' id='word_1_275' title='bbox 681 4568 787 4666; x_wconf 83' lang='grc' dir='ltr'><strong><em>ζωῆς.</em></strong></span> 
     </span>
     <span class='ocr_line' id='line_1_41' title="bbox 181 4669 715 4772; baseline -0.006 -24"><span class='ocrx_word' id='word_1_276' title='bbox 181 4675 299 4772; x_wconf 76' lang='grc' dir='ltr'><strong><em>Τὴι“</em></strong></span> <span class='ocrx_word' id='word_1_277' title='bbox 282 4671 437 4770; x_wconf 89' lang='grc' dir='ltr'><strong><em>ενότητα</em></strong></span> <span class='ocrx_word' id='word_1_278' title='bbox 461 4681 526 4770; x_wconf 84' lang='grc' dir='ltr'><strong><em>τῆς</em></strong></span> <span class='ocrx_word' id='word_1_279' title='bbox 551 4669 715 4756; x_wconf 85' lang='grc' dir='ltr'><strong><em>πίστεως.</em></strong></span> 
     </span>
    </p>
   </div>
   <div class='ocr_carea' id='block_1_6' title="bbox 0 0 1691 5302">
    <p class='ocr_par' dir='ltr' id='par_1_9' title="bbox 0 0 1691 5302">
     <span class='ocr_line' id='line_1_42' title="bbox 0 0 1691 5302; baseline 0 0"><span class='ocrx_word' id='word_1_280' title='bbox 0 0 1691 5302; x_wconf 95' lang='lat' dir='ltr'><strong><em> </em></strong></span> 
     </span>
    </p>
   </div>
  </div>
 </body>
</html>
