3336 5302
920 427 995 502 406

228 593 233 613 ’
317 612 426 679 Missae
455 614 586 676 Graecae
616 612 723 693 triplex
748 611 874 676 ohlatio.
906 612 1019 674 Primo
1042 612 1072 673 in
1095 610 1249 690 Liturgiae
1271 611 1470 691 praefatione,
1499 606 1535 673 ἐν
1556 613 1594 696 τῇ

318 711 495 800 προθέσει,
525 715 559 777 lit
586 715 761 794 imperfecta
791 713 921 777 oblatio:
943 711 1177 786 sanctificantur,
1205 729 1281 792 quae
1305 713 1365 773 lieo
1388 724 1591 791 segregantur,

316 819 406 902 panis
428 828 458 880 et
479 817 581 878 vinum
613 833 670 877 nee
702 812 756 877 ulli
779 816 908 896 amplius
931 812 1081 878 communi
1105 813 1172 876 usui
1195 812 1418 893 impenduntur.
1454 813 1591 876 Secundo

319 939 385 982 cum
415 939 432 980 e
460 915 680 999 propositionis
710 935 761 977 ara
785 915 821 977 ad
846 917 939 978 altare
961 933 1047 978 sacra
1069 915 1147 977 dona
1171 914 1367 994 deportentur
1389 925 1420 978 et
1442 917 1591 996 praesenti

317 1021 456 1084 oratione
484 1038 577 1099 super
604 1018 649 1080 eis
678 1017 743 1079 lusa
772 1017 960 1081 deducuntur
981 1025 1011 1078 et
1033 1015 1428 1096 Ollertorium'completur.
1473 1018 1592 1078 decedit

318 1123 398 1204 quod
420 1131 561 1204 precatur
583 1120 741 1190 Sacerdos,
766 1126 798 1180 ut
820 1119 927 1196 dignus
950 1118 1000 1192 sit,
1022 1116 1072 1198 qui
1096 1117 1213 1180 oilerat.
1256 1116 1358 1180 'lertio
1382 1117 1505 1180 tandem
1529 1137 1591 1180 cun

318 1222 548 1286 consecratione
575 1221 712 1283 absoluta
739 1237 799 1281 non
829 1219 886 1280 iam
915 1218 1003 1298 panis
1031 1229 1061 1280 ct
1086 1218 1196 1291 viuum,
1219 1219 1272 1280 sed
1296 1237 1406 1298 corpus
1430 1219 1544 1282 Christi
1566 1230 1592 1281 et

318 1325 384 1388 eius
406 1323 528 1404 sanguis
550 1323 581 1385 in
603 1320 784 1385 sacrificium
808 1321 986 1385 offeruntur.
1268 1325 1270 1332 ’

404 1458 577 1540 Accipimus
599 1457 779 1520 Graecorum
808 1455 844 1517 ad
867 1455 1029 1534 Liturgiam
1053 1455 1296 1540 commentarios,
1323 1447 1465 1540 δεήσεις,
1494 1477 1592 1536 προς-

319 1555 425 1642 ευχάς,
449 1552 619 1636 ἐντεύξεις,
642 1549 861 1641 εὐχαριστίας,
884 1556 1006 1618 εΡευΙο
1029 1553 1168 1638 apostolo
1191 1555 1348 1619 Timotheo
1371 1559 1591 1621 commendatas

320 1663 494 1745 quotidiana
522 1661 667 1739 religione
696 1660 727 1720 in
758 1659 867 1720 ciliciis
890 1659 954 1720 suis
982 1658 1019 1721 ad
1047 1655 1141 1720 Deum
1170 1655 1269 1736 dirigi.
1312 1657 1387 1719 Nem
1416 1659 1448 1720 iu
1478 1659 1590 1722 Litauia

318 1763 426 1828 maiori
450 1772 481 1824 et
503 1763 610 1824 minori
633 1760 841 1836 (συναπταῖς)
858 1751 1085 1844 λυοῐδεήοεις,
1107 1758 1588 1840 Diacoaofrequentermonente:

318 1869 379 1930 τοῦ
400 1857 528 1946 Κυρίου
551 1860 736 1948 δεηθῶμεν.
769 1853 958 1946 Προςευχαί
980 1869 1050 1924 sunt
1076 1861 1228 1922 orationes
1250 1871 1367 1922 secreto
1391 1879 1406 1922 a
1431 1863 1587 1924 sacerdoti-

318 1968 374 2031 bus
397 1967 549 2036 recitatae,
572 1955 778 2046 εὐχαριστίαι
801 1973 871 2024 sunt
893 1963 993 2042 hymni
1017 1962 1047 2023 iu
1071 1961 1189 2024 laudem
1205 1961 1258 2025 liei
1274 1961 1434 2024 decantati.
1462 1963 1589 2045 lienique

319 2061 481 2146 ἐντεύξεις
503 2085 529 2128 ε.
554 2059 703 2148 αἰτήσεις
725 2064 958 2145 pronuntiantur
980 2063 1074 2126 sacris
1096 2063 1185 2125 donis
1208 2084 1224 2126 e
1247 2063 1382 2144 prothesi
1398 2059 1431 2126 'in
1448 2083 1528 2126 aram
1543 2066 1589 2127 de·

320 2170 449 2254 portatis
472 2179 503 2233 et
524 2187 558 2229 ea
582 2167 620 2228 de
642 2169 734 2228 causa
756 2165 907 2230 Diaconus
929 2165 1038 2227 iterum
1061 2166 1228 2244 iterumque
1252 2165 1404 2228 hortatur:
1429 2161 1523 2249 παρὰ
1536 2169 1589 2229 τοῦ

322 2264 447 2354 Κυρίου
477 2260 707 2354 αἰτησαίμεθα.
751 2266 1069 2330 nontamen-sturm
1089 2285 1120 2346 p.
1136 2269 1194 2329 22:
1230 2265 1423 2342 ,λλπλεκτα
1452 2275 1521 2332 tritt
1540 2269 1589 2331 der

319 2371 437 2436 Dincoo
469 2391 539 2433 sum
570 2369 660 2433 Velle
693 2369 815 2442 hiaena,
841 2387 874 2431 ee
907 2368 1139 2448 desuescentem
1171 2387 1242 2430 zum
1273 2368 1376 2431 Gehete
1409 2371 1461 2432 dec
1483 2369 1587 2432 Ηανκ.

321 2475 401 2536 dher
422 2472 515 2534 schoa
536 2471 613 2552 pelio
635 2470 827 2534 dieselh'tten
848 2469 932 2534 nicht
952 2469 1039 2531 mehr
1061 2471 1122 2549 aas
1139 2470 1270 2532 irdt'cehe
1291 2471 1355 2534 ond
1376 2470 1589 2552 zer'tlicheSep-

321 2592 459 2654 nuapeo,
494 2571 627 2634 conderet
660 2574 721 2651 nus
748 2569 903 2652 peistiiche
930 2569 995 2633 aad
1022 2570 1214 2633 himmh'sche.
1258 2571 1303 2632 llr
1318 2571 1407 2652 'steht
1435 2591 1487 2634 nm
1513 2579 1589 2635 eines

321 2672 531 2752 Schutzenpel,
554 2692 606 2734 αοι
629 2673 692 2749 dos,
716 2691 778 2734 roos
800 2671 1237 2752 petondntttah‘chiatfdr
1259 2672 1420 2746 dieSee1e‚
1451 2694 1502 2737 υοι
1526 2674 1588 2736 Ver-

321 2778 436 2857 peduug
464 2775 518 2836 der
540 2772 672 2846 Sotaden,
700 2793 751 2835 αοι
774 2771 872 2836 Fried'
901 2775 967 2836 und
987 2773 1071 2838 uate
1092 2779 1125 2836 io
1148 2775 1255 2838 diesem
1277 2773 1372 2836 leden
1394 2777 1460 2839 ond
1480 2796 1528 2838 um
1547 2779 1589 2838 ein

321 2891 407 2958 potes
422 2877 505 2938 Ende
529 2874 681 2938 desselben
702 2877 766 2937 und
786 2885 856 2956 pote
870 2874 1118 2956 liechtserte'ponp
1128 2874 1130 2882 ’
1140 2877 1198 2936 dor
1213 2875 1277 2936 dem
1290 2875 1495 2954 surehthoren
1508 2876 1588 2939 nect-

325 2978 474 3044 terstuhle
500 2976 647 3066 Christa’.“

325 3217 331 3224 ,
410 3147 608 3230 θευλΧλΙΙ.
632 3146 810 3208 Osculum
826 3147 950 3208 Pacis.
973 3145 1198 3226 Symbolum.
1217 3143 1587 3226 Optimeilubrioistaeex·

324 3259 451 3332 ponunt,
476 3267 606 3330 quonam
622 3266 714 3310 sensu
731 3267 765 3308 ac
781 3247 910 3309 consilio
929 3247 1134 3327 expostuletur
1149 3247 1185 3308 ab
1202 3247 1328 3310 ecclesia
1345 3247 1482 3310 osculum
1498 3249 1587 3329 pacis:

322 3345 457 3436 Ἐπειδὴ
480 3345 566 3413 κατά
587 3344 625 3414 τὸ
647 3349 771 3424 Σκεῦας
791 3340 873 3412 αὐτὸ
894 3350 954 3431 τής
966 3340 1119 3432 Ἐκλογής
1136 3342 1178 3412 α’.
1196 3343 1283 3432 πρὸς
1297 3349 1442 3430 ltaque.
1455 3343 1507 3433 ιγ’.
1525 3342 1589 3414 Ἐάν

325 3455 400 3534 ταῖς
410 3445 576 3535 γλώσσαις
585 3453 651 3514 τῶν
660 3442 852 3532 ἀνθρώπων
863 3446 964 3526 λαλῶ,
975 3444 1032 3512 καί
1041 3452 1106 3512 τῶν
1118 3442 1342 3533 άγγίλοιν,,καλ
1357 3445 1416 3522 ἐὰν
1430 3443 1495 3529 ἔχω
1516 3472 1590 3532 προ-

327 3548 476 3640 φητείαν,
498 3547 555 3616 καὶ
569 3544 650 3616 εἴδω
664 3547 707 3614 τὰ
721 3543 904 3634 Μυστήρια
919 3544 1040 3628 πάντα,
1056 3547 1113 3616 καὶ
1127 3553 1240 3614 πᾶσαν
1254 3546 1313 3635 τήν
1327 3552 1457 3633 γνῶσιν,
1473 3549 1528 3617 καὶ
1542 3547 1589 3616 ἐὰν

324 3649 393 3734 ἔχω
406 3655 519 3738 πᾶσαν
532 3648 592 3738 τήν
605 3645 729 3730 πίστιν,
744 3645 826 3729 deva
841 3643 900 3738 ὅρη
912 3644 1139 3733 μεθιστάνειν,
1156 3644 1286 3736 ἀγάπην
1301 3647 1397 3736 δὲμὴ
1415 3645 1490 3731 ἔχω,
1505 3647 1589 3718 οὐδέν

329 3749 410 3844 εἶμι.
434 3757 464 3819 Γ
462 3751 560 3837 ίγονα
579 3750 699 3834 χαλκὸς
719 3747 816 3838 ήχῶν.
838 3749 953 3838 Χοιρὶς
972 3749 1031 3838 τήν
1048 3746 1179 3840 ἀγάπην
1191 3747 1321 3834 ματαία
1335 3743 1421 3818 εἶναι
1435 3748 1455 3838 ή
1471 3750 1589 3829 Πίοτις,

317 3849 457 3940 ’ματαία
477 3848 690 3940 ήΠροςευχὴ,
713 3849 841 3936 ματαία
863 3847 908 3931 ὡς
928 3850 1015 3937 πρὸς
1035 3847 1123 3939 ήμᾶς
1142 3847 1386 3939 ήΕὐχαριστία.
1408 3849 1497 3944 Είχῇ
1513 3852 1589 3940 (iup-

328 3951 452 4041 μείωοε
474 3953 531 4020 διὰ
552 3959 652 4019 τοῦτο
672 3953 730 4020 καί
751 3949 984 4039 inundemus
998 3958 1086 4042 Κεφ.
1107 3951 1176 4032 κε’.)
1198 3953 1254 4020 καὶ
1274 3959 1315 4042 τῇ
1340 3953 1428 4042 πρὸς
1441 3951 1589 4044 ἀλλήλους

325 4049 454 4146 ἵάγάπη,
469 4054 537 4122 ’καί
565 4060 605 4142 τῇ
631 4050 793 4146 ὁμολογίᾳ
820 4061 878 4144 τής
898 4052 1052 4134 Πίστεως
1077 4049 1233 4142 ὃἹερείς
1261 4051 1378 4122 ἑαυτὸν
1406 4051 1587 4144 εὐτρεπίζει,

327 4146 386 4240 καὶ
407 4155 494 4243 πρὸς
514 4153 573 4244 τήν
584 4151 783 4242 Ἱερουργίαν
798 4155 1044 4242 κατασκευάζει,
1066 4155 1123 4226 καὶ
1138 4154 1313 4244 διατίθησι
1326 4155 1414 4245 πρὸς
1427 4157 1486 4246 τήν
1496 4153 1588 4241 χάριν.

327 4255 570 4347 Ἀγαπήσοιμεν
591 4253 765 4345 ἀλλήλους.
794 4256 909 4337 Πολὺς
930 4249 1009 4346 ήτον
1030 4256 1223 4326 παλαιόθεν
1244 4255 1262 4324 ὁ
1281 4253 1488 4343 Ἀσπασμὸς,
1514 4254 1588 4325 ὀποῦ

328 4357 469 4438 ταύταις
479 4365 554 4438 ταῖς
565 4357 668 4444 ὥραις
679 4351 822 4444 ἓγίνετον
837 4356 886 4438 είς
899 4359 959 4444 τήν
968 4356 1166 4448 Ἐκκλησίαν.
1186 4355 1411 4440 ’Λσπαζέυθιυ
1423 4355 1441 4427 ὃ
1452 4355 1588 4426 Ἐπίσιο·

330 4485 398 4541 πος
411 4461 470 4549 τήν
482 4457 672 4549 Ἐκκλησίαν
685 4459 742 4527 καὶ
754 4459 891 4546 λεγέτω·
911 4458 957 4527 Ἡ
969 4459 1078 4550 εἰρήνη
1090 4467 1150 4527 τοῦ
1164 4465 1252 4529 Θεοῦ
1260 4460 1345 4545 μετὰ
1356 4458 1491 4527 πάντων
1501 4456 1587 4546 ὑμῶν.

329 4561 401 4630 etot
423 4559 693 4644 άσπαζίσθωσαν
714 4558 747 4629 oi
768 4565 828 4630 τοῦ
850 4559 984 4651 Κλήρου
1006 4561 1065 4629 τὸν
1077 4557 1290 4644 Ἐπίσκοπον,
1313 4555 1348 4630 oi
1362 4560 1472 4630 λαΐκοί
1485 4555 1586 4645 ἄνδρες

329 4660 408 4740 τοὺς
419 4663 566 4756 λαίὐισίνς,Ι
580 4659 615 4732 αλ
626 4667 775 4755 γυναῖκες
785 4663 845 4746 τὰς
855 4663 1020 4764 γυναῖκας.
1041 4660 1254 4754 Διαβάζομεν
1264 4659 1313 4748 είς
1322 4661 1361 4746 τὸ
1372 4660 1415 4754 η’.
1423 4657 1586 4746 'adsiduo-
