3394 5308
958 422 1007 496 74

344 613 500 706 Χριστῷ
533 604 726 692 διακονίας
756 604 822 682 καὶ
853 603 1073 704 ὑπηρεσίας,
1104 602 1245 689 παντὸς
1275 611 1345 680 τοῦ
1378 599 1627 702 πληρώματος

344 717 409 807 τῆς
432 705 631 885 ἐκκλησίρις
663 706 875 806 δεηθῶμεν,
908 707 1008 792 ὅπως
1040 705 1060 782 ἀ
1091 702 1219 806 κύριος
1249 701 1395 791 πάντας
1418 703 1626 805 διατηρήσῃ

343 810 409 886 καὶ
458 835 497 889 ια
554 813 656 906 λαξη.
916 833 919 841 “
1479 847 1481 852 ·

416 839 734 1012 ‘himetandam
757 911 822 986 καὶ
846 918 924 986 τῶν
949 911 991 986 ἐν
1015 908 1179 1008 ὑπεροχῇ
1206 908 1419 1007 δεηθῶμεν,
1443 910 1509 986 ἵνα
1526 913 1627 1007 εἰρη-

343 1010 529 1090 νεύιονται
552 1012 600 1090 τὰ
626 1010 718 1112 πρὸς
741 1011 840 1109 ἡμᾶς
865 1011 965 1096 ὅπως
988 1009 1128 1112 ἤρεμον
1152 1010 1216 1088 καὶ
1240 1006 1397 1110 ἡσύχιον
1412 1009 1502 1108 βίον
1518 1012 1627 1108 ἔχον-

344 1143 404 1200 τες
428 1111 620 1219 διάγωμεν
645 1117 687 1190 ἐν
711 1113 813 1211 πάσῃ
839 1111 1008 1212 εὐσεβείᾳ
1033 1112 1098 1189 καὶ
1122 1109 1328 1211 σεμνότητι.

425 1223 511 1294 Τοῦτ
543 1215 664 1318 ἀγίων
695 1210 902 1315 μαρτύρων
933 1210 1273 1313 μνημονεύσωμεν,
1314 1212 1414 1300 ὅπως
1447 1215 1628 1290 κοινωνοὶ

341 1320 522 1422 γενέσθαι
546 1327 611 1416 τῆς
636 1315 831 1416 ἀθλήσεως
856 1317 985 1394 αὐτῶν
1007 1319 1316 1414 καταξιωθιῦμεν.

415 1418 521 1519 Ὑπὲρ
546 1427 626 1496 τῶν
650 1422 692 1496 ἐκ
716 1418 836 1495 πίστει
861 1418 1201 1514 ἀναπαυσαμένων.

413 1520 426 1550 ‘
453 1520 521 1621 πὲρ
546 1529 611 1618 τῆς
635 1520 835 1622 εὐκρασίας
857 1528 937 1596 τῶν
960 1520 1083 1619 ἀέρων
1100 1519 1164 1595 καὶ
1179 1518 1413 1619 τελεςφορίας
1434 1527 1515 1594 τῶν
1529 1547 1627 1620 καρ-

341 1631 428 1699 πῶν
453 1622 664 1722 δεηθῶμεν.

416 1723 521 1824 Ὑπὲρ
553 1731 632 1799 τῶν
662 1721 927 1823 νεοφωτίστων
958 1721 1178 1822 δεηθιῦμεν,
1219 1721 1318 1804 ὅπως
1349 1722 1627 1820 βεβαιωθῶοιν

342 1828 384 1903 ἐν
408 1834 457 1952 ‘di
481 1823 599 1901 πίστει
624 1821 760 1910 πάντες
785 1823 851 1900 ὑπ’
882 1825 1006 1901 ἀλλων
1035 1823 1395 1924 παρακαλέσθωσαν.
1440 1819 1628 1922 Ἀνοίστη-

340 1952 412 2004 σον.
435 1935 534 2024 ημᾶς
560 1924 579 2004 ὅ
606 1926 696 2012 θεὸς
721 1929 762 2004 ἐν
786 1934 832 2022 τῇ
852 1923 984 2026 χάριτί
1008 1950 1096 2002 σοῦ’
1131 1921 1361 2010 ἀναστάντες
1385 1925 1541 2010 ἑαυτοὺς
1566 1933 1625 2024 τῷ

334 2032 424 2105 ,θεῶ
448 2027 514 2104 διά
540 2037 619 2117 τοῦΙ
633 2033 804 2124 Χριστοῦ
831 2029 949 2104 αὐτοῦ
974 2024 1306 2127 nepa-imponam

420 2129 528 2206 XVH.
570 2141 674 2212 Καὶδ
690 2139 879 2223 ἐπίσκοπος
892 2141 1030 2231 λεγέτω·
1066 2127 1087 2203 ἀ
1114 2127 1204 2213 θεὸς
1229 2128 1249 2203 ὃ
1274 2128 1392 2231 μέγας
1415 2127 1479 2204 καὶ
1503 2153 1626 2231 μεγα-

341 2229 525 2330 λαίνυμος,
553 2230 572 2304 ὃ
597 2231 713 2331 μέγας
737 2237 783 2326 τῇ
808 2231 928 2336 βουλῇ
954 2229 1018 2304 καὶ
1042 2229 1217 2327 κραταιὸς
1241 2236 1319 2332 τοῖς
1344 2232 1463 2334 ἔργοις
1495 2249 1624 2326 (terem.

340 2354 482 2431 32,19),
523 2331 542 2406 ὁ
577 2330 666 2416 θεὸς
690 2330 755 2406 καὶ
779 2330 899 2430 πατὴρ
925 2339 993 2407 τοῦ
1019 2329 1289 2433 ἀγίου·παιδός
1315 2356 1384 2408 σου
1403 2334 1525 2430 Ἰησοῦ
1551 2339 1626 2406 τοῦ

343 2442 509 2536 σωτῆρος
532 2433 642 2530 ἡμῶν
666 2431 870 2532 ἐπίβλειμον
888 2433 955 2533 ἀφ’
984 2432 1083 2531 ἡμᾶς
1107 2432 1172 2510 καὶ
1195 2433 1255 2508 ἐπὶ
1279 2433 1323 2510 τὸ
1349 2429 1524 2529 ποίμνιόν
1550 2457 1625 2515 σου

343 2543 469 2627 τοῦτο,
496 2535 516 2611 ὃ
543 2535 594 2614 δι’
625 2535 745 2612 αὐτοῦ
764 2532 915 2624 ,ἐξελέξω
941 2539 993 2619 εἷς
1016 2531 1133 2622 δόξαν
1158 2543 1226 2610 τοῦ
1253 2531 1437 2633 ὀνόματός
1462 2558 1531 2610 σου
1556 2535 1627 2627 καὶ

343 2635 502 2740 ’ἀγιάσας
533 2636 644 2735 ἡμῶν
674 2636 718 2711 τὸ
752 2643 863 2733 σῶμα
895 2637 959 2711 καὶ
990 2637 1060 2734 τὴν
1084 2635 1212 2737 ψυχὴν
1236 2635 1469 2722 καταξίωσον
1494 2639 1628 2711 καθα-

342 2739 432 2837 ρούς
463 2738 687 2842 γενομένους
714 2735 788 2813 ἀπὸ
814 2736 954 2823 παντὸς
978 2746 1176 2836 μολυσμοῦ
1202 2738 1339 2837 σαρκὸς
1363 2737 1428 2814 καὶ
1452 2735 1627 2830 πνεύμα-

342 2871 405 2926 τος
429 2861 461 2938 (2
470 2859 538 2922 Cor.
554 2863 584 2934 7,
602 2864 646 2938 1),
671 2845 798 2936 τυχεῖν
821 2847 902 2916 τῶν
925 2841 1178 2938 προκειμένων
1203 2841 1368 2943 ἀγαθῶν
1391 2838 1455 2916 καὶ
1475 2838 1625 2937 μηδένα

341 2943 451 3041 ἡμῶν
476 2938 631 3027 ἀνάξων
655 2941 795 3038 κρίνῃς,
809 2941 914 3016 -ἀλλά
932 2943 1078 3039 βοηθὸς
1092 2941 1202 3041 ἡμῶν
1218 2951 1344 3044 γενοῦ,
1371 2937 1623 3041 άντιλήπτωρ,

341 3043 615 3144 ὑπερασπιστὴς
645 3042 710 3118 διά
745 3050 814 3118 τοῦ
839 3047 1008 3142 Χριστοῦ
1035 3069 1117 3132 σου,
1143 3044 1235 3142 μεθ’
1266 3037 1312 3119 οὗ
1337 3067 1396 3119 σοι
1420 3040 1528 3133 δόξα,
1564 3071 1624 3117 τι-

343 3145 408 3245 μὴ,
443 3145 558 3234 αἶνος,
593 3143 800 3248 δοξολογία,
828 3144 1042 3244 εὐχαριστία
1067 3146 1210 3244 καὶτῷ
1237 3144 1334 3248 ἀγίῳ
1360 3141 1626 3241 πνεύματιελς

342 3251 430 3334 τούς
455 3251 613 3332 αἰῶνας·
641 3244 786 3358 ἀ,ωήν.Ἷ

429 3504 453 3565 1)
472 3505 519 3554 iiss
538 3519 623 3569 preces
640 3505 719 3568 qnsrti
737 3503 828 3556 ssoonii
846 3505 937 3557 ioetnm
950 3503 979 3553 'et
997 3504 1026 3553 sb
1045 3504 1087 3554 ilio
1106 3505 1211 3556 adiectos
1225 3506 1389 3566 existimarim,
1408 3506 1449 3570 qni
1458 3505 1621 3556 Constitutio-

345 3603 389 3639 nee
407 3587 506 3651 digessit
530 3595 600 3651 stqne
619 3588 745 3652 disposuit
783 3589 844 3639 Fere
862 3590 945 3640 endem
964 3596 1094 3652 precentur
1111 3597 1183 3654 etque
1202 3605 1263 3656 qnos
1280 3605 1354 3655 eopse
1371 3587 1460 3654 legitor
1476 3591 1556 3642 ontio
1574 3605 1621 3642 osc

343 3671 422 3724 insilis
446 3680 483 3724 set
507 3672 591 3722 hornen
618 3687 717 3736 precum
742 3680 765 3722 et
790 3673 899 3738 expedite
922 3672 1051 3723 distinctio.
1085 3675 1182 3726 insedit
1205 3675 1269 3740 qnod
1294 3675 1377 3726 eedem
1404 3677 1508 3726 recurrit
1525 3677 1620 3727 orontis

342 3769 464 3822 persons:
482 3769 530 3805 non
549 3758 636 3820 repetit
645 3755 780 3824 Episcopus
799 3757 981 3822 depreostinnes
999 3757 1041 3807 sed
1052 3757 1172 3810 Disconns
1190 3761 1315 3824 utriusque
1334 3760 1450 3810 orationis
1468 3767 1555 3810 suctos
1573 3769 1622 3811 eet.

342 3839 451 3906 Iisniqne
478 3839 582 3891 seonnds
607 3839 843 3905 iiio-deprecatione
866 3843 954 3892 misere
973 3841 1083 3892 turbetur
1100 3857 1181 3893 rernm
1200 3841 1261 3893 ordo
1279 3858 1307 3894 se
1325 3845 1410 3893 series.
1447 3843 1533 3894 Pacem
1553 3847 1622 3896 enim

343 3925 424 3978 dstttn
447 3939 546 3990 semper
568 3933 592 3974 et
619 3924 708 3992 nhiqne
731 3927 841 3992 sequitur
858 3925 1010 3978 communio.
1046 3926 1230 3977 Rheiowsid
1250 3926 1299 3978 in
1317 3943 1342 3993 p.
1352 3927 1417 3978 367:
1443 3927 1519 3990 „iiier
1537 3929 1622 3981 haben

343 4011 382 4063 die
400 4011 484 4061 Consi.
506 4008 596 4059 wieder
618 4011 675 4060 mei
700 4010 775 4061 donch
800 4010 847 4061 den
865 4010 1249 4082 biseioiiiehenSegenewnnsch
1268 4011 1417 4076 eingeieitete
1435 4013 1534 4064 cenete.
1570 4013 1622 4066 Des

342 4096 396 4146 eine
414 4094 545 4158 (serwsndt
562 4095 605 4145 mit
623 4095 677 4145 dem
695 4093 917 4158 torherpehenden)
934 4096 967 4145 ist
985 4095 1039 4146 dem
1058 4095 1156 4156 Biston,
1173 4093 1219 4152 des
1237 4095 1326 4147 endere
1344 4097 1399 4148 dem
1416 4095 1517 4147 iiiechoi
1532 4097 1621 4160 beige-

342 4179 399 4241 tegi.
434 4179 475 4230 Sie
493 4175 548 4229 sind
565 4179 618 4230 hier
636 4179 706 4230 sisne
718 4179 823 4245 pssseod
842 4177 1014 4242 singescheitet
1032 4178 1082 4232 ond
1099 4178 1186 4231 steiien
1204 4179 1267 4230 nont
1287 4181 1324 4231 dis
1342 4181 1622 4245 tonsorios-epange-

341 4277 390 4314 nen
407 4246 551 4315 insenuisse
566 4263 646 4315 dieser
663 4261 908 4326 Abendmshiiitnrgie
925 4265 950 4314 in
968 4263 1012 4314 der
1029 4263 1067 4314 λοι
1085 4263 1168 4326 ἰιςιοὰ
1185 4265 1256 4315 einen
1274 4265 1558 4322 tironiiohsnGebrsneh
1573 4269 1620 4317 eb-

342 4347 472 4411 gekitseten
490 4348 582 4401 Geetsit
599 4348 669 4399 der.“
704 4349 775 4399 iieets
792 4348 818 4398 V.
836 4349 864 4398 D.
882 4350 959 4398 sensit
976 4348 1109 4403 orationem
1127 4349 1230 4412 primsm
1247 4350 1462 4412 inconvenientem,
1481 4350 1567 4415 ispsus
1581 4363 1621 4403 est

343 4431 368 4482 in
392 4421 676 4492 seconde-tinitonis.
712 4433 771 4484 Nem
790 4433 896 4483 omoinm
915 4433 966 4482 iere
984 4433 1137 4496 iitnsgismm
1154 4435 1324 4498 estproximo
1342 4441 1396 4486 ente
1414 4435 1620 4491 commonionem

341 4515 418 4566 Deum
435 4513 550 4569 brevibus
565 4531 703 4583 exposcens«
714 4517 810 4580 dignam
828 4518 974 4568 escnmenti
990 4519 1162 4582 sumptionem.

379 4622 385 4633 ·
427 4599 453 4660 2)
476 4599 608 4663 dngne'ti
626 4602 643 4652 Ι.
655 4618 676 4653 ο.
694 4599 794 4670 ῌλῦς
819 4601 974 4664 „Aufidiend
997 4603 1029 4652 ist
1046 4602 1161 4673 ταῦτα
1179 4602 1218 4654 die
1236 4603 1262 4654 C.
1279 4606 1305 4655 A.
1323 4603 1361 4654 bei
1380 4604 1424 4654 der
1441 4603 1619 4678 Consecmtion

341 4683 472 4736 desistet
490 4685 567 4736 Uneer
590 4687 655 4736 nicht
679 4687 815 4736 ermonem
842 4684 903 4738 ,nan
921 4685 994 4736 soilte
1012 4699 1047 4750 es,
1065 4686 1102 4738 sie
1121 4689 1158 4739 ein
1177 4687 1245 4739 t'teit
1264 4688 1307 4740 der
1323 4687 1453 4754 Disciplina
1470 4689 1554 4740 esseni
1573 4704 1618 4753 ςε-
