3314 5304
687 415 761 489 285

93 611 188 668 eratus
210 609 241 664 et
262 601 467 664 sanctificatus
489 599 721 666 distribueretur
742 611 773 664 et
793 599 963 664 sumeretur
976 590 1184 665 ἀκολουθίαν
1196 605 1263 668 τῶν
1275 625 1363 692 αρσ-

93 696 295 792 ηγιασμένιον
320 703 381 788 τῆς
406 693 505 787 ἁγίας
534 703 804 788 τεσσαρακοστῆς
826 701 1016 766 denominari
1051 713 1222 767 sanxerunt.
1266 707 1362 789 litque

93 808 130 869 ita
155 823 215 868 non
244 822 322 867 nora
351 804 482 884 primum
510 803 578 866 eine
604 803 755 868 institutio
786 804 817 866 in
837 803 953 884 synodi
974 803 1133 868 Trullanae
1155 825 1220 869 can.
1243 810 1284 875 52
1306 810 1362 873 sed

94 906 214 980 instituti
235 906 299 970 iam
317 905 395 968 ritus
416 923 559 987 premens
580 905 676 985 magis
698 915 729 970 et
742 904 847 969 sedula
862 905 1082 970 commendatio
1097 906 1221 986 legitur:
1243 902 1279 972 ἐν
1293 902 1363 972 noi-

92 1027 162 1083 σοις
180 1007 261 1082 ταῖς
277 1007 338 1091 τῆς
359 997 456 1089 ἁγίας
476 1009 742 1091 τεσσαρακοστῆς
760 1007 827 1070 τῶν
848 1007 1005 1092 νηστειῶν
1024 998 1176 1091 ἡμέραις,
1202 1005 1363 1094 rumpenda

93 1101 258 1190 σαββάτου
288 1102 347 1172 καί
366 1109 525 1192 evomes
545 1103 603 1172 καὶ
622 1109 683 1192 τῆς
703 1099 801 1191 ἁγίας
820 1108 881 1172 τοῦ
903 1099 999 1190 ἁγίου
1020 1099 1259 1192 εὖσγγελισμοῦ
1279 1103 1363 1194 ἡμί-

93 1231 157 1290 ρας,
181 1201 335 1293 γενέσθω
363 1200 383 1292 ἡ
411 1209 478 1272 τῶν
504 1205 781 1296 προηγιασριένοιν
808 1202 1034 1292 λειτουργία.’)
1079 1210 1117 1272 tn
1137 1229 1216 1277 nunc
1238 1220 1286 1274 est
1306 1213 1362 1276 Sa·

93 1313 191 1376 cardos
214 1312 246 1376 in
260 1310 431 1374 Dominicis
448 1309 702 1393 Quadragesimae
723 1311 879 1376 celebrans
898 1318 1041 1374 venturae
1062 1311 1262 1376 hebdomadis
1284 1313 1361 1391 dies,

95 1413 194 1494 ptihna
222 1411 428 1476 celebraturus
451 1423 508 1487 eat,
535 1411 638 1492 digitis
660 1413 723 1476 auis
746 1422 898 1488 numerat3
926 1411 998 1476 inde
1021 1421 1066 1476 tot
1087 1414 1249 1494 particulas
1269 1416 1360 1497 pasis

93 1514 292 1578 inoblatiene
313 1513 453 1590 abscidit,
475 1523 549 1594 quet
562 1515 670 1580 blissas
692 1515 826 1588 dicturus
848 1524 906 1587 est.
928 1532 979 1578 eas
1002 1531 1069 1576 cum
1092 1515 1241 1595 particula
1260 1517 1360 1582 codic

93 1615 269 1682 absumenda
299 1623 458 1680 consecrat
484 1623 515 1678 et
541 1627 752 1690 consecratas,
774 1615 992 1696 sanguineque
1020 1615 1179 1680 hominico
1206 1617 1361 1694 intinctae.

93 1717 130 1784 ni
159 1717 256 1782 moris
289 1723 346 1792 est,
378 1725 537 1780 conseruat
564 1716 595 1778 in
627 1715 743 1796 pyxide.
785 1716 829 1778 lix
857 1717 915 1779 hac
941 1718 1133 1798 postmodum
1155 1719 1361 1808 celebraturus

93 1827 220 1900 tempore
242 1825 414 1899 opportune
437 1817 599 1892 cochleari,
621 1817 689 1879 aliis
710 1817 751 1880 ibi
774 1818 811 1892 ad
833 1816 924 1880 alium
946 1837 1034 1882 usum
1057 1819 1182 1896 relictis,
1209 1821 1310 1884 haurit
1331 1829 1362 1892 ot

94 1919 222 1983 indiscc
246 1920 368 2000 reponit
389 1927 419 1982 et
440 1919 472 1982 in
494 1919 587 1983 attare
608 1917 706 1981 mains
729 1919 881 1982 adnectam
904 1919 1064 1983 consumit
1107 1921 1215 1983 Notum
1231 1931 1287 1997 est,
1310 1940 1360 1985 ee·

93 2021 205 2086 elesiam
227 2021 366 2083 Latinam
388 2019 661 2084 Praeaanctilieatis
683 2019 725 2081 uti
747 2029 861 2083 tantum
884 2021 916 2083 in
938 2021 1014 2083 ieria
1035 2029 1117 2084 sexte
1139 2022 1333 2086 Parasceues.

168 2123 296 2186 Herae
319 2121 538 2185 Canonicae
560 2120 640 2204 apud
661 2121 841 2206 vetustiores
855 2121 1018 2186 blonaches
1042 2123 1164 2186 eaedem
1186 2133 1255 2185 sunt
1269 2132 1360 2205 etque
1410 2195 1414 2206 ,

94 2225 161 2304 npud
183 2223 399 2297 occidentales,
421 2225 581 2304 vesperae,
604 2223 848 2304 completorium,
876 2224 1064 2299 bisintinum,
1092 2224 1220 2298 Laudes,
1249 2226 1362 2302 Prima,

94 2324 195 2401 Tertia,
230 2325 331 2397 Serta,
352 2325 449 2388 Nona.
492 2326 530 2386 nt
549 2334 655 2406 postea
677 2324 852 2386 hominihus
875 2325 1044 2388 oiiiciomm
1067 2324 1233 2389 divinorum
1255 2327 1361 2391 obser·

93 2426 271 2490 vantissimie
298 2444 396 2506 neque
426 2425 476 2489 illa
503 2444 628 2506 precum
660 2424 782 2488 ubertas
805 2426 967 2488 satisfecit:
997 2426 1204 2506 excogitarunt
1235 2428 1359 2494 horulas

93 2529 206 2602 medias,
224 2520 387 2612 μεσοίρια,
409 2527 528 2609 positas
554 2527 633 2590 inter
653 2527 745 2589 horas
767 2526 911 2600 minores,
933 2527 1034 2608 itaque
1056 2527 1219 2591 duodecies
1241 2529 1275 2592 in
1294 2529 1360 2593 lau·

95 2627 171 2692 dibus
194 2628 308 2691 dirime
331 2629 470 2712 occupati
492 2637 588 2691 crant.
618 2627 736 2690 liabent
758 2627 849 2706 igitur
873 2631 901 2692 1.
921 2619 1164 2713 Ἑσπερινόν
1184 2631 1357 2712 (vesperas)

94 2731 190 2810 qubus
220 2749 318 2812 aeque
340 2737 429 2811 atque
450 2730 550 2793 Latini
572 2730 712 2793 Oilicium
735 2728 958 2792 flaminicarum
980 2738 1010 2792 et
1032 2732 1176 2794 festorum
1199 2731 1360 2814 incipiunt.

94 2833 120 2894 1.
134 2823 416 2896 Ἀπόὰειπνον
437 2830 707 2913 (completorium).
750 2834 782 2897 3.
813 2824 1128 2896 Μεσονοκτικόν
1149 2832 1360 2914 (blatntinum).

93 2921 494 3018 4.Ὄρθρον(1.οαι1εε).
535 2937 567 2998 5.
598 2925 745 3018 Πρώτη
778 2925 861 3015 ὥρα
891 2933 1029 3011 (Prima).
1073 2936 1104 2998 6.
1136 2928 1361 3020 Μεσώριοε

94 3035 154 3116 τῆς
174 3027 341 3120 πρώτης
361 3026 477 3117 ὥρας.
513 3039 543 3100 ’1.
569 3027 693 3119 Τρίτη
715 3027 799 3117 ἁίρα
821 3035 957 3109 (Tertia).
988 3036 1018 3100 8.
1044 3027 1269 3119 Μεσοίριον
1288 3039 1362 3121 τῆς

95 3129 225 3220 τρίτης
246 3128 363 3218 ὥρας.
391 3138 422 3199 9.
442 3127 552 3220 ‘Eueni
576 3128 799 3220 e‘ipc(Serta).
832 3138 881 3200 10.
903 3126 1130 3218 Μεσιὰριον
1150 3135 1220 3220 τῆς
1241 3128 1361 3222 ἕντῆς

96 3225 199 3318 ἁρας.
247 3239 298 3300 11.
319 3227 482 3323 Ἐννὰτη
505 3229 588 3321 ὥρα
609 3235 730 3314 (Νοοε).
776 3238 827 3300 12.
848 3227 1075 3320 Μεσοίριον
1096 3235 1167 3321 τῆς
1188 3231 1360 3325 ἐννὰτης

95 3327 231 3420 ‘lessi
917 3398 920 3411 1

168 3439 394 3518 ileirigeecente
422 3439 543 3520 pietatis
573 3440 690 3504 iervore
717 3439 794 3502 haec
820 3438 918 3502 officia
947 3446 978 3500 et
1006 3437 1039 3500 in
1060 3438 1253 3504 monasteriis
1275 3449 1306 3503 ot
1327 3439 1361 3504 in

95 3539 222 3604 ecelesiis
252 3539 474 3603 cathedralibus
501 3541 543 3604 ite
576 3541 788 3622 persolvuntur
814 3550 848 3603 ut
873 3539 959 3601 trina*
979 3538 1106 3620 prodeat
1134 3539 1232 3603 cultus
1260 3542 1360 3622 qnoti-

97 3639 165 3704 diani
197 3641 333 3722 partitio.
377 3642 557 3705 coalescunt
589 3641 669 3706 enim
701 3634 721 3726 'l
750 3633 865 3726 ἐννὰτη
896 3633 977 3726 ὥρα,
1009 3634 1049 3704 τὸ
1072 3631 1247 3725 ἑσπερινόν
1269 3655 1298 3704 et
1319 3638 1358 3706 τὸ
1385 3673 1387 3678 ’

97 3733 294 3808 desiderares
326 3762 392 3806 cum
420 3743 558 3806 blesoriis
591 3744 623 3806 in
656 3762 748 3806 unum
776 3743 909 3805 cilicium
938 3741 1215 3823 vespertinum.
1260 3743 1360 3808 Simili

97 3844 201 3908 ratione
222 3840 263 3910 τὸ
282 3837 527 3928 μεσονοκτικόν,
554 3839 593 3910 τὸ
614 3833 752 3929 ὄρθρον,
773 3837 793 3931 ἧ
816 3837 932 3929 πρώτη
955 3835 1026 3924 ὥρα
1048 3860 1115 3906 cum
1137 3845 1267 3926 blesorio
1289 3864 1360 3926 pre-

98 3963 142 4008 ces
160 3947 295 4010 efficiunt
316 3959 526 4010 nocturnas
546 3948 593 4009 sel
614 3948 833 4010 matutinas.
861 3945 998 4024 Denique
1013 3937 1084 4031 dlpp
1097 3937 1201 4032 τρίτη,
1222 3947 1262 4030 τῇ
1275 3947 1360 4031 &sip

96 4039 274 4134 ίειτοοργιᾴ
305 4048 506 4127 (Sacrificium
527 4048 739 4125 eucharistiae)
761 4056 792 4108 et
813 4039 884 4133 ὥρᾳ
906 4037 1022 4131 &adep
1044 4064 1112 4108 cum
1134 4046 1263 4108 bleserio
1286 4061 1359 4108 con-

101 4156 153 4210 stat
172 4149 349 4212 cilicium
373 4150 598 4214 matutinum
619 4149 852 4229 principale.
884 4146 1038 4212 Ecclesiae
1059 4145 1249 4226 parochiales
1270 4163 1358 4226 prae·

177 4403 199 4465 l)
225 4405 308 4456 Gerr
324 4419 350 4470 p.
363 4405 420 4457 105.
453 4403 592 4456 dilutius
617 4403 647 4456 de
674 4403 745 4454 ilisa·
770 4403 1034 4454 Praeeauatiiicatorom
1061 4398 1125 4464 epod
1143 4399 1255 4450 Greecos.
1291 4397 1360 4460 tl’oet

99 4483 177 4538 librom
193 4487 223 4540 de
241 4497 333 4554 perpet
352 4491 411 4543 ecel.
429 4505 466 4542 or.
484 4497 509 4543 et
525 4489 603 4542 occid.
620 4489 780 4540 consensione
799 4486 884 4538 Coton.
904 4486 969 4539 1618
988 4501 1011 4550 p.
1024 4482 1199 4537 ibit-1606.

174 4587 198 4648 1)
225 4589 255 4640 lit
272 4596 355 4641 namet
372 4589 504 4654 llinpins
522 4589 538 4640 l.
555 4607 576 4641 e.
594 4605 619 4656 p.
635 4589 669 4640 lb
692 4589 795 4640 ecelesia
812 4589 913 4641 itosslre
935 4589 1029 4650 ignoret
1052 4579 1085 4634 τὰ
1101 4576 1237 4652 praccipio,
1261 4593 1359 4652 excepte

99 4667 240 4726 bebdomada
258 4683 314 4726 sete
331 4675 479 4727 idoneitatem
497 4675 601 4726 bomini.
