<?xml version="1.0" encoding="UTF-8"?>
<!DOCTYPE html PUBLIC "-//W3C//DTD XHTML 1.0 Transitional//EN"
    "http://www.w3.org/TR/xhtml1/DTD/xhtml1-transitional.dtd">
<html xmlns="http://www.w3.org/1999/xhtml" xml:lang="en" lang="en">
 <head>
  <title>
</title>
<meta http-equiv="Content-Type" content="text/html;charset=utf-8" />
  <meta name='ocr-system' content='tesseract 3.04.00' />
  <meta name='ocr-capabilities' content='ocr_page ocr_carea ocr_par ocr_line ocrx_word'/>
</head>
<body>
  <div class='ocr_page' id='page_1' title='image "./codexliturgicus04danigoog/codexliturgicus04danigoog_0608.png"; bbox 0 0 3388 5304; ppageno 0'>
   <div class='ocr_carea' id='block_1_1' title="bbox 684 424 757 498">
    <p class='ocr_par' dir='ltr' id='par_1_1' title="bbox 684 424 757 498">
     <span class='ocr_line' id='line_1_1' title="bbox 684 424 757 498; baseline 0 0"><span class='ocrx_word' id='word_1_1' title='bbox 684 424 757 498; x_wconf 78' lang='lat'><strong><em>583</em></strong></span> 
     </span>
    </p>
   </div>
   <div class='ocr_carea' id='block_1_2' title="bbox 79 601 1452 3124">
    <p class='ocr_par' dir='ltr' id='par_1_2' title="bbox 79 601 1452 2112">
     <span class='ocr_line' id='line_1_2' title="bbox 79 601 1363 696; baseline 0.001 -20"><span class='ocrx_word' id='word_1_2' title='bbox 79 605 139 676; x_wconf 86' lang='grc' dir='ltr'><strong><em>καί</em></strong></span> <span class='ocrx_word' id='word_1_3' title='bbox 162 603 325 686; x_wconf 87' lang='grc' dir='ltr'><strong><em>είςελθιὸν</em></strong></span> <span class='ocrx_word' id='word_1_4' title='bbox 344 604 404 676; x_wconf 89' lang='grc' dir='ltr'><strong><em>τὸν</em></strong></span> <span class='ocrx_word' id='word_1_5' title='bbox 422 604 503 676; x_wconf 89' lang='grc' dir='ltr'><strong><em>ναὸν</em></strong></span> <span class='ocrx_word' id='word_1_6' title='bbox 522 603 579 677; x_wconf 82' lang='grc' dir='ltr'><strong><em>καί</em></strong></span> <span class='ocrx_word' id='word_1_7' title='bbox 599 604 638 674; x_wconf 92' lang='grc' dir='ltr'><strong><em>τὸ</em></strong></span> <span class='ocrx_word' id='word_1_8' title='bbox 652 610 750 676; x_wconf 81' lang='grc' dir='ltr'><strong><em>θεῖον</em></strong></span> <span class='ocrx_word' id='word_1_9' title='bbox 773 601 1027 696; x_wconf 84' lang='grc' dir='ltr'><strong><em>θυσιαστήριον,</em></strong></span> <span class='ocrx_word' id='word_1_10' title='bbox 1049 602 1287 696; x_wconf 77' lang='grc' dir='ltr'><strong><em>δπιτραχήλιον</em></strong></span> <span class='ocrx_word' id='word_1_11' title='bbox 1305 609 1363 677; x_wconf 84' lang='grc' dir='ltr'><strong><em>καί</em></strong></span> 
     </span>
     <span class='ocr_line' id='line_1_3' title="bbox 83 704 1452 797; baseline 0.002 -21"><span class='ocrx_word' id='word_1_12' title='bbox 83 704 284 797; x_wconf 78' lang='grc' dir='ltr'><strong><em>ἀμσφόριον</em></strong></span> <span class='ocrx_word' id='word_1_13' title='bbox 311 704 536 792; x_wconf 74' lang='grc' dir='ltr'><strong><em>περιτίθεται,</em></strong></span> <span class='ocrx_word' id='word_1_14' title='bbox 563 706 620 776; x_wconf 86' lang='grc' dir='ltr'><strong><em>καί</em></strong></span> <span class='ocrx_word' id='word_1_15' title='bbox 646 706 872 797; x_wconf 89' lang='grc' dir='ltr'><strong><em>θυμιατήριον</em></strong></span> <span class='ocrx_word' id='word_1_16' title='bbox 897 707 1025 793; x_wconf 79' lang='grc' dir='ltr'><strong><em>λαβὼν,</em></strong></span> <span class='ocrx_word' id='word_1_17' title='bbox 1052 707 1111 776; x_wconf 85' lang='grc' dir='ltr'><strong><em>καί</em></strong></span> <span class='ocrx_word' id='word_1_18' title='bbox 1137 710 1176 778; x_wconf 93' lang='grc' dir='ltr'><strong><em>τὸ</em></strong></span> <span class='ocrx_word' id='word_1_19' title='bbox 1204 707 1364 796; x_wconf 83' lang='grc' dir='ltr'><strong><em>θυμίαμα</em></strong></span> <span class='ocrx_word' id='word_1_20' title='bbox 1450 709 1452 713; x_wconf 65' lang='grc'><strong>’</strong></span> 
     </span>
     <span class='ocr_line' id='line_1_4' title="bbox 83 804 1363 899; baseline 0.003 -23"><span class='ocrx_word' id='word_1_21' title='bbox 83 805 271 898; x_wconf 72' lang='grc' dir='ltr'><strong><em>εὐλογήσας</em></strong></span> <span class='ocrx_word' id='word_1_22' title='bbox 288 804 403 897; x_wconf 76' lang='grc' dir='ltr'><strong><em>Ικύκλῳ</em></strong></span> <span class='ocrx_word' id='word_1_23' title='bbox 428 813 541 899; x_wconf 78' lang='grc' dir='ltr'><strong><em>θυμιᾷ</em></strong></span> <span class='ocrx_word' id='word_1_24' title='bbox 572 807 632 897; x_wconf 85' lang='grc' dir='ltr'><strong><em>τήν</em></strong></span> <span class='ocrx_word' id='word_1_25' title='bbox 659 806 751 895; x_wconf 71' lang='grc' dir='ltr'><strong><em>ἱερὸν</em></strong></span> <span class='ocrx_word' id='word_1_26' title='bbox 778 807 963 895; x_wconf 89' lang='grc' dir='ltr'><strong><em>τράπεζαν,</em></strong></span> <span class='ocrx_word' id='word_1_27' title='bbox 999 809 1058 878; x_wconf 88' lang='grc' dir='ltr'><strong><em>καί</em></strong></span> <span class='ocrx_word' id='word_1_28' title='bbox 1084 809 1143 878; x_wconf 91' lang='grc' dir='ltr'><strong><em>τὸν</em></strong></span> <span class='ocrx_word' id='word_1_29' title='bbox 1170 804 1238 878; x_wconf 81' lang='grc' dir='ltr'><strong><em>ἀνω</em></strong></span> <span class='ocrx_word' id='word_1_30' title='bbox 1267 809 1363 899; x_wconf 80' lang='grc' dir='ltr'><strong><em>ἀγιον</em></strong></span> 
     </span>
     <span class='ocr_line' id='line_1_5' title="bbox 83 904 1364 1000; baseline 0.002 -22"><span class='ocrx_word' id='word_1_31' title='bbox 83 907 224 994; x_wconf 85' lang='grc' dir='ltr'><strong><em>θρόνον,</em></strong></span> <span class='ocrx_word' id='word_1_32' title='bbox 252 905 298 990; x_wconf 85' lang='grc' dir='ltr'><strong><em>ιὸς</em></strong></span> <span class='ocrx_word' id='word_1_33' title='bbox 326 908 505 994; x_wconf 75' lang='grc' dir='ltr'><strong><em>δεδομένον</em></strong></span> <span class='ocrx_word' id='word_1_34' title='bbox 531 904 632 998; x_wconf 79' lang='grc' dir='ltr'><strong><em>αύτῷ,</em></strong></span> <span class='ocrx_word' id='word_1_35' title='bbox 658 911 715 978; x_wconf 87' lang='grc' dir='ltr'><strong><em>καί</em></strong></span> <span class='ocrx_word' id='word_1_36' title='bbox 742 907 846 978; x_wconf 87' lang='grc' dir='ltr'><strong><em>πάλιν</em></strong></span> <span class='ocrx_word' id='word_1_37' title='bbox 871 909 932 999; x_wconf 84' lang='grc' dir='ltr'><strong><em>τήν</em></strong></span> <span class='ocrx_word' id='word_1_38' title='bbox 961 907 1054 1000; x_wconf 74' lang='grc' dir='ltr'><strong><em>ἱερὸν</em></strong></span> <span class='ocrx_word' id='word_1_39' title='bbox 1078 908 1257 1000; x_wconf 86' lang='grc' dir='ltr'><strong><em>τράπεζαν.</em></strong></span> <span class='ocrx_word' id='word_1_40' title='bbox 1292 913 1364 981; x_wconf 87' lang='grc' dir='ltr'><strong><em>Καί</em></strong></span> 
     </span>
     <span class='ocr_line' id='line_1_6' title="bbox 84 1006 1365 1102; baseline 0.003 -25"><span class='ocrx_word' id='word_1_41' title='bbox 84 1006 279 1092; x_wconf 87' lang='grc' dir='ltr'><strong><em>ἀσπάζεται</em></strong></span> <span class='ocrx_word' id='word_1_42' title='bbox 305 1010 344 1079; x_wconf 89' lang='grc' dir='ltr'><strong><em>τὸ</em></strong></span> <span class='ocrx_word' id='word_1_43' title='bbox 373 1007 461 1098; x_wconf 73' lang='grc' dir='ltr'><strong><em>ἱερὸν</em></strong></span> <span class='ocrx_word' id='word_1_44' title='bbox 489 1007 690 1098; x_wconf 71' lang='grc' dir='ltr'><strong><em>εὐαγγέλιον,</em></strong></span> <span class='ocrx_word' id='word_1_45' title='bbox 717 1010 774 1079; x_wconf 81' lang='grc' dir='ltr'><strong><em>καί</em></strong></span> <span class='ocrx_word' id='word_1_46' title='bbox 801 1007 903 1098; x_wconf 77' lang='grc' dir='ltr'><strong><em>αὐτήν</em></strong></span> <span class='ocrx_word' id='word_1_47' title='bbox 930 1007 976 1091; x_wconf 78' lang='grc' dir='ltr'><strong><em>ὥς</em></strong></span> <span class='ocrx_word' id='word_1_48' title='bbox 996 1010 1055 1102; x_wconf 79' lang='grc' dir='ltr'><strong><em>τήν</em></strong></span> <span class='ocrx_word' id='word_1_49' title='bbox 1073 1013 1207 1100; x_wconf 89' lang='grc' dir='ltr'><strong><em>χριστὸν</em></strong></span> <span class='ocrx_word' id='word_1_50' title='bbox 1227 1013 1284 1081; x_wconf 84' lang='grc' dir='ltr'><strong><em>καί</em></strong></span> <span class='ocrx_word' id='word_1_51' title='bbox 1304 1014 1365 1102; x_wconf 79' lang='grc' dir='ltr'><strong><em>τήν</em></strong></span> 
     </span>
     <span class='ocr_line' id='line_1_7' title="bbox 86 1108 1365 1204; baseline 0.002 -24"><span class='ocrx_word' id='word_1_52' title='bbox 86 1108 273 1201; x_wconf 73' lang='grc' dir='ltr'><strong><em>ἐκκλησίαν,</em></strong></span> <span class='ocrx_word' id='word_1_53' title='bbox 299 1109 405 1201; x_wconf 84' lang='grc' dir='ltr'><strong><em>ήνπερ</em></strong></span> <span class='ocrx_word' id='word_1_54' title='bbox 434 1109 544 1197; x_wconf 77' lang='grc' dir='ltr'><strong><em>ἔλαβε.</em></strong></span> <span class='ocrx_word' id='word_1_55' title='bbox 571 1112 628 1180; x_wconf 84' lang='grc' dir='ltr'><strong><em>καί</em></strong></span> <span class='ocrx_word' id='word_1_56' title='bbox 655 1112 694 1180; x_wconf 89' lang='grc' dir='ltr'><strong><em>τὸ</em></strong></span> <span class='ocrx_word' id='word_1_57' title='bbox 722 1111 891 1197; x_wconf 84' lang='grc' dir='ltr'><strong><em>θυμιατὸν</em></strong></span> <span class='ocrx_word' id='word_1_58' title='bbox 917 1111 996 1192; x_wconf 84' lang='grc' dir='ltr'><strong><em>δούς</em></strong></span> <span class='ocrx_word' id='word_1_59' title='bbox 1024 1111 1170 1204; x_wconf 82' lang='grc' dir='ltr'><strong><em>διακόνῳ</em></strong></span> <span class='ocrx_word' id='word_1_60' title='bbox 1194 1117 1365 1200; x_wconf 82' lang='grc' dir='ltr'><strong><em>θυμιᾶται</em></strong></span> 
     </span>
     <span class='ocr_line' id='line_1_8' title="bbox 85 1208 1366 1310; baseline -0.001 -28"><span class='ocrx_word' id='word_1_61' title='bbox 85 1209 169 1300; x_wconf 77' lang='grc' dir='ltr'><strong><em>παρ’</em></strong></span> <span class='ocrx_word' id='word_1_62' title='bbox 194 1208 308 1294; x_wconf 71' lang='grc' dir='ltr'><strong><em>αὐτοῦ,</em></strong></span> <span class='ocrx_word' id='word_1_63' title='bbox 329 1213 526 1310; x_wconf 23' lang='grc' dir='ltr'><strong><em>καλρκαιροῦ</em></strong></span> <span class='ocrx_word' id='word_1_64' title='bbox 546 1213 720 1300; x_wconf 78' lang='grc' dir='ltr'><strong><em>γινομένου</em></strong></span> <span class='ocrx_word' id='word_1_65' title='bbox 742 1211 872 1301; x_wconf 83' lang='grc' dir='ltr'><strong><em>εύλσγεῖ</em></strong></span> <span class='ocrx_word' id='word_1_66' title='bbox 892 1214 951 1281; x_wconf 90' lang='grc' dir='ltr'><strong><em>τὸν</em></strong></span> <span class='ocrx_word' id='word_1_67' title='bbox 967 1213 1063 1295; x_wconf 84' lang='grc' dir='ltr'><strong><em>Θεὸν,</em></strong></span> <span class='ocrx_word' id='word_1_68' title='bbox 1085 1215 1144 1282; x_wconf 89' lang='grc' dir='ltr'><strong><em>τὸν</em></strong></span> <span class='ocrx_word' id='word_1_69' title='bbox 1164 1213 1366 1305; x_wconf 73' lang='grc' dir='ltr'><strong><em>τηλικούτων</em></strong></span> 
     </span>
     <span class='ocr_line' id='line_1_9' title="bbox 86 1310 1367 1406; baseline 0 -23"><span class='ocrx_word' id='word_1_70' title='bbox 86 1311 191 1384; x_wconf 85' lang='grc' dir='ltr'><strong><em>αύτὸν</em></strong></span> <span class='ocrx_word' id='word_1_71' title='bbox 220 1312 424 1396; x_wconf 80' lang='grc' dir='ltr'><strong><em>ἀξιώσαντα·</em></strong></span> <span class='ocrx_word' id='word_1_72' title='bbox 451 1314 509 1382; x_wconf 82' lang='grc' dir='ltr'><strong><em>καί</em></strong></span> <span class='ocrx_word' id='word_1_73' title='bbox 535 1310 589 1382; x_wconf 86' lang='grc' dir='ltr'><strong><em>ότι</em></strong></span> <span class='ocrx_word' id='word_1_74' title='bbox 618 1311 687 1383; x_wconf 89' lang='grc' dir='ltr'><strong><em>ἀπὸ</em></strong></span> <span class='ocrx_word' id='word_1_75' title='bbox 708 1322 891 1404; x_wconf 79' lang='grc' dir='ltr'><strong><em>προςευχῆς</em></strong></span> <span class='ocrx_word' id='word_1_76' title='bbox 912 1317 965 1383; x_wconf 85' lang='grc' dir='ltr'><strong><em>δεῖ</em></strong></span> <span class='ocrx_word' id='word_1_77' title='bbox 986 1310 1151 1404; x_wconf 77' lang='grc' dir='ltr'><strong><em>ἀρχεσθαι</em></strong></span> <span class='ocrx_word' id='word_1_78' title='bbox 1171 1317 1230 1406; x_wconf 86' lang='grc' dir='ltr'><strong><em>τήν</em></strong></span> <span class='ocrx_word' id='word_1_79' title='bbox 1252 1315 1367 1406; x_wconf 73' lang='grc' dir='ltr'><strong><em>ἀπελη-</em></strong></span> 
     </span>
     <span class='ocr_line' id='line_1_10' title="bbox 84 1407 1364 1508; baseline 0.003 -26"><span class='ocrx_word' id='word_1_80' title='bbox 84 1413 166 1484; x_wconf 86' lang='grc' dir='ltr'><strong><em>σίατ</em></strong></span> <span class='ocrx_word' id='word_1_81' title='bbox 193 1414 412 1500; x_wconf 75' lang='grc' dir='ltr'><strong><em>παραλαβὼν,</em></strong></span> <span class='ocrx_word' id='word_1_82' title='bbox 439 1414 516 1484; x_wconf 75' lang='grc' dir='ltr'><strong><em>ἐπεὶ</em></strong></span> <span class='ocrx_word' id='word_1_83' title='bbox 542 1414 600 1483; x_wconf 87' lang='grc' dir='ltr'><strong><em>καί</em></strong></span> <span class='ocrx_word' id='word_1_84' title='bbox 620 1415 737 1495; x_wconf 76' lang='grc' dir='ltr'><strong><em>ἓνωσις</em></strong></span> <span class='ocrx_word' id='word_1_85' title='bbox 756 1415 844 1501; x_wconf 88' lang='grc' dir='ltr'><strong><em>πρὸς</em></strong></span> <span class='ocrx_word' id='word_1_86' title='bbox 864 1416 1022 1503; x_wconf 88' lang='grc' dir='ltr'><strong><em>Χριστὸν,</em></strong></span> <span class='ocrx_word' id='word_1_87' title='bbox 1052 1407 1093 1486; x_wconf 86' lang='grc' dir='ltr'><strong><em>ού</em></strong></span> <span class='ocrx_word' id='word_1_88' title='bbox 1113 1415 1134 1506; x_wconf 80' lang='grc' dir='ltr'><em>ἦ</em></span> <span class='ocrx_word' id='word_1_89' title='bbox 1157 1414 1321 1508; x_wconf 78' lang='grc' dir='ltr'><strong><em>ἐκκλησία,</em></strong></span> <span class='ocrx_word' id='word_1_90' title='bbox 1344 1414 1364 1508; x_wconf 83' lang='grc' dir='ltr'><strong><em>ή</em></strong></span> 
     </span>
     <span class='ocr_line' id='line_1_11' title="bbox 86 1514 1369 1606; baseline 0.003 -22"><span class='ocrx_word' id='word_1_91' title='bbox 86 1517 266 1604; x_wconf 84' lang='grc' dir='ltr'><strong><em>προςευχή,</em></strong></span> <span class='ocrx_word' id='word_1_92' title='bbox 299 1514 382 1586; x_wconf 84' lang='grc' dir='ltr'><strong><em>ὅθεν</em></strong></span> <span class='ocrx_word' id='word_1_93' title='bbox 408 1516 466 1585; x_wconf 85' lang='grc' dir='ltr'><strong><em>καί</em></strong></span> <span class='ocrx_word' id='word_1_94' title='bbox 492 1523 676 1606; x_wconf 78' lang='grc' dir='ltr'><strong><em>προςευχῆς</em></strong></span> <span class='ocrx_word' id='word_1_95' title='bbox 700 1515 869 1604; x_wconf 89' lang='grc' dir='ltr'><strong><em>τριςαγίου</em></strong></span> <span class='ocrx_word' id='word_1_96' title='bbox 891 1515 1072 1606; x_wconf 77' lang='grc' dir='ltr'><strong><em>γινομένης,</em></strong></span> <span class='ocrx_word' id='word_1_97' title='bbox 1101 1514 1121 1586; x_wconf 84' lang='grc' dir='ltr'><strong><em>ὁ</em></strong></span> <span class='ocrx_word' id='word_1_98' title='bbox 1149 1517 1304 1600; x_wconf 86' lang='grc' dir='ltr'><strong><em>διάκονος</em></strong></span> <span class='ocrx_word' id='word_1_99' title='bbox 1324 1520 1369 1588; x_wconf 86' lang='grc' dir='ltr'><strong><em>τὸ</em></strong></span> 
     </span>
     <span class='ocr_line' id='line_1_12' title="bbox 86 1611 1368 1708; baseline 0.003 -24"><span class='ocrx_word' id='word_1_100' title='bbox 86 1625 149 1706; x_wconf 78' lang='grc' dir='ltr'><strong><em>τῆς</em></strong></span> <span class='ocrx_word' id='word_1_101' title='bbox 171 1617 322 1696; x_wconf 75' lang='grc' dir='ltr'><strong><em>ἐκτενούς</em></strong></span> <span class='ocrx_word' id='word_1_102' title='bbox 342 1617 402 1688; x_wconf 83' lang='grc' dir='ltr'><strong><em>ίπί</em></strong></span> <span class='ocrx_word' id='word_1_103' title='bbox 423 1625 483 1686; x_wconf 84' lang='grc' dir='ltr'><strong><em>τοῦ</em></strong></span> <span class='ocrx_word' id='word_1_104' title='bbox 504 1611 659 1703; x_wconf 80' lang='grc' dir='ltr'><strong><em>ἀμβωνος</em></strong></span> <span class='ocrx_word' id='word_1_105' title='bbox 679 1623 831 1687; x_wconf 86' lang='grc' dir='ltr'><strong><em>ποιεῖται</em></strong></span> <span class='ocrx_word' id='word_1_106' title='bbox 845 1616 998 1706; x_wconf 89' lang='grc' dir='ltr'><strong><em>δεήσεως,</em></strong></span> <span class='ocrx_word' id='word_1_107' title='bbox 1020 1619 1079 1687; x_wconf 85' lang='grc' dir='ltr'><strong><em>κοιλ</em></strong></span> <span class='ocrx_word' id='word_1_108' title='bbox 1090 1617 1289 1708; x_wconf 73' lang='grc' dir='ltr'><strong><em>μνημονεύει</em></strong></span> <span class='ocrx_word' id='word_1_109' title='bbox 1301 1627 1368 1688; x_wconf 82' lang='grc' dir='ltr'><strong><em>τῶν</em></strong></span> 
     </span>
     <span class='ocr_line' id='line_1_13' title="bbox 87 1715 1369 1810; baseline 0.002 -24"><span class='ocrx_word' id='word_1_110' title='bbox 87 1743 123 1786; x_wconf 91' lang='grc' dir='ltr'><strong><em>τε</em></strong></span> <span class='ocrx_word' id='word_1_111' title='bbox 145 1717 326 1804; x_wconf 74' lang='grc' dir='ltr'><strong><em>βασιλέων,</em></strong></span> <span class='ocrx_word' id='word_1_112' title='bbox 348 1721 486 1786; x_wconf 83' lang='grc' dir='ltr'><strong><em>καὶτοῦ</em></strong></span> <span class='ocrx_word' id='word_1_113' title='bbox 506 1717 713 1808; x_wconf 91' lang='grc' dir='ltr'><strong><em>πατριάρχου</em></strong></span> <span class='ocrx_word' id='word_1_114' title='bbox 736 1715 854 1787; x_wconf 76' lang='grc' dir='ltr'><strong><em>αὐτοῦ·</em></strong></span> <span class='ocrx_word' id='word_1_115' title='bbox 876 1715 896 1787; x_wconf 87' lang='grc' dir='ltr'><strong><em>ὸ</em></strong></span> <span class='ocrx_word' id='word_1_116' title='bbox 919 1719 957 1787; x_wconf 82' lang='grc' dir='ltr'><strong><em>δύ</em></strong></span> <span class='ocrx_word' id='word_1_117' title='bbox 978 1718 1185 1808; x_wconf 77' lang='grc' dir='ltr'><strong><em>πατριάρχης</em></strong></span> <span class='ocrx_word' id='word_1_118' title='bbox 1198 1721 1258 1810; x_wconf 86' lang='grc' dir='ltr'><strong><em>τήν</em></strong></span> <span class='ocrx_word' id='word_1_119' title='bbox 1272 1718 1369 1810; x_wconf 83' lang='grc' dir='ltr'><strong><em>εύχήν</em></strong></span> 
     </span>
     <span class='ocr_line' id='line_1_14' title="bbox 88 1816 1370 1910; baseline 0.002 -22"><span class='ocrx_word' id='word_1_120' title='bbox 88 1817 191 1888; x_wconf 86' lang='grc' dir='ltr'><strong><em>ἀπιὸν</em></strong></span> <span class='ocrx_word' id='word_1_121' title='bbox 212 1816 291 1888; x_wconf 80' lang='grc' dir='ltr'><strong><em>καθ’</em></strong></span> <span class='ocrx_word' id='word_1_122' title='bbox 315 1817 433 1888; x_wconf 80' lang='grc' dir='ltr'><strong><em>ἑαυτὸν</em></strong></span> <span class='ocrx_word' id='word_1_123' title='bbox 453 1824 512 1908; x_wconf 82' lang='grc' dir='ltr'><strong><em>τῆς</em></strong></span> <span class='ocrx_word' id='word_1_124' title='bbox 534 1820 682 1901; x_wconf 81' lang='grc' dir='ltr'><strong><em>άκτινούς</em></strong></span> <span class='ocrx_word' id='word_1_125' title='bbox 704 1817 828 1900; x_wconf 73' lang='grc' dir='ltr'><strong><em>ἱκεσίας</em></strong></span> <span class='ocrx_word' id='word_1_126' title='bbox 848 1819 1000 1910; x_wconf 78' lang='grc' dir='ltr'><strong><em>ἐκφωνεῖ,</em></strong></span> <span class='ocrx_word' id='word_1_127' title='bbox 1029 1819 1085 1888; x_wconf 83' lang='grc' dir='ltr'><strong><em>δτι</em></strong></span> <span class='ocrx_word' id='word_1_128' title='bbox 1106 1819 1262 1909; x_wconf 75' lang='grc' dir='ltr'><strong><em>ἐλεήμων.</em></strong></span> <span class='ocrx_word' id='word_1_129' title='bbox 1298 1822 1370 1890; x_wconf 82' lang='grc' dir='ltr'><strong><em>Καί</em></strong></span> 
     </span>
     <span class='ocr_line' id='line_1_15' title="bbox 90 1917 1371 2013; baseline 0.002 -23"><span class='ocrx_word' id='word_1_130' title='bbox 90 1919 260 1990; x_wconf 80' lang='grc' dir='ltr'><strong><em>ἀπόλυσιν</em></strong></span> <span class='ocrx_word' id='word_1_131' title='bbox 286 1919 522 2010; x_wconf 85' lang='grc' dir='ltr'><strong><em>ποιησάμενος,</em></strong></span> <span class='ocrx_word' id='word_1_132' title='bbox 548 1928 610 1989; x_wconf 83' lang='grc' dir='ltr'><strong><em>τοῦ</em></strong></span> <span class='ocrx_word' id='word_1_133' title='bbox 636 1919 685 2002; x_wconf 88' lang='grc' dir='ltr'><strong><em>είς</em></strong></span> <span class='ocrx_word' id='word_1_134' title='bbox 705 1920 816 1990; x_wconf 83' lang='grc' dir='ltr'><strong><em>πολλὰ</em></strong></span> <span class='ocrx_word' id='word_1_135' title='bbox 837 1918 894 2012; x_wconf 74' lang='grc' dir='ltr'><strong><em>ἀτη</em></strong></span> <span class='ocrx_word' id='word_1_136' title='bbox 917 1917 1082 2013; x_wconf 78' lang='grc' dir='ltr'><strong><em>ᾀδομένου</em></strong></span> <span class='ocrx_word' id='word_1_137' title='bbox 1103 1919 1189 2009; x_wconf 79' lang='grc' dir='ltr'><strong><em>ύπίρ</em></strong></span> <span class='ocrx_word' id='word_1_138' title='bbox 1211 1929 1271 1990; x_wconf 82' lang='grc' dir='ltr'><strong><em>τού</em></strong></span> <span class='ocrx_word' id='word_1_139' title='bbox 1291 1921 1371 1993; x_wconf 82' lang='grc' dir='ltr'><strong><em>διδ-</em></strong></span> 
     </span>
     <span class='ocr_line' id='line_1_16' title="bbox 87 2018 959 2112; baseline -0.002 -20"><span class='ocrx_word' id='word_1_140' title='bbox 87 2025 205 2108; x_wconf 83' lang='grc' dir='ltr'><strong><em>μένειν</em></strong></span> <span class='ocrx_word' id='word_1_141' title='bbox 224 2022 286 2112; x_wconf 83' lang='grc' dir='ltr'><strong><em>τήν</em></strong></span> <span class='ocrx_word' id='word_1_142' title='bbox 307 2019 548 2112; x_wconf 77' lang='grc' dir='ltr'><strong><em>ἀρχιερωσύνην,</em></strong></span> <span class='ocrx_word' id='word_1_143' title='bbox 570 2021 758 2112; x_wconf 77' lang='grc' dir='ltr'><strong><em>σφραγίσας</em></strong></span> <span class='ocrx_word' id='word_1_144' title='bbox 779 2018 959 2110; x_wconf 81' lang='grc' dir='ltr'><strong><em>ἀνέρχεται.</em></strong></span> 
     </span>
    </p>

    <p class='ocr_par' dir='ltr' id='par_1_3' title="bbox 91 2114 1374 2923">
     <span class='ocr_line' id='line_1_17' title="bbox 182 2114 1370 2215; baseline 0.003 -25"><span class='ocrx_word' id='word_1_145' title='bbox 182 2131 232 2215; x_wconf 78' lang='grc' dir='ltr'><strong><em>Τῇ</em></strong></span> <span class='ocrx_word' id='word_1_146' title='bbox 255 2120 356 2213; x_wconf 83' lang='grc' dir='ltr'><strong><em>αύρίρι</em></strong></span> <span class='ocrx_word' id='word_1_147' title='bbox 378 2124 416 2192; x_wconf 80' lang='grc' dir='ltr'><strong><em>δὲ</em></strong></span> <span class='ocrx_word' id='word_1_148' title='bbox 435 2120 544 2214; x_wconf 76' lang='grc' dir='ltr'><strong><em>ἡμέρᾳ</em></strong></span> <span class='ocrx_word' id='word_1_149' title='bbox 565 2131 632 2205; x_wconf 81' lang='grc' dir='ltr'><strong><em>τῶν</em></strong></span> <span class='ocrx_word' id='word_1_150' title='bbox 644 2122 810 2208; x_wconf 67' lang='grc' dir='ltr'><strong><em>βασιλείων</em></strong></span> <span class='ocrx_word' id='word_1_151' title='bbox 823 2123 1031 2212; x_wconf 77' lang='grc' dir='ltr'><strong><em>συνηγμένων</em></strong></span> <span class='ocrx_word' id='word_1_152' title='bbox 1043 2124 1102 2194; x_wconf 84' lang='grc' dir='ltr'><strong><em>καὶ</em></strong></span> <span class='ocrx_word' id='word_1_153' title='bbox 1117 2114 1290 2212; x_wconf 84' lang='grc' dir='ltr'><strong><em>ἀρχόντων,</em></strong></span> <span class='ocrx_word' id='word_1_154' title='bbox 1313 2125 1370 2194; x_wconf 84' lang='grc' dir='ltr'><strong><em>καί</em></strong></span> 
     </span>
     <span class='ocr_line' id='line_1_18' title="bbox 91 2221 1372 2314; baseline -0.001 -19"><span class='ocrx_word' id='word_1_155' title='bbox 91 2226 214 2310; x_wconf 87' lang='grc' dir='ltr'><strong><em>σχεδὸν</em></strong></span> <span class='ocrx_word' id='word_1_156' title='bbox 235 2226 442 2306; x_wconf 84' lang='grc' dir='ltr'><strong><em>παντὸςτοῦ</em></strong></span> <span class='ocrx_word' id='word_1_157' title='bbox 463 2227 557 2306; x_wconf 83' lang='grc' dir='ltr'><strong><em>λαοῦ,</em></strong></span> <span class='ocrx_word' id='word_1_158' title='bbox 579 2222 598 2314; x_wconf 87' lang='grc' dir='ltr'><strong><em>ή</em></strong></span> <span class='ocrx_word' id='word_1_159' title='bbox 622 2221 811 2313; x_wconf 79' lang='grc' dir='ltr'><strong><em>λειτουργία</em></strong></span> <span class='ocrx_word' id='word_1_160' title='bbox 830 2227 1097 2313; x_wconf 83' lang='grc' dir='ltr'><strong><em>μεγαλοπρεπῶς</em></strong></span> <span class='ocrx_word' id='word_1_161' title='bbox 1115 2229 1263 2296; x_wconf 84' lang='grc' dir='ltr'><strong><em>τελεῖται</em></strong></span> <span class='ocrx_word' id='word_1_162' title='bbox 1276 2227 1372 2314; x_wconf 82' lang='grc' dir='ltr'><strong><em>παρὸ</em></strong></span> 
     </span>
     <span class='ocr_line' id='line_1_19' title="bbox 92 2322 1370 2415; baseline 0.002 -21"><span class='ocrx_word' id='word_1_163' title='bbox 92 2334 156 2396; x_wconf 78' lang='grc' dir='ltr'><strong><em>τοῦ</em></strong></span> <span class='ocrx_word' id='word_1_164' title='bbox 184 2324 409 2414; x_wconf 80' lang='grc' dir='ltr'><strong><em>πατριάρχου,</em></strong></span> <span class='ocrx_word' id='word_1_165' title='bbox 437 2322 600 2394; x_wconf 87' lang='grc' dir='ltr'><strong><em>συνόντων</em></strong></span> <span class='ocrx_word' id='word_1_166' title='bbox 629 2323 718 2415; x_wconf 79' lang='grc' dir='ltr'><strong><em>αύτῷ</em></strong></span> <span class='ocrx_word' id='word_1_167' title='bbox 745 2333 811 2394; x_wconf 82' lang='grc' dir='ltr'><strong><em>τῶν</em></strong></span> <span class='ocrx_word' id='word_1_168' title='bbox 838 2322 1016 2413; x_wconf 79' lang='grc' dir='ltr'><strong><em>ἀρχιερέων</em></strong></span> <span class='ocrx_word' id='word_1_169' title='bbox 1043 2324 1284 2396; x_wconf 78' lang='grc' dir='ltr'><strong><em>ἁπάντωνκαὶ</em></strong></span> <span class='ocrx_word' id='word_1_170' title='bbox 1310 2331 1370 2396; x_wconf 85' lang='grc' dir='ltr'><strong><em>τού</em></strong></span> 
     </span>
     <span class='ocr_line' id='line_1_20' title="bbox 92 2424 1372 2519; baseline 0.001 -23"><span class='ocrx_word' id='word_1_171' title='bbox 92 2426 229 2518; x_wconf 76' lang='grc' dir='ltr'><strong><em>κλήρου,</em></strong></span> <span class='ocrx_word' id='word_1_172' title='bbox 255 2428 313 2496; x_wconf 87' lang='grc' dir='ltr'><strong><em>καί</em></strong></span> <span class='ocrx_word' id='word_1_173' title='bbox 339 2433 398 2516; x_wconf 81' lang='grc' dir='ltr'><strong><em>τῆς</em></strong></span> <span class='ocrx_word' id='word_1_174' title='bbox 425 2425 558 2507; x_wconf 90' lang='grc' dir='ltr'><strong><em>πόλεως</em></strong></span> <span class='ocrx_word' id='word_1_175' title='bbox 585 2424 716 2515; x_wconf 81' lang='grc' dir='ltr'><strong><em>ίερὲων·</em></strong></span> <span class='ocrx_word' id='word_1_176' title='bbox 743 2430 796 2496; x_wconf 88' lang='grc' dir='ltr'><strong><em>δεῖ</em></strong></span> <span class='ocrx_word' id='word_1_177' title='bbox 819 2427 882 2514; x_wconf 87' lang='grc' dir='ltr'><strong><em>γὸρ</em></strong></span> <span class='ocrx_word' id='word_1_178' title='bbox 910 2426 1042 2509; x_wconf 84' lang='grc' dir='ltr'><strong><em>πάντας</em></strong></span> <span class='ocrx_word' id='word_1_179' title='bbox 1062 2435 1221 2516; x_wconf 85' lang='grc' dir='ltr'><strong><em>παρεῖναι</em></strong></span> <span class='ocrx_word' id='word_1_180' title='bbox 1241 2429 1302 2498; x_wconf 73' lang='grc' dir='ltr'><strong><em>ἀπὸ</em></strong></span> <span class='ocrx_word' id='word_1_181' title='bbox 1323 2436 1372 2519; x_wconf 63' lang='grc' dir='ltr'><strong><em>τᾷ</em></strong></span> 
     </span>
     <span class='ocr_line' id='line_1_21' title="bbox 93 2525 1372 2619; baseline 0.001 -20"><span class='ocrx_word' id='word_1_182' title='bbox 93 2539 156 2599; x_wconf 83' lang='grc' dir='ltr'><strong><em>τοῦ</em></strong></span> <span class='ocrx_word' id='word_1_183' title='bbox 178 2529 342 2616; x_wconf 81' lang='grc' dir='ltr'><strong><em>ποιμένος</em></strong></span> <span class='ocrx_word' id='word_1_184' title='bbox 362 2525 470 2596; x_wconf 79' lang='grc' dir='ltr'><strong><em>αὐτῶν</em></strong></span> <span class='ocrx_word' id='word_1_185' title='bbox 491 2527 711 2618; x_wconf 78' lang='grc' dir='ltr'><strong><em>ἐνθρονισμῷ,</em></strong></span> <span class='ocrx_word' id='word_1_186' title='bbox 733 2529 790 2598; x_wconf 87' lang='grc' dir='ltr'><strong><em>καί</em></strong></span> <span class='ocrx_word' id='word_1_187' title='bbox 811 2527 895 2597; x_wconf 84' lang='grc' dir='ltr'><strong><em>ίδεῖν</em></strong></span> <span class='ocrx_word' id='word_1_188' title='bbox 916 2527 1016 2599; x_wconf 89' lang='grc' dir='ltr'><strong><em>αύτὸν</em></strong></span> <span class='ocrx_word' id='word_1_189' title='bbox 1038 2529 1098 2599; x_wconf 78' lang='grc' dir='ltr'><strong><em>ἐπὶ</em></strong></span> <span class='ocrx_word' id='word_1_190' title='bbox 1118 2535 1177 2612; x_wconf 81' lang='grc' dir='ltr'><strong><em>τῆς</em></strong></span> <span class='ocrx_word' id='word_1_191' title='bbox 1190 2531 1372 2619; x_wconf 74' lang='grc' dir='ltr'><strong><em>καθέδρας,</em></strong></span> 
     </span>
     <span class='ocr_line' id='line_1_22' title="bbox 96 2625 1374 2720; baseline 0 -20"><span class='ocrx_word' id='word_1_192' title='bbox 96 2630 146 2712; x_wconf 80' lang='grc' dir='ltr'><strong><em>ὡς</em></strong></span> <span class='ocrx_word' id='word_1_193' title='bbox 167 2631 226 2699; x_wconf 91' lang='grc' dir='ltr'><strong><em>τὸν</em></strong></span> <span class='ocrx_word' id='word_1_194' title='bbox 245 2629 360 2717; x_wconf 89' lang='grc' dir='ltr'><strong><em>κύριον</em></strong></span> <span class='ocrx_word' id='word_1_195' title='bbox 380 2627 473 2718; x_wconf 83' lang='grc' dir='ltr'><strong><em>ήμῶν</em></strong></span> <span class='ocrx_word' id='word_1_196' title='bbox 492 2625 617 2719; x_wconf 77' lang='grc' dir='ltr'><strong><em>Ἰησοῦν</em></strong></span> <span class='ocrx_word' id='word_1_197' title='bbox 639 2627 740 2698; x_wconf 88' lang='grc' dir='ltr'><strong><em>αύτὸν</em></strong></span> <span class='ocrx_word' id='word_1_198' title='bbox 758 2630 817 2699; x_wconf 89' lang='grc' dir='ltr'><strong><em>τὸν</em></strong></span> <span class='ocrx_word' id='word_1_199' title='bbox 836 2631 994 2720; x_wconf 87' lang='grc' dir='ltr'><strong><em>Χριστὸν,</em></strong></span> <span class='ocrx_word' id='word_1_200' title='bbox 1022 2631 1081 2700; x_wconf 88' lang='grc' dir='ltr'><strong><em>τὸν</em></strong></span> <span class='ocrx_word' id='word_1_201' title='bbox 1107 2629 1181 2700; x_wconf 83' lang='grc' dir='ltr'><strong><em>υίὸν</em></strong></span> <span class='ocrx_word' id='word_1_202' title='bbox 1201 2637 1261 2702; x_wconf 85' lang='grc' dir='ltr'><strong><em>τού</em></strong></span> <span class='ocrx_word' id='word_1_203' title='bbox 1285 2637 1374 2702; x_wconf 82' lang='grc' dir='ltr'><strong><em>Θεσύ</em></strong></span> 
     </span>
     <span class='ocr_line' id='line_1_23' title="bbox 93 2727 1373 2822; baseline 0.003 -22"><span class='ocrx_word' id='word_1_204' title='bbox 93 2741 156 2802; x_wconf 85' lang='grc' dir='ltr'><strong><em>τοῦ</em></strong></span> <span class='ocrx_word' id='word_1_205' title='bbox 180 2734 311 2815; x_wconf 79' lang='grc' dir='ltr'><strong><em>ζῶντος,</em></strong></span> <span class='ocrx_word' id='word_1_206' title='bbox 331 2731 389 2800; x_wconf 89' lang='grc' dir='ltr'><strong><em>καλ</em></strong></span> <span class='ocrx_word' id='word_1_207' title='bbox 410 2727 633 2820; x_wconf 79' lang='grc' dir='ltr'><strong><em>εὸλογηθήναι</em></strong></span> <span class='ocrx_word' id='word_1_208' title='bbox 653 2728 733 2818; x_wconf 80' lang='grc' dir='ltr'><strong><em>παρ’</em></strong></span> <span class='ocrx_word' id='word_1_209' title='bbox 757 2728 859 2801; x_wconf 84' lang='grc' dir='ltr'><strong><em>αότοῦ</em></strong></span> <span class='ocrx_word' id='word_1_210' title='bbox 881 2732 1049 2814; x_wconf 79' lang='grc' dir='ltr'><strong><em>δέξασθαι</em></strong></span> <span class='ocrx_word' id='word_1_211' title='bbox 1070 2729 1140 2804; x_wconf 89' lang='grc' dir='ltr'><strong><em>ἀπὸ</em></strong></span> <span class='ocrx_word' id='word_1_212' title='bbox 1159 2741 1219 2802; x_wconf 83' lang='grc' dir='ltr'><strong><em>τοῦ</em></strong></span> <span class='ocrx_word' id='word_1_213' title='bbox 1234 2731 1373 2822; x_wconf 75' lang='grc' dir='ltr'><strong><em>ἱερωτά-</em></strong></span> 
     </span>
     <span class='ocr_line' id='line_1_24' title="bbox 94 2829 1055 2923; baseline -0.004 -21"><span class='ocrx_word' id='word_1_214' title='bbox 94 2858 157 2903; x_wconf 86' lang='grc' dir='ltr'><strong><em>του</em></strong></span> <span class='ocrx_word' id='word_1_215' title='bbox 179 2831 318 2922; x_wconf 78' lang='grc' dir='ltr'><strong><em>θρόνου,</em></strong></span> <span class='ocrx_word' id='word_1_216' title='bbox 340 2832 398 2901; x_wconf 84' lang='grc' dir='ltr'><strong><em>καί</em></strong></span> <span class='ocrx_word' id='word_1_217' title='bbox 417 2838 657 2921; x_wconf 83' lang='grc' dir='ltr'><strong><em>προςφωνῆοαι</em></strong></span> <span class='ocrx_word' id='word_1_218' title='bbox 678 2830 800 2923; x_wconf 89' lang='grc' dir='ltr'><strong><em>ταύτην</em></strong></span> <span class='ocrx_word' id='word_1_219' title='bbox 821 2829 928 2922; x_wconf 75' lang='grc' dir='ltr'><strong><em>αύτῷ·</em></strong></span> <span class='ocrx_word' id='word_1_220' title='bbox 949 2873 993 2886; x_wconf 83' lang='grc'><strong><em>-</em></strong></span> <span class='ocrx_word' id='word_1_221' title='bbox 1013 2871 1055 2886; x_wconf 88' lang='lat'><em>-</em></span> 
     </span>
    </p>

    <p class='ocr_par' dir='ltr' id='par_1_4' title="bbox 98 2930 1376 3124">
     <span class='ocr_line' id='line_1_25' title="bbox 185 2930 1376 3022; baseline 0.003 -20"><span class='ocrx_word' id='word_1_222' title='bbox 185 2973 226 2986; x_wconf 90' lang='lat'><strong><em>—-</em></strong></span> <span class='ocrx_word' id='word_1_223' title='bbox 252 2932 291 3002; x_wconf 90' lang='lat'><strong><em>‘0</em></strong></span> <span class='ocrx_word' id='word_1_224' title='bbox 319 2934 358 3002; x_wconf 75' lang='grc' dir='ltr'><strong><em>διὸ</em></strong></span> <span class='ocrx_word' id='word_1_225' title='bbox 382 2939 443 3000; x_wconf 80' lang='grc' dir='ltr'><strong><em>τοῦ</em></strong></span> <span class='ocrx_word' id='word_1_226' title='bbox 474 2931 682 3019; x_wconf 85' lang='grc' dir='ltr'><strong><em>πατριάρχου</em></strong></span> <span class='ocrx_word' id='word_1_227' title='bbox 704 2932 1012 3022; x_wconf 55' lang='grc' dir='ltr'><strong><em>δνθρονισμὸςῑ)</em></strong></span> <span class='ocrx_word' id='word_1_228' title='bbox 1034 2930 1160 3022; x_wconf 89' lang='grc' dir='ltr'><strong><em>γίνεται</em></strong></span> <span class='ocrx_word' id='word_1_229' title='bbox 1182 2934 1298 3016; x_wconf 84' lang='grc' dir='ltr'><strong><em>ούτως.</em></strong></span> <span class='ocrx_word' id='word_1_230' title='bbox 1331 2935 1376 3006; x_wconf 83' lang='grc' dir='ltr'><strong><em>Εί</em></strong></span> 
     </span>
     <span class='ocr_line' id='line_1_26' title="bbox 98 3033 1376 3124; baseline 0.001 -20"><span class='ocrx_word' id='word_1_231' title='bbox 98 3033 271 3124; x_wconf 88' lang='grc' dir='ltr'><strong><em>ἀρχιερεύς</em></strong></span> <span class='ocrx_word' id='word_1_232' title='bbox 293 3034 366 3104; x_wconf 75' lang='grc' dir='ltr'><strong><em>ἐστι</em></strong></span> <span class='ocrx_word' id='word_1_233' title='bbox 384 3037 688 3124; x_wconf 85' lang='grc' dir='ltr'><strong><em>κεχειροτονημένος</em></strong></span> <span class='ocrx_word' id='word_1_234' title='bbox 707 3035 793 3120; x_wconf 85' lang='grc' dir='ltr'><strong><em>μετὰ</em></strong></span> <span class='ocrx_word' id='word_1_235' title='bbox 806 3035 865 3123; x_wconf 86' lang='grc' dir='ltr'><strong><em>τήν</em></strong></span> <span class='ocrx_word' id='word_1_236' title='bbox 879 3034 1065 3124; x_wconf 79' lang='grc' dir='ltr'><strong><em>πρόβλησιν</em></strong></span> <span class='ocrx_word' id='word_1_237' title='bbox 1076 3037 1314 3124; x_wconf 79' lang='grc' dir='ltr'><strong><em>παραγεγονὼς</em></strong></span> <span class='ocrx_word' id='word_1_238' title='bbox 1327 3036 1376 3118; x_wconf 84' lang='grc' dir='ltr'><strong><em>εἷς</em></strong></span> 
     </span>
    </p>
   </div>
   <div class='ocr_carea' id='block_1_3' title="bbox 98 3235 1431 4660">
    <p class='ocr_par' dir='ltr' id='par_1_5' title="bbox 98 3235 1383 4068">
     <span class='ocr_line' id='line_1_27' title="bbox 190 3235 1376 3310; baseline 0 -16"><span class='ocrx_word' id='word_1_239' title='bbox 190 3246 214 3306; x_wconf 81' lang='lat'><strong><em>1)</em></strong></span> <span class='ocrx_word' id='word_1_240' title='bbox 240 3243 396 3296; x_wconf 77' lang='grc' dir='ltr'><strong><em>λδιοτίὸιισι</em></strong></span> <span class='ocrx_word' id='word_1_241' title='bbox 413 3244 513 3306; x_wconf 69' lang='lat' dir='ltr'>margini</span> <span class='ocrx_word' id='word_1_242' title='bbox 535 3235 619 3302; x_wconf 81' lang='grc' dir='ltr'><strong><em>Τάξιε</em></strong></span> <span class='ocrx_word' id='word_1_243' title='bbox 635 3240 675 3297; x_wconf 75' lang='grc' dir='ltr'><strong><em>τίς</em></strong></span> <span class='ocrx_word' id='word_1_244' title='bbox 691 3242 758 3292; x_wconf 89' lang='grc' dir='ltr'><strong><em>νέαν</em></strong></span> <span class='ocrx_word' id='word_1_245' title='bbox 775 3241 981 3310; x_wconf 84' lang='grc' dir='ltr'><strong><em>Πατριαρχελαν</em></strong></span> <span class='ocrx_word' id='word_1_246' title='bbox 998 3259 1026 3294; x_wconf 82' lang='grc' dir='ltr'><strong><em>ετ</em></strong></span> <span class='ocrx_word' id='word_1_247' title='bbox 1044 3243 1133 3309; x_wconf 66' lang='lat' dir='ltr'><strong><em>&#39;typico</em></strong></span> <span class='ocrx_word' id='word_1_248' title='bbox 1152 3243 1376 3308; x_wconf 75' lang='lat' dir='ltr'><strong>Consuminopoli·</strong></span> 
     </span>
     <span class='ocr_line' id='line_1_28' title="bbox 98 3319 1377 3394; baseline -0.004 -11"><span class='ocrx_word' id='word_1_249' title='bbox 98 3341 157 3383; x_wconf 81' lang='grc' dir='ltr'><strong><em>ίτιιο</em></strong></span> <span class='ocrx_word' id='word_1_250' title='bbox 179 3321 357 3380; x_wconf 73' lang='grc' dir='ltr'><strong><em>1851ε1έατά</em></strong></span> <span class='ocrx_word' id='word_1_251' title='bbox 375 3325 495 3393; x_wconf 80' lang='grc' dir='ltr'><strong><em>πρῶτον,</em></strong></span> <span class='ocrx_word' id='word_1_252' title='bbox 513 3321 666 3392; x_wconf 74' lang='grc' dir='ltr'><strong><em>ἐρχομένου</em></strong></span> <span class='ocrx_word' id='word_1_253' title='bbox 684 3323 733 3376; x_wconf 88' lang='grc' dir='ltr'><strong><em>τού</em></strong></span> <span class='ocrx_word' id='word_1_254' title='bbox 748 3319 927 3392; x_wconf 83' lang='grc' dir='ltr'><strong><em>Πατριάρχου</em></strong></span> <span class='ocrx_word' id='word_1_255' title='bbox 944 3323 1108 3394; x_wconf 78' lang='grc' dir='ltr'><strong><em>ἔμπροσθεν</em></strong></span> <span class='ocrx_word' id='word_1_256' title='bbox 1126 3324 1170 3388; x_wconf 81' lang='grc' dir='ltr'><strong><em>τῆς</em></strong></span> <span class='ocrx_word' id='word_1_257' title='bbox 1185 3321 1377 3392; x_wconf 80' lang='grc' dir='ltr'><strong><em>μεσαλαςΙΙύ-</em></strong></span> 
     </span>
     <span class='ocr_line' id='line_1_29' title="bbox 99 3397 1378 3480; baseline -0.002 -17"><span class='ocrx_word' id='word_1_258' title='bbox 99 3415 148 3477; x_wconf 83' lang='grc' dir='ltr'><strong><em>λης</em></strong></span> <span class='ocrx_word' id='word_1_259' title='bbox 171 3411 221 3463; x_wconf 85' lang='grc' dir='ltr'><strong><em>τού</em></strong></span> <span class='ocrx_word' id='word_1_260' title='bbox 238 3407 395 3478; x_wconf 83' lang='grc' dir='ltr'><strong><em>Νάρθηκος,</em></strong></span> <span class='ocrx_word' id='word_1_261' title='bbox 422 3403 488 3472; x_wconf 81' lang='grc' dir='ltr'><strong><em>ψάλ.</em></strong></span> <span class='ocrx_word' id='word_1_262' title='bbox 512 3397 656 3476; x_wconf 76' lang='grc' dir='ltr'><strong><em>τὸ,”Αξιύν</em></strong></span> <span class='ocrx_word' id='word_1_263' title='bbox 674 3406 762 3460; x_wconf 66' lang='grc' dir='ltr'><strong><em>ἔστιν·</em></strong></span> <span class='ocrx_word' id='word_1_264' title='bbox 786 3410 834 3460; x_wconf 84' lang='grc' dir='ltr'><strong><em>καλ</em></strong></span> <span class='ocrx_word' id='word_1_265' title='bbox 851 3409 878 3460; x_wconf 83' lang='grc' dir='ltr'><strong><em>ολ</em></strong></span> <span class='ocrx_word' id='word_1_266' title='bbox 894 3407 949 3480; x_wconf 76' lang='grc' dir='ltr'><strong><em>μίν</em></strong></span> <span class='ocrx_word' id='word_1_267' title='bbox 966 3403 1042 3478; x_wconf 84' lang='grc' dir='ltr'><strong><em>ἅγιοι</em></strong></span> <span class='ocrx_word' id='word_1_268' title='bbox 1059 3406 1195 3478; x_wconf 79' lang='grc' dir='ltr'><strong><em>ἀρχιερεῖς</em></strong></span> <span class='ocrx_word' id='word_1_269' title='bbox 1212 3409 1378 3476; x_wconf 85' lang='grc' dir='ltr'><strong><em>ελςέρχοντιιι</em></strong></span> 
     </span>
     <span class='ocr_line' id='line_1_30' title="bbox 99 3485 1378 3565; baseline -0.002 -16"><span class='ocrx_word' id='word_1_270' title='bbox 99 3499 141 3556; x_wconf 69' lang='grc' dir='ltr'><strong><em>εἰς</em></strong></span> <span class='ocrx_word' id='word_1_271' title='bbox 157 3493 189 3548; x_wconf 91' lang='grc' dir='ltr'><strong><em>τὸ</em></strong></span> <span class='ocrx_word' id='word_1_272' title='bbox 206 3495 296 3565; x_wconf 75' lang='grc' dir='ltr'><strong><em>βῆμα·</em></strong></span> <span class='ocrx_word' id='word_1_273' title='bbox 316 3486 330 3545; x_wconf 88' lang='grc' dir='ltr'><strong><em>ὸ</em></strong></span> <span class='ocrx_word' id='word_1_274' title='bbox 349 3492 379 3544; x_wconf 80' lang='grc' dir='ltr'><strong><em>δὲ</em></strong></span> <span class='ocrx_word' id='word_1_275' title='bbox 398 3485 602 3561; x_wconf 85' lang='grc' dir='ltr'><strong><em>πριμμηκήριος</em></strong></span> <span class='ocrx_word' id='word_1_276' title='bbox 618 3491 653 3560; x_wconf 79' lang='grc' dir='ltr'><strong><em>μλ</em></strong></span> <span class='ocrx_word' id='word_1_277' title='bbox 673 3489 703 3545; x_wconf 91' lang='grc' dir='ltr'><strong><em>τὸ</em></strong></span> <span class='ocrx_word' id='word_1_278' title='bbox 721 3485 923 3558; x_wconf 74' lang='grc' dir='ltr'><strong><em>διβάνδβουλον</em></strong></span> <span class='ocrx_word' id='word_1_279' title='bbox 940 3493 987 3544; x_wconf 82' lang='grc' dir='ltr'><strong><em>καλ</em></strong></span> <span class='ocrx_word' id='word_1_280' title='bbox 1004 3495 1132 3560; x_wconf 89' lang='grc' dir='ltr'><strong><em>τέσσαρσι</em></strong></span> <span class='ocrx_word' id='word_1_281' title='bbox 1155 3487 1278 3546; x_wconf 85' lang='grc' dir='ltr'><strong><em>διάκονοι</em></strong></span> <span class='ocrx_word' id='word_1_282' title='bbox 1296 3491 1378 3546; x_wconf 73' lang='grc' dir='ltr'><strong><em>ἐνδε-</em></strong></span> 
     </span>
     <span class='ocr_line' id='line_1_31' title="bbox 101 3571 1379 3649; baseline -0.004 -16"><span class='ocrx_word' id='word_1_283' title='bbox 101 3580 222 3649; x_wconf 86' lang='grc' dir='ltr'><strong><em>δυμένοι</em></strong></span> <span class='ocrx_word' id='word_1_284' title='bbox 244 3575 281 3648; x_wconf 75' lang='grc' dir='ltr'><strong><em>μδ</em></strong></span> <span class='ocrx_word' id='word_1_285' title='bbox 305 3572 353 3635; x_wconf 84' lang='grc' dir='ltr'><strong><em>τάς</em></strong></span> <span class='ocrx_word' id='word_1_286' title='bbox 376 3573 452 3638; x_wconf 73' lang='grc' dir='ltr'><strong><em>ἱεράς</em></strong></span> <span class='ocrx_word' id='word_1_287' title='bbox 472 3575 578 3642; x_wconf 84' lang='grc' dir='ltr'><strong><em>στολάς,</em></strong></span> <span class='ocrx_word' id='word_1_288' title='bbox 600 3578 647 3627; x_wconf 83' lang='grc' dir='ltr'><strong><em>καλ</em></strong></span> <span class='ocrx_word' id='word_1_289' title='bbox 665 3571 897 3646; x_wconf 83' lang='grc' dir='ltr'><strong><em>δικηροτρικήρων</em></strong></span> <span class='ocrx_word' id='word_1_290' title='bbox 914 3573 971 3630; x_wconf 85' lang='grc' dir='ltr'><strong><em>δύω</em></strong></span> <span class='ocrx_word' id='word_1_291' title='bbox 990 3576 1020 3638; x_wconf 76' lang='grc' dir='ltr'><strong><em>λξ</em></strong></span> <span class='ocrx_word' id='word_1_292' title='bbox 1037 3575 1129 3628; x_wconf 80' lang='grc' dir='ltr'><strong><em>αὐτῶν</em></strong></span> <span class='ocrx_word' id='word_1_293' title='bbox 1146 3572 1312 3646; x_wconf 79' lang='grc' dir='ltr'><strong><em>θυμιάζουσι</em></strong></span> <span class='ocrx_word' id='word_1_294' title='bbox 1331 3575 1379 3631; x_wconf 88' lang='grc' dir='ltr'><strong><em>τὸν</em></strong></span> 
     </span>
     <span class='ocr_line' id='line_1_32' title="bbox 102 3655 1380 3732; baseline -0.002 -16"><span class='ocrx_word' id='word_1_295' title='bbox 102 3667 192 3731; x_wconf 85' lang='grc' dir='ltr'><strong><em>Πατρ.</em></strong></span> <span class='ocrx_word' id='word_1_296' title='bbox 211 3663 393 3731; x_wconf 73' lang='grc' dir='ltr'><strong><em>ἐμβαίνουσιν</em></strong></span> <span class='ocrx_word' id='word_1_297' title='bbox 408 3663 448 3720; x_wconf 72' lang='grc' dir='ltr'><strong><em>εἰς</em></strong></span> <span class='ocrx_word' id='word_1_298' title='bbox 465 3656 495 3714; x_wconf 88' lang='grc' dir='ltr'><strong><em>τὸ</em></strong></span> <span class='ocrx_word' id='word_1_299' title='bbox 511 3661 596 3730; x_wconf 76' lang='grc' dir='ltr'><strong><em>βῆμα.</em></strong></span> <span class='ocrx_word' id='word_1_300' title='bbox 616 3655 684 3713; x_wconf 86' lang='grc' dir='ltr'><strong><em>Τότε</em></strong></span> <span class='ocrx_word' id='word_1_301' title='bbox 703 3657 718 3714; x_wconf 88' lang='grc' dir='ltr'><strong><em>ὸ</em></strong></span> <span class='ocrx_word' id='word_1_302' title='bbox 736 3662 843 3729; x_wconf 81' lang='grc' dir='ltr'><strong><em>ττριῑιος</em></strong></span> <span class='ocrx_word' id='word_1_303' title='bbox 860 3663 892 3732; x_wconf 77' lang='grc' dir='ltr'><strong><em>ιη’</em></strong></span> <span class='ocrx_word' id='word_1_304' title='bbox 908 3655 981 3721; x_wconf 80' lang='grc' dir='ltr'><strong><em>τάξει</em></strong></span> <span class='ocrx_word' id='word_1_305' title='bbox 998 3663 1053 3713; x_wconf 81' lang='grc' dir='ltr'><strong><em>τιόν</em></strong></span> <span class='ocrx_word' id='word_1_306' title='bbox 1070 3659 1222 3728; x_wconf 79' lang='grc' dir='ltr'><strong><em>ἀρχιερέων</em></strong></span> <span class='ocrx_word' id='word_1_307' title='bbox 1238 3665 1315 3714; x_wconf 83' lang='grc' dir='ltr'><strong><em>ποιεῖ</em></strong></span> <span class='ocrx_word' id='word_1_308' title='bbox 1330 3661 1380 3714; x_wconf 81' lang='grc' dir='ltr'><strong><em>τά·</em></strong></span> 
     </span>
     <span class='ocr_line' id='line_1_33' title="bbox 102 3738 1383 3818; baseline -0.003 -18"><span class='ocrx_word' id='word_1_309' title='bbox 102 3743 238 3818; x_wconf 75' lang='grc' dir='ltr'><strong><em>λυγητόν’</em></strong></span> <span class='ocrx_word' id='word_1_310' title='bbox 264 3745 294 3798; x_wconf 87' lang='grc' dir='ltr'><strong><em>τὸ</em></strong></span> <span class='ocrx_word' id='word_1_311' title='bbox 314 3738 463 3814; x_wconf 85' lang='grc' dir='ltr'><strong><em>Τριςάγιον</em></strong></span> <span class='ocrx_word' id='word_1_312' title='bbox 479 3747 535 3797; x_wconf 87' lang='grc' dir='ltr'><strong><em>κτλ.</em></strong></span> <span class='ocrx_word' id='word_1_313' title='bbox 559 3747 607 3799; x_wconf 83' lang='grc' dir='ltr'><strong><em>καλ</em></strong></span> <span class='ocrx_word' id='word_1_314' title='bbox 625 3739 781 3812; x_wconf 79' lang='grc' dir='ltr'><strong><em>ψάλλουσιν</em></strong></span> <span class='ocrx_word' id='word_1_315' title='bbox 805 3746 832 3797; x_wconf 87' lang='grc' dir='ltr'><strong><em>ολ</em></strong></span> <span class='ocrx_word' id='word_1_316' title='bbox 855 3741 931 3814; x_wconf 83' lang='grc' dir='ltr'><strong><em>ἀγιοι</em></strong></span> <span class='ocrx_word' id='word_1_317' title='bbox 948 3742 1093 3814; x_wconf 80' lang='grc' dir='ltr'><strong><em>ἀρχιερεῖς,</em></strong></span> <span class='ocrx_word' id='word_1_318' title='bbox 1117 3741 1156 3811; x_wconf 84' lang='grc' dir='ltr'><strong><em>τὸ,</em></strong></span> <span class='ocrx_word' id='word_1_319' title='bbox 1180 3743 1339 3814; x_wconf 78' lang='grc' dir='ltr'><strong><em>Εὐλογητὸς</em></strong></span> <span class='ocrx_word' id='word_1_320' title='bbox 1353 3738 1383 3800; x_wconf 80' lang='grc' dir='ltr'><strong><em>εἶ</em></strong></span> 
     </span>
     <span class='ocr_line' id='line_1_34' title="bbox 105 3824 1382 3903; baseline -0.001 -19"><span class='ocrx_word' id='word_1_321' title='bbox 105 3832 210 3903; x_wconf 80' lang='grc' dir='ltr'><strong><em>Χριστλ</em></strong></span> <span class='ocrx_word' id='word_1_322' title='bbox 236 3825 250 3883; x_wconf 90' lang='grc' dir='ltr'><strong><em>ὸ</em></strong></span> <span class='ocrx_word' id='word_1_323' title='bbox 273 3827 341 3889; x_wconf 83' lang='grc' dir='ltr'><strong><em>Θεὸς</em></strong></span> <span class='ocrx_word' id='word_1_324' title='bbox 357 3825 447 3897; x_wconf 78' lang='grc' dir='ltr'><strong><em>ήμιλν.</em></strong></span> <span class='ocrx_word' id='word_1_325' title='bbox 474 3831 530 3882; x_wconf 74' lang='grc' dir='ltr'><strong><em>Καὶ</em></strong></span> <span class='ocrx_word' id='word_1_326' title='bbox 549 3824 650 3882; x_wconf 88' lang='grc' dir='ltr'><strong><em>τὸὍιε</em></strong></span> <span class='ocrx_word' id='word_1_327' title='bbox 669 3827 789 3894; x_wconf 76' lang='grc' dir='ltr'><strong><em>καταβάς</em></strong></span> <span class='ocrx_word' id='word_1_328' title='bbox 806 3825 853 3888; x_wconf 83' lang='grc' dir='ltr'><strong><em>τὸς</em></strong></span> <span class='ocrx_word' id='word_1_329' title='bbox 870 3824 998 3898; x_wconf 79' lang='grc' dir='ltr'><strong><em>γλώσσας</em></strong></span> <span class='ocrx_word' id='word_1_330' title='bbox 1014 3833 1137 3898; x_wconf 79' lang='grc' dir='ltr'><strong><em>συνέχεε.</em></strong></span> <span class='ocrx_word' id='word_1_331' title='bbox 1164 3829 1221 3882; x_wconf 76' lang='grc' dir='ltr'><strong><em>Καὶ</em></strong></span> <span class='ocrx_word' id='word_1_332' title='bbox 1240 3825 1254 3882; x_wconf 88' lang='grc' dir='ltr'><strong><em>ό</em></strong></span> <span class='ocrx_word' id='word_1_333' title='bbox 1273 3833 1382 3898; x_wconf 78' lang='grc' dir='ltr'><strong><em>πρῶτος</em></strong></span> 
     </span>
     <span class='ocr_line' id='line_1_35' title="bbox 103 3907 1381 3988; baseline -0.003 -18"><span class='ocrx_word' id='word_1_334' title='bbox 103 3921 135 3988; x_wconf 75' lang='grc' dir='ltr'><strong><em>τι]</em></strong></span> <span class='ocrx_word' id='word_1_335' title='bbox 159 3911 234 3976; x_wconf 80' lang='grc' dir='ltr'><strong><em>τάξει</em></strong></span> <span class='ocrx_word' id='word_1_336' title='bbox 258 3915 314 3966; x_wconf 78' lang='grc' dir='ltr'><strong><em>τῶν</em></strong></span> <span class='ocrx_word' id='word_1_337' title='bbox 337 3911 497 3984; x_wconf 85' lang='grc' dir='ltr'><strong><em>ἀρχιερέων.</em></strong></span> <span class='ocrx_word' id='word_1_338' title='bbox 521 3910 651 3978; x_wconf 83' lang='grc' dir='ltr'><strong><em>Ἐλέησον</em></strong></span> <span class='ocrx_word' id='word_1_339' title='bbox 673 3907 746 3984; x_wconf 80' lang='grc' dir='ltr'><strong><em>ἡμεῖς</em></strong></span> <span class='ocrx_word' id='word_1_340' title='bbox 770 3907 783 3966; x_wconf 92' lang='grc' dir='ltr'><strong><em>ὸ</em></strong></span> <span class='ocrx_word' id='word_1_341' title='bbox 806 3910 881 3979; x_wconf 87' lang='grc' dir='ltr'><strong><em>Θεὸς,</em></strong></span> <span class='ocrx_word' id='word_1_342' title='bbox 909 3914 936 3965; x_wconf 88' lang='grc' dir='ltr'><strong><em>ολ</em></strong></span> <span class='ocrx_word' id='word_1_343' title='bbox 959 3907 1033 3980; x_wconf 75' lang='grc' dir='ltr'><strong><em>ἅγιοι</em></strong></span> <span class='ocrx_word' id='word_1_344' title='bbox 1051 3909 1194 3982; x_wconf 85' lang='grc' dir='ltr'><strong><em>ἀρχιερεῖς.</em></strong></span> <span class='ocrx_word' id='word_1_345' title='bbox 1226 3913 1274 3980; x_wconf 82' lang='grc' dir='ltr'><strong><em>Τὸ,</em></strong></span> <span class='ocrx_word' id='word_1_346' title='bbox 1292 3915 1381 3982; x_wconf 82' lang='grc' dir='ltr'><strong><em>Κύριε</em></strong></span> 
     </span>
     <span class='ocr_line' id='line_1_36' title="bbox 104 3989 1226 4068; baseline 0 -16"><span class='ocrx_word' id='word_1_347' title='bbox 104 4001 222 4068; x_wconf 67' lang='grc' dir='ltr'><strong><em>ἐλέησον</em></strong></span> <span class='ocrx_word' id='word_1_348' title='bbox 239 3991 274 4068; x_wconf 83' lang='grc' dir='ltr'><strong><em>γ’.</em></strong></span> <span class='ocrx_word' id='word_1_349' title='bbox 288 3995 375 4067; x_wconf 72' lang='grc' dir='ltr'><strong><em>Ὑπὲρ</em></strong></span> <span class='ocrx_word' id='word_1_350' title='bbox 394 4001 449 4049; x_wconf 78' lang='grc' dir='ltr'><strong><em>τῶν</em></strong></span> <span class='ocrx_word' id='word_1_351' title='bbox 466 3993 588 4062; x_wconf 76' lang='grc' dir='ltr'><strong><em>εὐσεβῶν</em></strong></span> <span class='ocrx_word' id='word_1_352' title='bbox 605 3998 651 4048; x_wconf 85' lang='grc' dir='ltr'><strong><em>καλ</em></strong></span> <span class='ocrx_word' id='word_1_353' title='bbox 670 3993 783 4050; x_wconf 85' lang='grc' dir='ltr'><strong><em>...Ὅτι</em></strong></span> <span class='ocrx_word' id='word_1_354' title='bbox 801 3997 925 4065; x_wconf 78' lang='grc' dir='ltr'><strong><em>έλεῆμον,</em></strong></span> <span class='ocrx_word' id='word_1_355' title='bbox 944 3997 991 4048; x_wconf 86' lang='grc' dir='ltr'><strong><em>καλ</em></strong></span> <span class='ocrx_word' id='word_1_356' title='bbox 1007 3989 1066 4066; x_wconf 75' lang='grc' dir='ltr'><strong><em>ἅμα</em></strong></span> <span class='ocrx_word' id='word_1_357' title='bbox 1085 3990 1226 4057; x_wconf 84' lang='grc' dir='ltr'><strong><em>ἀπόλυσις.</em></strong></span> 
     </span>
    </p>

    <p class='ocr_par' dir='ltr' id='par_1_6' title="bbox 103 4073 1431 4660">
     <span class='ocr_line' id='line_1_37' title="bbox 191 4073 1385 4151; baseline -0.003 -15"><span class='ocrx_word' id='word_1_358' title='bbox 191 4077 261 4136; x_wconf 77' lang='grc' dir='ltr'><strong><em>Εἶτα</em></strong></span> <span class='ocrx_word' id='word_1_359' title='bbox 280 4078 392 4151; x_wconf 85' lang='grc' dir='ltr'><strong><em>ὸΠατρ.</em></strong></span> <span class='ocrx_word' id='word_1_360' title='bbox 410 4076 537 4134; x_wconf 71' lang='grc' dir='ltr'><strong><em>ἐνδύεται</em></strong></span> <span class='ocrx_word' id='word_1_361' title='bbox 553 4076 601 4133; x_wconf 87' lang='grc' dir='ltr'><strong><em>τὸν</em></strong></span> <span class='ocrx_word' id='word_1_362' title='bbox 617 4076 758 4149; x_wconf 86' lang='grc' dir='ltr'><strong><em>μανδάαν,</em></strong></span> <span class='ocrx_word' id='word_1_363' title='bbox 776 4074 969 4148; x_wconf 71' lang='grc' dir='ltr'><strong><em>ἐπιτραχήλιον</em></strong></span> <span class='ocrx_word' id='word_1_364' title='bbox 986 4081 1033 4132; x_wconf 78' lang='grc' dir='ltr'><strong><em>καὶ</em></strong></span> <span class='ocrx_word' id='word_1_365' title='bbox 1050 4073 1224 4150; x_wconf 75' lang='grc' dir='ltr'><strong><em>ιύμοηιύριον,</em></strong></span> <span class='ocrx_word' id='word_1_366' title='bbox 1242 4081 1288 4132; x_wconf 86' lang='grc' dir='ltr'><strong><em>κιιλ</em></strong></span> <span class='ocrx_word' id='word_1_367' title='bbox 1309 4081 1385 4134; x_wconf 86' lang='grc' dir='ltr'><strong><em>ποιεῖ</em></strong></span> 
     </span>
     <span class='ocr_line' id='line_1_38' title="bbox 103 4160 1383 4239; baseline -0.005 -16"><span class='ocrx_word' id='word_1_368' title='bbox 103 4162 269 4239; x_wconf 85' lang='grc' dir='ltr'><strong><em>εύλογητόν.</em></strong></span> <span class='ocrx_word' id='word_1_369' title='bbox 289 4163 328 4219; x_wconf 89' lang='grc' dir='ltr'><strong><em>Τὸ</em></strong></span> <span class='ocrx_word' id='word_1_370' title='bbox 348 4165 505 4236; x_wconf 81' lang='grc' dir='ltr'><strong><em>Τριςάγισν,</em></strong></span> <span class='ocrx_word' id='word_1_371' title='bbox 517 4165 570 4218; x_wconf 78' lang='grc' dir='ltr'><strong><em>καὶ</em></strong></span> <span class='ocrx_word' id='word_1_372' title='bbox 587 4163 618 4216; x_wconf 85' lang='grc' dir='ltr'><strong><em>τὸ</em></strong></span> <span class='ocrx_word' id='word_1_373' title='bbox 636 4161 721 4216; x_wconf 83' lang='grc' dir='ltr'><strong><em>λοιπά</em></strong></span> <span class='ocrx_word' id='word_1_374' title='bbox 738 4160 776 4224; x_wconf 87' lang='grc' dir='ltr'><strong><em>ιὸς</em></strong></span> <span class='ocrx_word' id='word_1_375' title='bbox 791 4161 903 4218; x_wconf 81' lang='grc' dir='ltr'><strong><em>ἀνωθεν</em></strong></span> <span class='ocrx_word' id='word_1_376' title='bbox 920 4162 1149 4230; x_wconf 78' lang='grc' dir='ltr'><strong><em>ἀπαραλλάκτως·</em></strong></span> <span class='ocrx_word' id='word_1_377' title='bbox 1167 4161 1228 4233; x_wconf 80' lang='grc' dir='ltr'><strong><em>τίμα</em></strong></span> <span class='ocrx_word' id='word_1_378' title='bbox 1245 4164 1315 4234; x_wconf 81' lang='grc' dir='ltr'><strong><em>μετὰ</em></strong></span> <span class='ocrx_word' id='word_1_379' title='bbox 1332 4165 1383 4232; x_wconf 79' lang='grc' dir='ltr'><strong><em>την</em></strong></span> 
     </span>
     <span class='ocr_line' id='line_1_39' title="bbox 106 4241 1383 4320; baseline -0.005 -15"><span class='ocrx_word' id='word_1_380' title='bbox 106 4251 249 4308; x_wconf 80' lang='grc' dir='ltr'><strong><em>ἀπόλυσιν</em></strong></span> <span class='ocrx_word' id='word_1_381' title='bbox 266 4247 281 4304; x_wconf 90' lang='grc' dir='ltr'><strong><em>ὸ</em></strong></span> <span class='ocrx_word' id='word_1_382' title='bbox 300 4246 477 4312; x_wconf 75' lang='grc' dir='ltr'><strong><em>ἐνδοξότατος</em></strong></span> <span class='ocrx_word' id='word_1_383' title='bbox 494 4246 589 4320; x_wconf 76' lang='grc' dir='ltr'><strong><em>ἄρχων</em></strong></span> <span class='ocrx_word' id='word_1_384' title='bbox 598 4251 640 4304; x_wconf 89' lang='lat' dir='ltr'><strong><em>M.</em></strong></span> <span class='ocrx_word' id='word_1_385' title='bbox 659 4251 821 4317; x_wconf 87' lang='grc' dir='ltr'><strong><em>Λογοθέτης</em></strong></span> <span class='ocrx_word' id='word_1_386' title='bbox 838 4251 987 4314; x_wconf 84' lang='grc' dir='ltr'><strong><em>προςκαλεῖ</em></strong></span> <span class='ocrx_word' id='word_1_387' title='bbox 1003 4249 1051 4302; x_wconf 89' lang='grc' dir='ltr'><strong><em>τὸν</em></strong></span> <span class='ocrx_word' id='word_1_388' title='bbox 1068 4241 1206 4311; x_wconf 81' lang='grc' dir='ltr'><strong><em>δεσπότην</em></strong></span> <span class='ocrx_word' id='word_1_389' title='bbox 1223 4247 1263 4304; x_wconf 86' lang='grc' dir='ltr'><strong><em>ιλς</em></strong></span> <span class='ocrx_word' id='word_1_390' title='bbox 1279 4242 1383 4300; x_wconf 82' lang='grc' dir='ltr'><strong><em>ιὸνολ-</em></strong></span> 
     </span>
     <span class='ocr_line' id='line_1_40' title="bbox 107 4324 1384 4404; baseline -0.008 -12"><span class='ocrx_word' id='word_1_391' title='bbox 107 4331 278 4404; x_wconf 81' lang='grc' dir='ltr'><strong><em>κουμενικὸν</em></strong></span> <span class='ocrx_word' id='word_1_392' title='bbox 295 4328 410 4404; x_wconf 85' lang='grc' dir='ltr'><strong><em>θρόνον.</em></strong></span> <span class='ocrx_word' id='word_1_393' title='bbox 428 4336 485 4386; x_wconf 79' lang='grc' dir='ltr'><strong><em>Καὶ</em></strong></span> <span class='ocrx_word' id='word_1_394' title='bbox 502 4328 556 4385; x_wconf 83' lang='grc' dir='ltr'><strong><em>ὑπὸ</em></strong></span> <span class='ocrx_word' id='word_1_395' title='bbox 575 4335 622 4386; x_wconf 83' lang='grc' dir='ltr'><strong><em>τοῦ</em></strong></span> <span class='ocrx_word' id='word_1_396' title='bbox 640 4325 801 4397; x_wconf 81' lang='grc' dir='ltr'><strong><em>δεσπότουή</em></strong></span> <span class='ocrx_word' id='word_1_397' title='bbox 812 4328 1010 4398; x_wconf 83' lang='grc' dir='ltr'><strong><em>τύχαρλστησις.</em></strong></span> <span class='ocrx_word' id='word_1_398' title='bbox 1031 4325 1098 4382; x_wconf 84' lang='grc' dir='ltr'><strong><em>Τότε</em></strong></span> <span class='ocrx_word' id='word_1_399' title='bbox 1109 4324 1384 4399; x_wconf 76' lang='grc' dir='ltr'><strong><em>ὸιῖγιοςῊρακλεέιις</em></strong></span> 
     </span>
     <span class='ocr_line' id='line_1_41' title="bbox 109 4403 1431 4494; baseline -0.006 -20"><span class='ocrx_word' id='word_1_400' title='bbox 109 4415 303 4494; x_wconf 77' lang='grc' dir='ltr'><strong><em>ἀσπαζόμενος</em></strong></span> <span class='ocrx_word' id='word_1_401' title='bbox 320 4417 368 4485; x_wconf 78' lang='grc' dir='ltr'><strong><em>τήν</em></strong></span> <span class='ocrx_word' id='word_1_402' title='bbox 385 4414 478 4478; x_wconf 82' lang='grc' dir='ltr'><strong><em>δεξιάν</em></strong></span> <span class='ocrx_word' id='word_1_403' title='bbox 495 4421 543 4472; x_wconf 81' lang='grc' dir='ltr'><strong><em>τοῦ</em></strong></span> <span class='ocrx_word' id='word_1_404' title='bbox 560 4419 646 4483; x_wconf 86' lang='grc' dir='ltr'><strong><em>ΙΙατρ.</em></strong></span> <span class='ocrx_word' id='word_1_405' title='bbox 664 4415 703 4482; x_wconf 82' lang='grc' dir='ltr'><strong><em>τρῖ</em></strong></span> <span class='ocrx_word' id='word_1_406' title='bbox 720 4415 790 4468; x_wconf 83' lang='grc' dir='ltr'><strong><em>δλδει</em></strong></span> <span class='ocrx_word' id='word_1_407' title='bbox 807 4411 856 4480; x_wconf 83' lang='grc' dir='ltr'><strong><em>τήν</em></strong></span> <span class='ocrx_word' id='word_1_408' title='bbox 873 4418 1032 4486; x_wconf 78' lang='grc' dir='ltr'><strong><em>ΙΙατερλτζα.</em></strong></span> <span class='ocrx_word' id='word_1_409' title='bbox 1055 4415 1113 4465; x_wconf 72' lang='grc' dir='ltr'><strong><em>Καὶ</em></strong></span> <span class='ocrx_word' id='word_1_410' title='bbox 1131 4407 1145 4466; x_wconf 90' lang='grc' dir='ltr'><strong><em>ὸ</em></strong></span> <span class='ocrx_word' id='word_1_411' title='bbox 1163 4429 1245 4480; x_wconf 89' lang='grc' dir='ltr'><strong><em>πατρ.</em></strong></span> <span class='ocrx_word' id='word_1_412' title='bbox 1263 4407 1385 4480; x_wconf 85' lang='grc' dir='ltr'><strong><em>ἀνερχύ-</em></strong></span> <span class='ocrx_word' id='word_1_413' title='bbox 1426 4403 1431 4411; x_wconf 66' lang='grc'>’</span> 
     </span>
     <span class='ocr_line' id='line_1_42' title="bbox 110 4491 1384 4577; baseline -0.009 -17"><span class='ocrx_word' id='word_1_414' title='bbox 110 4523 197 4577; x_wconf 86' lang='grc' dir='ltr'><strong><em>μενος</em></strong></span> <span class='ocrx_word' id='word_1_415' title='bbox 222 4505 271 4557; x_wconf 75' lang='grc' dir='ltr'><strong><em>ἐπὶ</em></strong></span> <span class='ocrx_word' id='word_1_416' title='bbox 294 4505 339 4558; x_wconf 81' lang='grc' dir='ltr'><strong><em>τοῦ</em></strong></span> <span class='ocrx_word' id='word_1_417' title='bbox 362 4501 478 4575; x_wconf 81' lang='grc' dir='ltr'><strong><em>θρόνου,</em></strong></span> <span class='ocrx_word' id='word_1_418' title='bbox 504 4499 615 4569; x_wconf 79' lang='grc' dir='ltr'><strong><em>εύλογεῖ</em></strong></span> <span class='ocrx_word' id='word_1_419' title='bbox 632 4499 668 4568; x_wconf 79' lang='grc' dir='ltr'><strong><em>μὲ</em></strong></span> <span class='ocrx_word' id='word_1_420' title='bbox 692 4497 741 4552; x_wconf 87' lang='grc' dir='ltr'><strong><em>τὸν</em></strong></span> <span class='ocrx_word' id='word_1_421' title='bbox 758 4503 850 4568; x_wconf 77' lang='grc' dir='ltr'><strong><em>τίμιον</em></strong></span> <span class='ocrx_word' id='word_1_422' title='bbox 867 4495 998 4568; x_wconf 85' lang='grc' dir='ltr'><strong><em>σταυρόν.</em></strong></span> <span class='ocrx_word' id='word_1_423' title='bbox 1025 4491 1107 4548; x_wconf 86' lang='grc' dir='ltr'><strong><em>Μετά</em></strong></span> <span class='ocrx_word' id='word_1_424' title='bbox 1123 4495 1153 4548; x_wconf 84' lang='grc' dir='ltr'><strong><em>ιλλ</em></strong></span> <span class='ocrx_word' id='word_1_425' title='bbox 1172 4493 1212 4560; x_wconf 89' lang='grc' dir='ltr'><strong><em>τὸ,</em></strong></span> <span class='ocrx_word' id='word_1_426' title='bbox 1229 4497 1279 4554; x_wconf 72' lang='grc' dir='ltr'><strong><em>Εἰς</em></strong></span> <span class='ocrx_word' id='word_1_427' title='bbox 1294 4493 1384 4548; x_wconf 79' lang='grc' dir='ltr'><strong><em>πολλὰ</em></strong></span> 
     </span>
     <span class='ocr_line' id='line_1_43' title="bbox 114 4571 1384 4660; baseline -0.009 -17"><span class='ocrx_word' id='word_1_428' title='bbox 114 4591 167 4658; x_wconf 74' lang='grc' dir='ltr'><strong><em>ἔτη,</em></strong></span> <span class='ocrx_word' id='word_1_429' title='bbox 185 4591 309 4660; x_wconf 76' lang='grc' dir='ltr'><strong><em>λκφιανιῖ</em></strong></span> <span class='ocrx_word' id='word_1_430' title='bbox 331 4584 346 4641; x_wconf 90' lang='grc' dir='ltr'><strong><em>ὸ</em></strong></span> <span class='ocrx_word' id='word_1_431' title='bbox 363 4579 564 4658; x_wconf 85' lang='grc' dir='ltr'><strong><em>πρωτοψάλτης</em></strong></span> <span class='ocrx_word' id='word_1_432' title='bbox 580 4581 628 4636; x_wconf 91' lang='grc' dir='ltr'><strong><em>τὸν</em></strong></span> <span class='ocrx_word' id='word_1_433' title='bbox 645 4578 872 4655; x_wconf 85' lang='grc' dir='ltr'><strong><em>πολυχρονισμόν</em></strong></span> <span class='ocrx_word' id='word_1_434' title='bbox 888 4579 965 4637; x_wconf 84' lang='grc' dir='ltr'><strong><em>καλὸ</em></strong></span> <span class='ocrx_word' id='word_1_435' title='bbox 983 4578 1067 4652; x_wconf 86' lang='grc' dir='ltr'><strong><em>λόγος</em></strong></span> <span class='ocrx_word' id='word_1_436' title='bbox 1082 4576 1123 4634; x_wconf 69' lang='grc' dir='ltr'><strong><em>ἐπ’</em></strong></span> <span class='ocrx_word' id='word_1_437' title='bbox 1144 4571 1283 4648; x_wconf 76' lang='grc' dir='ltr'><strong><em>ἀμβατὸς.</em></strong></span> <span class='ocrx_word' id='word_1_438' title='bbox 1306 4572 1384 4648; x_wconf 74' lang='grc' dir='ltr'><strong><em>Εἶτα,</em></strong></span> 
     </span>
    </p>
   </div>
   <div class='ocr_carea' id='block_1_4' title="bbox 115 4667 768 4752">
    <p class='ocr_par' dir='ltr' id='par_1_7' title="bbox 115 4667 768 4752">
     <span class='ocr_line' id='line_1_44' title="bbox 115 4667 768 4752; baseline -0.011 -26"><span class='ocrx_word' id='word_1_439' title='bbox 115 4673 175 4752; x_wconf 74' lang='grc' dir='ltr'><strong><em>Τὸν</em></strong></span> <span class='ocrx_word' id='word_1_440' title='bbox 191 4669 334 4749; x_wconf 77' lang='grc' dir='ltr'><strong><em>δεσπότην</em></strong></span> <span class='ocrx_word' id='word_1_441' title='bbox 350 4673 397 4724; x_wconf 82' lang='grc' dir='ltr'><strong><em>καλ</em></strong></span> <span class='ocrx_word' id='word_1_442' title='bbox 413 4667 540 4740; x_wconf 77' lang='grc' dir='ltr'><strong><em>ἀρχιερέα</em></strong></span> <span class='ocrx_word' id='word_1_443' title='bbox 621 4669 669 4722; x_wconf 85' lang='grc' dir='ltr'><strong><em>καλ</em></strong></span> <span class='ocrx_word' id='word_1_444' title='bbox 685 4669 768 4728; x_wconf 87' lang='grc' dir='ltr'><strong><em>τέλος.</em></strong></span> 
     </span>
    </p>
   </div>
   <div class='ocr_carea' id='block_1_5' title="bbox 1125 4747 1182 4800">
    <p class='ocr_par' dir='ltr' id='par_1_8' title="bbox 1125 4747 1182 4800">
     <span class='ocr_line' id='line_1_45' title="bbox 1125 4747 1182 4800; baseline 0 0"><span class='ocrx_word' id='word_1_445' title='bbox 1125 4747 1182 4800; x_wconf 78' lang='grc'><strong><em>38*</em></strong></span> 
     </span>
    </p>
   </div>
   <div class='ocr_carea' id='block_1_6' title="bbox 0 0 1725 5304">
    <p class='ocr_par' dir='ltr' id='par_1_9' title="bbox 0 0 1725 5304">
     <span class='ocr_line' id='line_1_46' title="bbox 0 0 1725 5304; baseline 0 0"><span class='ocrx_word' id='word_1_446' title='bbox 0 0 1725 5304; x_wconf 95' lang='lat' dir='ltr'><strong><em> </em></strong></span> 
     </span>
    </p>
   </div>
  </div>
 </body>
</html>
