3388 5304
716 407 787 482 621

201 588 321 660 Ίοτέον
336 586 403 659 ,ὅτι
431 587 466 658 ἐν
490 592 532 678 τῇ
557 583 682 679 μεγάλῃ
711 585 866 678 ἐκκλησίᾳ
894 583 968 656 άντί
994 584 1117 668 λίδοτος
1143 578 1235 666 ,οἶνον
1261 583 1310 667 είς
1329 585 1391 677 τὴν

114 688 283 781 κανδήλαν
302 697 363 759 τοῦ
383 685 553 774 εόχελοίου
574 685 792 776 βάλλουσιν.’)

513 866 590 936 Τοῦ
615 858 758 957 Κυρίου
784 849 994 958 δεηθῶμεν.

202 1010 329 1109 Κύριε,
356 1011 377 1086 ὁ
403 1014 444 1087 ἐν
468 1019 524 1112 τῶ
550 1012 636 1086 έλίει
661 1011 826 1097 καὶτοῖς
851 1017 1052 1108 ολιιτιρμοῒς
1078 1035 1147 1087 σου
1168 1007 1325 1108 λῶμενος
1341 1009 1390 1085 τά

114 1115 382 1211 συντρίμματα
414 1121 493 1188 τῶν
524 1122 661 1209 ψυχῶν
693 1114 758 1190 καὶ
788 1122 867 1189 τῶν
893 1113 1081 1204 σωμάτων
1105 1111 1227 1210 ἡμῶν,
1263 1111 1389 1201 αὐτὸς,

113 1217 292 1304 δέσποτα,
319 1213 479 1316 ἁγίασον
502 1215 546 1290 τὸ
572 1219 695 1292 ἔλαιον
721 1225 845 1304 τοῦτο,
872 1215 961 1300 ῶςτε
986 1215 1164 1318 γενέσθαι
1190 1221 1268 1300 τοῖς
1285 1243 1391 1313 χριο-

112 1320 243 1415 μένοις
275 1320 314 1401 ἐξ
345 1316 464 1391 αὐτοῦ
497 1322 548 1401 εἰς
581 1317 787 1414 θεραπείαν
819 1318 883 1392 καὶ
911 1316 1129 1418 ἀπαλλαγὴν
1155 1318 1294 1401 παντὸς
1316 1312 1391 1390 πά-

115 1423 228 1508 θους,
262 1426 459 1514 μολυσμοῦ
485 1426 663 1516 σαρκικοῦ
688 1419 751 1493 καί
775 1416 985 1515 πνεύματος
1008 1419 1072 1494 καὶ
1096 1420 1236 1502 παντὸς
1259 1424 1390 1507 κακοῦ,

110 1523 181 1597 ἵνα
217 1521 282 1596 καὶ
317 1523 359 1594 ἐν
393 1516 515 1619 τούτῳ
550 1519 723 1616 δοξασθῇ
760 1545 829 1596 σου
861 1520 904 1596 τὸ
941 1519 1127 1623 πανάγιον
1154 1522 1287 1618 ὄνομα,
1322 1523 1391 1594 τοῦ

113 1623 270 1719 πατρὸς,
303 1621 366 1696 καὶ
398 1630 466 1697 τοῦ
500 1622 599 1710 υἱοῦ,
632 1621 696 1696 καὶ
728 1630 797 1697 τοῦ
830 1620 941 1722 δγίου
967 1620 1189 1716 πνεύματος,
1222 1631 1296 1700 νῦν
1327 1619 1391 1696 καὶ

113 1723 188 1814 ἀεὶ,
215 1723 279 1798 καὶ
305 1727 355 1806 εἰς
379 1722 467 1808 τοὺς
492 1727 633 1808 αλῶνας
656 1729 736 1798 τῶν
762 1720 923 1799 αλιόνων.
968 1721 1096 1820 Ἀμήν.

199 1851 254 1924 Ἐν
281 1852 350 1944 ὅσῳ
377 1855 416 1924 δέ
444 1854 577 1944 λέγεται
602 1853 623 1945 ἡ
652 1851 727 1944 εόχὴ
756 1853 851 1945 παρὰ
879 1862 945 1924 τῶν
974 1853 1104 1942 ἱερέων,
1131 1852 1322 1946 ψάλλουσαι
1348 1846 1392 1922 τά

112 1955 289 2047 τροπάριοι
308 1962 425 2024 ταῦτα.

207 2059 330 2155 Ταχὺς
361 2063 411 2144 ελς
444 2059 642 2158 ἀντίληψιν
676 2057 791 2156 μόνος
824 2057 1007 2156 ὑπάρχων
1039 2059 1177 2159 Χριστέ
1186 2117 1198 2150 ,
1238 2065 1392 2155 ταχεῖαν

113 2163 188 2260 τὴν
227 2163 383 2237 ἄνωθεν
420 2159 543 2246 δεῖξον
575 2162 768 2259 ἐπίσκεψιν
800 2169 876 2247 τοῖς
908 2159 1094 2258 πάσχουσι
1125 2159 1274 2246 δούλοις
1307 2185 1390 2249 σου,

115 2261 308 2361 λάιρωσαι
339 2261 565 2360 νοσημάτων
598 2263 661 2338 καὶ
694 2271 839 2359 πικρῶν
875 2263 1113 2366 ἀλγηδόνων·
1146 2265 1289 2368 έγειρον
1321 2270 1390 2338 τοῦ

114 2365 252 2462 ὑμνεῖν
278 2390 317 2439 σε
342 2363 405 2440 καὶ
431 2361 601 2454 δοξάζειν
628 2362 839 2455 ἀπαύστως,
872 2365 1082 2463 πρεσβείαις
1106 2373 1171 2464 τῆς
1194 2361 1390 2452 θεοτόκου,

115 2465 211 2564 μόνε
238 2462 497 2564 φιλάνδρωπε.

208 2591 280 2681 Τῆς
311 2591 433 2710 ψυχης
466 2581 513 2658 τά
551 2585 703 2681 ὄμματα
736 2587 997 2682 πεπηρωμένος
1030 2584 1089 2661 σοί
1116 2583 1255 2684 Χριστὲ
1281 2612 1391 2677 προς-

119 2685 280 2782 έρχομαι
312 2685 364 2770 ῶς
397 2715 416 2759 ο
442 2684 583 2786 τυφλὸς
608 2689 648 2761 ἐκ
672 2695 861 2789 γεννητῆς,
895 2693 934 2763 ἐν
961 2688 1140 2786 μετανοίᾳ
1164 2683 1391 2790 κραυγάζων

117 2811 192 2878 σοι,
218 2783 396 2884 ίλάσθητι
419 2783 513 2884 μόνε
536 2785 629 2886 ἡμῖν
654 2784 901 2864 εὐδιάλλακτε.

209 2904 285 3002 Τὴν
310 2907 438 3002 ψυχήν
463 2934 552 3001 μου,
579 2903 705 3004 Κύριε,
731 2910 773 2982 έν
793 2907 992 3003 ἁμαρτίαις
1009 2906 1202 2990 παντοίαις
1220 2907 1283 2982 καὶ
1304 2903 1393 2981 ἀτό-

116 3035 204 3090 ποις
236 3004 389 3105 πράξεσι
421 3005 554 3091 δεινῶς
585 3011 900 3104 παραλελυμένην,
934 3010 1076 3111 ἔγειραν
1107 3016 1152 3103 τῇ
1187 3011 1296 3104 θεϊκῇ
1323 3032 1393 3083 σου

117 3107 315 3206 ἐπιστασίᾳ
323 3165 336 3198 ,
374 3107 491 3206 ῶςπερ
526 3108 591 3184 καὶ
622 3110 691 3184 τὸν
723 3105 939 3203 παράλυτον
974 3111 1122 3210 ἤγειρας
1155 3105 1288 3195 πάλαι,
1328 3109 1393 3184 ἵνα

116 3207 246 3308 κράζω
274 3233 314 3284 σε
340 3212 542 3306 σωσμένος,
568 3209 774 3308 οἰκτίρμον,
799 3207 865 3294 δός
890 3237 967 3306 μοι,
993 3207 1146 3306 Χριστὲ,
1171 3208 1241 3305 τὴν
1265 3213 1379 3285 ἰἀσιν.

202 3325 269 3410 Ὡς
291 3335 360 3402 τοῦ
378 3327 522 3426 Κυρίου
540 3326 714 3424 μαθητὴς
739 3327 912 3418 ἀνεδέξω,
939 3327 1072 3417 δίκαιε,
1097 3328 1140 3403 τὸ
1166 3327 1392 3456 εὐαγγέλιον,

118 3427 174 3512 ῶς
198 3427 344 3527 μάρτυς
369 3429 527 3525 ἔχειςτὸ
553 3426 861 3531 άπαράγραπτον,
887 3430 957 3528 τὴν
981 3428 1189 3528 παρρησίαν
1214 3459 1265 3514 ως
1282 3428 1393 3504 ἀδελ-

116 3527 285 3629 φόδεος,
324 3528 368 3604 τὸ
400 3529 618 3630 πρεσβεύειν
650 3530 700 3614 ῶς
730 3529 918 3631 ίεράρχης·
959 3533 1093 3610 ἱκέτευε
1126 3530 1295 3631 Χριστὸν
1326 3531 1394 3607 τὸν

121 3631 231 3721 θεὸν,
258 3633 432 3729 σωθῆναι
456 3631 524 3716 τάς
547 3631 674 3732 ψυχάς
696 3631 816 3729 ἡμῶν.

203 3747 247 3826 Ὁ
279 3757 348 3824 τοῦ
381 3750 521 3846 πατρὸς
551 3750 755 3853 μονογενὴς
783 3751 870 3836 Θεὸς
895 3748 1014 3855 λόγος,
1050 3747 1277 3849 ἐπιδημήσας
1302 3750 1395 3849 πρὸς

115 3850 218 3950 ἡμᾶς
252 3849 307 3925 ἐπ’
338 3847 507 3947 ἐσχάτων
538 3859 616 3927 τῶν
647 3851 811 3950 ἡμερῶν,
838 3849 991 3950 Ἰάκωβε
1023 3855 1208 3944 θεσπέσιε,
1242 3849 1394 3952 πρῶτόν

118 3979 160 4030 σε
195 3951 356 4038 ἀνέδειξε
388 3961 466 4029 τῶν
495 3951 759 4053 Ἱεροσολύμων
790 3956 947 4053 ποιμένα
979 3954 1043 4030 καὶ
1076 3953 1305 4032 διδάσκαλον
1328 3952 1393 4028 καί

118 4132 424 4148 —--———-=-=-

120 4225 218 4280 Domini
247 4224 317 4276 ετιλοι
341 4225 446 4290 ἰωεςίιιε
471 4235 495 4277 ιι
521 4226 567 4277 λιιι
592 4226 622 4277 de
649 4242 721 4278 ωσιι
745 4235 768 4278 ει
791 4223 914 4290 τανδῆλα
938 4224 986 4277 τοῦ
1007 4222 1150 4294 εόχελαλου
1167 4227 1242 4279 andiu
1277 4225 1390 4278 Simeon:

119 4337 154 4350 -
170 4307 221 4360 ιιιιλ
238 4304 333 4358 ἔλαιον
349 4305 380 4358 ἐν
397 4307 562 4374 φωταγωγῷ
578 4300 752 4374 ἔπιβάλλεται
769 4302 785 4374 ἢ
803 4306 835 4361 ἐν
852 4303 944 4362 σκιάει
960 4305 977 4374 ἢ
994 4302 1067 4376 άλλιρ
1085 4309 1147 4375 ur),
1169 4307 1201 4360 ἐν
1218 4293 1240 4374 ᾧ
1258 4306 1307 4358 καλ
1321 4303 1392 4360 ἔπεα

117 4385 274 4445 arduum
299 4389 378 4460 φῶτα
405 4389 461 4444 κατ’
482 4387 605 4462 ἀριθμὸν
630 4392 685 4444 τῶν
709 4393 806 4464 λερέων
829 4394 877 4445 καλ
901 4394 941 4453 ελς
962 4388 1050 4447 τόπον
1072 4393 1128 4445 τῶν
1147 4384 1329 4462 χαρισμάτων
1345 4394 1394 4444 του

119 4470 283 4548 πτεόματος
298 4468 389 4543 ἁγίου.

207 4578 235 4640 2)
259 4578 401 4630 Simeon:
418 4571 590 4647 όιιεμφαλνει
610 4577 657 4628 ιιαλ
680 4573 712 4630 ἐν
727 4571 795 4645 ἡμῖν
811 4573 860 4643 τὴν
877 4578 926 4632 τοῦ
939 4578 1167 4649 μαλακισθέντας
1182 4575 1290 4631 ἐκείνου
1307 4575 1393 4642 ἴασιν,

118 4649 153 4714 ὃν
168 4657 200 4714 λιι
218 4660 382 4731 Σαμαρείας
398 4653 608 4730 άντλαρόμενις
619 4656 723 4728 Ἰησοῦς
740 4659 920 4732 ἐθεράπευεν.
