3416 5290
805 439 810 454 ,
906 369 980 446 656

307 557 426 639 σειρᾶς
450 548 685 640 κατερχόμενον
710 550 768 623 καί
794 547 1058 640 περιὶπτάμενόν
1077 571 1144 620 σοι.
1184 546 1223 618 Ὁ
1242 543 1409 640 Ἰορδάνης
1430 545 1583 638 ἐστράφη

308 653 358 736 είς
376 655 420 724 τὸ
440 650 561 735 ὸπίσω,
582 651 671 740 δρῦν
690 653 749 721 τὸν
770 647 914 742 άόρατον
934 649 1112 740 ὸραθέντα,
1133 649 1192 718 τὸν
1204 647 1337 740 κτίστην
1350 650 1582 737 σαρκωθέντα,

307 757 368 826 τὸν
386 753 554 846 δεσπότην
574 751 610 822 έν
632 751 753 822 δούλου
773 759 898 844 μορφῇ.
925 749 963 820 ‘0
982 750 1149 844 Ἰορδάνης
1169 747 1320 842 ἐστράφη
1342 748 1392 832 εἷς
1410 753 1455 819 τὸ
1470 747 1583 819 ὸπόσω

306 855 428 928 καὶτὸ
448 850 509 946 άρη
531 853 724 946 ἐσκίρτησεν
746 854 833 923 Θεὸν
854 852 889 923 ἐν
914 853 1011 942 σαρκί
1023 859 1233 942 καθορῶντα.
1268 853 1339 921 Καὶ
1352 853 1495 943 νεφέλαι
1509 877 1584 941 φω-

308 957 368 1048 νην
394 955 523 1026 έλδωκαν
549 956 788 1044 θαυμάζουσαν
813 955 873 1025 τὸν
898 952 1167 1044 παραγενόμενον
1188 959 1263 1045 φιῦς
1283 953 1320 1022 ἐκ
1342 953 1466 1044 φωτὸς,
1499 953 1586 1022 Θεὸν

308 1057 472 1150 ἀληθινὸν
492 1058 530 1128 ἐκ
552 1063 641 1128 Θεοῦ
661 1055 835 1148 ἀληθινοῦ.
877 1055 1089 1144 Δεσποτικὸν
1109 1054 1292 1146 πανήγυριν
1312 1052 1458 1142 σήμερον
1481 1054 1518 1122 ἐν
1538 1058 1584 1141 τῷ

306 1155 453 1252 Ἰορδάνῃ
477 1155 616 1248 ὸριῦμεν,
644 1156 746 1229 αὸτὸν
773 1159 811 1230 δέ
838 1159 896 1226 τὸν
921 1163 982 1245 τῆς
1007 1163 1182 1247 παρακοῆς
1207 1155 1358 1228 θάνατον
1383 1156 1443 1224 καί
1463 1155 1506 1222 τὸ
1526 1163 1586 1243 τῆς

309 1259 449 1352 πλάνης
462 1261 596 1349 κέντρον
622 1261 679 1328 καί
705 1259 764 1328 τὸν
789 1265 851 1327 τοῦ
877 1256 962 1350 ᾅδου
983 1256 1222 1344 σύνδεσμονέν
1242 1263 1290 1347 τῷ
1310 1255 1460 1347 Ἰορδάνῃ
1481 1255 1585 1342 βυθί-

309 1385 414 1430 σαντα
432 1362 492 1431 καὶ
504 1353 688 1448 βάπτισμα
708 1358 873 1452 σωτηρίας
893 1365 940 1450 τῷ
960 1357 1075 1450 κόσμῳ
1095 1357 1337 1450 δωρησάμενον
1364 1356 1476 1427 Ὅθεν
1496 1353 1585 1444 κόμὸ

310 1460 329 1532 ά
352 1461 549 1551 ἁμαρτωλὸς
573 1462 631 1530 καί
658 1458 793 1543 άνάξισς
820 1459 940 1541 δοῦλός
965 1485 1037 1543 σον,
1065 1461 1108 1528 τὸ
1128 1462 1288 1548 μεγαλεῖα
1309 1466 1375 1526 τιῦν
1395 1457 1583 1545 θαυμάτων

310 1587 371 1632 σου
393 1560 618 1652 διηγούμενος,
639 1561 854 1649 συνεχόμενος
875 1561 982 1654 φόβῳ,
1006 1563 1041 1632 ἐν
1061 1559 1237 1644 κατανάξει
1255 1567 1327 1648 βοῶ
1349 1583 1415 1629 σοι.

395 1664 466 1732 Καὶ
488 1661 591 1745 εὐθὺς
610 1663 814 1756 γεγωνοτέρᾳ
834 1665 977 1755 ἐκφανεῖ
997 1671 1101 1756 φωνῇ.

396 1765 517 1853 Μέγας
537 1759 578 1846 εί,
600 1764 716 1854 Κῦριε,
745 1767 803 1834 καί
822 1767 1006 1852 θαυμαστά
1026 1767 1069 1835 τὰ
1091 1763 1171 1854 ἔργα
1192 1789 1252 1834 σου
1273 1763 1331 1833 καί
1352 1759 1466 1842 οὐδεὶς
1489 1758 1585 1848 λόγος

310 1865 481 1956 ἐξαρκέσει
500 1867 587 1954 πρὸς
607 1865 709 1952 άμνον
729 1874 794 1936 νῦν
815 1865 1016 1953 θαυμασίων
1036 1891 1108 1937 σου.
1154 1865 1244 1956 Τρίς.

394 1969 442 2035 Σὸ
463 1968 525 2056 γὰρ
545 1966 706 2057 βουλήσει
726 1967 764 2050 ἐξ
783 1964 843 2037 σῦκ
864 1963 969 2036 όντων
990 1967 1039 2049 είς
1058 1969 1098 2036 τὸ
1120 1963 1207 2036 εἶναι
1222 1964 1428 2055 παραγαγὼν
1442 1964 1489 2032 τὸι
1502 1963 1584 2050 σάμ-

310 2093 433 2150 παντα,
459 2073 506 2157 τῷ
534 2074 582 2157 σῷ
610 2067 724 2158 κράτει
750 2071 896 2153 συνέχεις
921 2071 981 2160 τὴν
999 2069 1106 2139 κτίσιν
1127 2069 1183 2138 καί
1204 2075 1244 2160 τῇ
1265 2075 1307 2158 σῇ
1327 2065 1477 2159 προνοίη
1499 2069 1583 2136 διοι-

310 2173 379 2249 κεῖς
398 2169 456 2237 τὸν
476 2167 611 2256 κόσμον.
653 2171 701 2238 Σὸ
723 2171 759 2239 ἐκ
779 2169 950 2260 τεσσάρων
971 2169 1142 2255 στοιχείων
1157 2171 1218 2260 την
1236 2169 1344 2239 κτίσιν
1363 2167 1584 2254 συναρμόσας,

309 2270 445 2358 τέτρασι
465 2278 596 2359 καιροῖς
615 2273 673 2341 τὸν
698 2271 816 2342 κάκλαν
835 2277 896 2341 τοῦ
918 2271 1071 2343 ἐνιαυτοῦ
1091 2269 1337 2363 ἐστεφάνωσας.
1378 2271 1426 2338 Σέ
1446 2271 1586 2357 τρέμου-

310 2394 365 2440 σιν
386 2368 423 2441 αί
443 2375 557 2463 νοεραὸ
577 2381 688 2444 πᾶσαι
710 2371 876 2460 δυνάμεις,
904 2376 944 2443 σὸ
964 2373 1059 2462 ὸμνεῖ
1087 2371 1197 2464 ἥλιος,
1224 2374 1265 2441 σὸ
1292 2367 1428 2454 δοξάζει
1455 2369 1584 2459 σελήνη,

310 2473 368 2542 σοί
388 2473 574 2562 ἐντυγχάνει
594 2476 637 2544 τά
659 2470 775 2563 άστρα,
797 2477 852 2545 σοί
873 2474 1037 2546 ῦπακοόει
1056 2476 1095 2543 τὸ
1111 2482 1194 2566 φιῦς,
1216 2475 1254 2543 σέ
1270 2471 1468 2564 φρίττουσιν
1483 2469 1584 2557 άβυσ-

310 2595 383 2642 σοι·
404 2576 460 2643 σοί
483 2575 696 2644 δουλεύσασιν
717 2573 754 2646 αἱ
774 2575 889 2665 πηγαί.
918 2581 965 2644 Σὸ
988 2577 1153 2660 ἐξέτεινας
1173 2577 1232 2644 τὸν
1252 2573 1394 2664 οδρανὸν
1414 2572 1495 2655 ιὸςεὸ
1512 2573 1584 2662 δέρί

311 2681 373 2763 ριν,
402 2675 443 2742 σὸ
471 2675 674 2762 έστερέωσας
700 2679 760 2766 την
780 2685 840 2768 γῆν
860 2677 920 2746 ἐπί
940 2683 1005 2746 τῶν
1028 2676 1167 2759 ὑδάτων,
1196 2677 1237 2746 σὸ
1259 2674 1509 2765 περιετείχισας
1528 2675 1584 2763 τὸν

310 2773 488 2844 θάλασσαν
508 2775 650 2868 ψάμμῳ,
673 2779 714 2845 σὸ
734 2781 821 2866 πρὸς
843 2775 1014 2861 ἀναπνοὰς
1033 2779 1091 2848 τὸν
1113 2777 1196 2868 άέρα
1217 2777 1357 2862 ἐξέχεας.
1398 2775 1587 2864 Ἀγγελικαὸ

311 2874 469 2962 δυνάμεις
488 2879 545 2946 σοί
565 2881 820 2969 λειτουργοῦσιν,
843 2879 877 2950 ολ
891 2889 956 2948 τιῦν
971 2879 1177 2970 άρχαγγέλων
1190 2877 1286 2967 χοροί
1299 2902 1338 2947 σε
1351 2885 1582 2966 πρσςκυνοῦσι,

310 2978 354 3046 τά
373 2976 598 3066 πολυόμματα
611 2983 785 3071 Χερουβὶμ
805 2983 861 3051 καί
881 2983 925 3051 τά
946 2980 1154 3070 ἑξαπτὲρυγα
1168 2981 1322 3071 Σεραφίμ
1335 2977 1444 3070 κόκλῳ
1460 2977 1585 3047 ὸστιῦτα

309 3081 368 3150 καί
394 3080 642 3170 περιϊπτάμενα
673 3082 770 3174 φόβῳ
798 3089 856 3174 τῆς
878 3080 1060 3173 άπροςίτου
1081 3105 1143 3152 σου
1165 3081 1263 3172 δόξης
1282 3079 1581 3151 κατακαλύπτεται.

311 3181 358 3248 Σὸ
379 3182 441 3271 γὰρ
466 3185 551 3266 Θεὸς
572 3181 619 3251 άὸν
640 3181 899 3274 άπερίγραπτος,
922 3179 1062 3274 άναρχός
1082 3209 1119 3252 τε
1139 3183 1196 3252 καί
1217 3181 1456 3272 άνέκφραστος,
1483 3175 1583 3272 ἦλθες

311 3282 372 3352 άπὸ
397 3291 458 3371 τῆς
483 3292 543 3375 γῆς
562 3285 696 3375 μορφὴν
718 3283 839 3356 δοόλου
861 3287 981 3372 λαβὼν,
1011 3287 1046 3355 ἐν
1067 3283 1256 3372 ὁμοιώματι
1278 3281 1473 3372 άνθριόπων
1495 3281 1580 3370 γενό-

308 3409 419 3470 μενος.
467 3384 515 3453 Οὸ
537 3389 599 3474 γάρ
622 3386 748 3477 ἔφερες,
772 3389 931 3469 δέσποτα,
963 3390 1023 3456 διὸι
1043 3386 1214 3476 σπλάγχνα
1235 3386 1349 3466 ἐλέους
1370 3409 1433 3452 σου
1455 3383 1579 3454 θεάσο-

310 3491 398 3555 σθαι
419 3483 486 3554 ὸπὸ
507 3495 567 3556 τοῦ
589 3488 751 3575 διαβόλου
772 3487 1030 3578 τυραννούμενον
1046 3491 1084 3558 τὸ
1100 3491 1194 3576 γένος
1206 3495 1272 3555 τῶν
1287 3484 1492 3572 ἀνθρώπων,
1515 3479 1579 3553 ἀλλ’

311 3579 416 3675 ἦλθες
441 3589 497 3656 καί
526 3589 654 3670 ἔσωσας
681 3588 778 3681 ἡμᾶς.
819 3587 1063 3678 Ὁμολογσῦμεν
1088 3593 1147 3680 τὴν
1172 3588 1278 3679 χάριν,
1305 3585 1508 3678 κηράττομεν
1529 3587 1580 3654 τὸν

312 3687 415 3770 ἔλεον,
444 3686 483 3757 οῦ
509 3689 697 3778 κρόπτομεν
723 3693 783 3780 τὴν
803 3690 1001 3781 εὐεργεσίαν.
1048 3693 1118 3772 Τὰς
1137 3698 1197 3781 τῆς
1218 3688 1350 3780 φάσεως
1371 3685 1467 3779 η’μοῦν
1487 3686 1581 3776 γονάς

311 3784 556 3878 ἠλευθέρωσας,
584 3795 792 3883 παρθενικὴν
818 3791 959 3883 ἡγίασας
985 3791 1114 3883 μήτραν
1141 3797 1187 3880 τῷ
1215 3790 1303 3880 τόκῳ
1323 3814 1395 3859 σου.
1439 3785 1579 3876 Πῦσαῆ

310 3889 418 3971 κτίσις
444 3891 567 3984 ῦμνησέ
595 3917 633 3962 σε
660 3892 880 3985 ἐπιφανέντα.
923 3895 969 3963 Σὺ
996 3896 1058 3985 γάρ
1088 3891 1107 3964 ό
1132 3895 1218 3973 Θεὸς
1244 3890 1337 3982 ἡμῶν
1365 3889 1426 3960 ἐπὶ
1447 3897 1508 3980 τῆς
1528 3897 1581 3980 γῆς

311 3984 435 4083 ὤφθης
462 3995 619 4076 καὶτοῖς
645 3992 843 4083 ἀνθρώποις
869 3994 1146 4086 σννανεστράφης.
1189 3995 1237 4060 Σὸ
1263 3994 1321 4062 καί
1339 3993 1383 4060 τὸ
1403 3989 1581 4078 Ἰορόάνεια

312 4099 434 4183 ῥεῖθρα
460 4093 601 4185 ἡγίασσς
629 4093 814 4183 οὐρανόθεν
840 4098 1068 4188 καταπέμψας
1094 4097 1132 4164 τὸ
1161 4093 1257 4182 άγιόν
1283 4117 1344 4162 σου
1374 4099 1509 4180 πνεῦμα
1529 4093 1579 4162 καί

310 4196 373 4276 τάς
392 4199 541 4286 κεφαλάς
561 4205 627 4274 τῶν
648 4199 753 4267 ἐκεῖσε
773 4197 1033 4290 ἐμφωλευόντων
1054 4197 1258 4288 συνέτριψας
1279 4193 1476 4284 δρακόντων.
1508 4193 1581 4266 Afi-

310 4297 371 4376 τὸς
397 4290 465 4379 οῦν,
494 4298 718 4390 φιλάνθρωπε
742 4303 891 4385 βασιλεῦ,
920 4299 1050 4387 πάρισα
1076 4298 1133 4369 καί
1160 4305 1216 4366 νῦν
1245 4299 1303 4366 διά
1323 4303 1382 4386 τῆς
1402 4295 1580 4388 ἐπιφοιτά-

312 4419 398 4478 σεως
423 4406 484 4466 τοῦ
512 4398 607 4489 άγίοο
637 4425 698 4470 σου
726 4399 925 4487 πνεύματος.
968 4402 1039 4468 Καὶ
1066 4397 1205 4487 ἁγίασον
1226 4398 1315 4488 ὕδωρ
1336 4405 1448 4468 τοῦτο.
1495 4397 1578 4484 Τρίς.

312 4498 384 4566 Καὶ
406 4500 464 4580 δὸς
485 4500 575 4591 αὐτῷ
595 4502 655 4592 τὴν
674 4501 770 4592 χάριν
790 4509 849 4592 τῆς
870 4501 1142 4589 ἀπολυτρώσεως,
1167 4502 1226 4591 τὴν
1248 4499 1408 4589 εὐλογίαν
1422 4506 1484 4568 τοῦ
1502 4496 1579 4586 Ἰορ-

314 4596 426 4670 δάνον.
468 4601 619 4692 Ποίησον
640 4603 722 4673 αὐτὸ
744 4601 942 4696 ἀφθαρσίας
962 4605 1078 4694 πηγὴν,
1103 4602 1268 4692 ὸγιασμοῦ
1290 4606 1406 4692 δῶρον,
1436 4598 1580 4692 ἁμαρτη-
