3314 5304
672 443 746 518 345

144 620 263 706 xv'm
311 639 535 756 Ψαλλομέιου
552 641 591 712 δέ
623 635 692 705 τοῦ
723 624 935 760 τριςαγίου
955 629 1160 758 Ἄγιος*
1142 659 1162 706 ο
1201 627 1330 720 Θεὸς,

71 727 188 830 ἁγιος
229 728 516 827 λσχυρὸς,“
491 757 631 870 αγιος
664 729 938 820 ἀθάνατος,
982 730 1233 831 έλέησον’
1210 739 1332 830 ημᾶς

71 835 136 927 6⁰⁰
153 834 186 906 9
212 833 275 906 61⁰·
297 836 344 930 5),
367 843 457 939 λέγει
478 841 532 915 6‘
520 846 627 936 ιερεὸς
645 846 706 938 τήν
727 844 822 937 εὐχήν
841 844 973 937 ταύτην,
994 853 1171 934 μυστικῶς.

139 965 181 1043 Ὁ
208 964 362 1050 Θεὸςε
343 996 363 1041 ο
389 966 587 1069 όίγιος,ο
566 965 710 1043 όέν
686 968 843 1072 αγίοις
868 967 1231 1065 ἀναπαυόμενος
1256 971 1331 1066 (Mc.

74 1065 181 1166 10),6
206 1066 385 1170 τριςαγίῳ
411 1077 519 1167 φωνῇ
545 1068 618 1145 ὑπὸ
643 1077 723 1146 τῶν
742 1070 968 1198 Στραφὸμ’
947 1068 1243 1202 ανυμνούμενος,
1268 1071 1333 1147 καὶ

70 1169 134 1246 ὸ
157 1197 236 1246 των
254 1170 460 1299 Χερουβὶμ
485 1169 809 1300 δοξολογούμενος,
842 1173 905 1248 καὶ
930 1172 1003 1248 ὑπὸ
1029 1170 1148 1271 πάσης
1172 1176 1333 1270 ἐπουρα-

71 1270 145 1348 νίου
176 1267 376 1369 δυνάμεως
406 1271 737 1404 προςκυνούμενος,
772 1274 792 1349 6
825 1277 865 1349 ἐκ
896 1283 964 1350 τοῦ
996 1273 1049 1373 μὴ
1080 1276 1188 1359 ὄντος
1213 1279 1264 1359 είς
1287 1273 1331 1350 τὸ

70 1373 172 1448 εἶναι’
177 1371 452 1503 παρμγαγών
437 1373 485 1448 τὸ
511 1372 724 1472 σύμπαντα,
752 1374 772 1450 6
797 1376 926 1460 κτίσας
941 1375 1010 1452 τὸν
1026 1378 1235 1477 ἄνθρωπον
1251 1376 1327 1452 κατ’

72 1473 183 1604 ελκόνηι
220 1474 304 1573 σὴν,
338 1474 401 1550 καί
434 1473 626 1571 ὁμοίωσιν,
659 1477 723 1554 καὶ
755 1477 869 1553 παντί
895 1505 963 1607 σομ
987 1475 1191 1607 χαρίσματι
1216 1506 1333 1554 κατα-

72 1573 261 1674 κοσμήσας,
294 1575 315 1653 6
348 1575 478 1661 διδοὺς
511 1583 679 1654 αἰτοῦντι
712 1578 852 1678 σοφίαν
885 1579 949 1655 καὶ
982 1577 1146 1670 σύνεσιν,
1182 1579 1246 1656 καὶ
1280 1577 1332 1677 μὴ

71 1685 236 1805 παρορῶν
262 1674 543 1808 ἁμαρτήνοντα,
570 1679 663 1756 ἁλλὰ
685 1681 844 1776 θέμενος
859 1680 919 1756 ἐπὶ
929 1681 1099 1810 σωτηρίη
1115 1679 1332 1810 μετάνοιαν,

72 1778 90 1854 6
119 1777 403 1867 καταξιώσας“
381 1789 480 1909 ημᾶς
510 1780 602 1870 τοὺς
635 1782 843 1873 ταπεινούς,
877 1782 941 1858 καί
974 1783 1150 1870 ἀναξίους
1174 1779 1333 1866 δούλους

73 1905 144 1970 σου,
164 1882 242 2010 καὶ
277 1885 319 1959 ἐν
353 1891 398 1980 τῇ
435 1881 516 1982 ώρηι
551 1880 669 2012 ταύτῃ
706 1891 837 2012 στήναι
872 1881 1104 1960 κατενώπιον
1134 1891 1200 1981 τῆς
1224 1881 1334 1981 δόξης

71 1990 129 2057 τοῦ
153 1981 263 2085 ἁγίου
291 2009 360 2059 σου
385 1983 678 2112 θυσιαστηρίου·
701 1984 766 2059 καί
789 1985 859 2082 τὴν
884 1985 1127 2085 ὀφειλομένην
1146 2008 1204 2060 σοι
1221 2014 1333 2084 προς-

73 2082 229 2181 κόνησιν,
244 2113 309 2214 κριι
296 2083 544 2212 δοξολογίαν
562 2083 775 2212 προςοίγειν·
803 2086 928 2176 αὐτὸς,
947 2086 1121 2216 δέσποτρι,
1139 2082 1334 2186 πρόςδεξαι

73 2185 126 2260 καὶ
149 2189 204 2260 ἐκ
214 2184 398 2284 στόματος
422 2186 532 2312 ήμῶν
556 2195 635 2264 τῶν
652 2187 889 2316 ἁμαρτωλῶν
903 2188 972 2265 τὸν
987 2186 1178 2316 τριςοίγιον
1195 2187 1333 2286 ὕμνον,

73 2287 126 2361 καὶ
149 2286 343 2389 ἐπίσκεψαι
367 2287 466 2386 ἡμᾶς
491 2291 579 2364 ἐντ
529 2286 902 2420 τήχρηστότητί
866 2315 953 2366 σου·
981 2289 1226 2420 συγχώρησον
1241 2288 1334 2387 ἡμῖν

74 2397 139 2514 πρῑν
170 2391 414 2518 πλημμέλημα
453 2386 625 2467 ἑκούσιον
648 2420 688 2466 τε
720 2419 783 2520 κηιι
808 2389 1002 2469 ἀκούσιον·
1041 2391 1245 2522 ἁγίασον
1224 2397 1335 2488 ημῶν

76 2489 130 2574 τὰς
139 2491 284 2618 ψυχὰς
304 2492 379 2566 ’καὶ
410 2490 458 2566 τὰ
491 2489 665 2590 σώματα·
699 2492 763 2568 καί
795 2492 919 2578 δὸς
897 2501 990 2592 ημῖν
1015 2496 1056 2571 ἐν
1081 2491 1241 2590 ὁσιότητι
1268 2500 1335 2566 λα-

76 2589 215 2721 τρεύειν
236 2617 295 2668 σοι
327 2589 449 2677 παίσας
478 2592 546 2679 τὰς
577 2593 715 2693 ἡμέρας
745 2603 811 2692 τῆς
843 2595 989 2693 ζωῆς“
967 2604 1090 2694 ημῶν,
1123 2591 1336 2724 πρεσβείαις

77 2722 129 2790 της
151 2692 259 2824 ἁγίας
283 2691 479 2784 θεοτόκου,
504 2695 569 2770 καὶ
593 2694 748 2774 πάντων
774 2704 853 2774 τῶν
862 2695 998 2824 ἁγίων
1022 2707 1102 2773 τῶν
1118 2698 1171 2773 ἀπ
1164 2693 1336 2780 ἀἰῶνός

78 2819 127 2868 σοι
155 2792 494 2926 εύαρεστησοίντων.
536 2795 678 2874 “''Ou
653 2827 793 2926 αγιος
791 2796 875 2873 εί
855 2827 875 2874 ο
904 2798 1043 2884 Θεὸς’
1022 2806 1145 2926 ημῶν,
1176 2797 1241 2874 καὶ
1274 2797 1333 2872 σοὶ

78 2895 134 2992 τήν
156 2895 318 2984 δόξαν’
297 2898 576 2994 αναπίμπομεν,
602 2905 655 2998 τῷ
681 2898 808 2998 πατρὶ,
833 2899 974 2998 καὶτῷ
992 2901 1064 2997 υἱῷ
1081 2898 1215 3027 καὶτῷ
1235 2897 1331 3002 ἁγίῳ

78 2996 259 3096 πνεύματι,
284 3007 359 3076 νῦν
383 2999 447 3076 καί
472 2999 541 3090 ἀεί,
567 3000 631 3076 καί
656 3006 707 3086 ελς
731 3000 819 3088 τοὺς
843 2973 985 3086 αίῶνὰς
1009 3009 1088 3077 τῶν
1113 2997 1280 3077 αἰώνων

149 3273 205 3338 Cap.
224 3273 303 3324 ΧλΙΙΙ.
338 3273 364 3322 Β.
389 3273 412 3322 in
438 3274 548 3325 oratione
565 3273 665 3336 Τιὶετςίλ
691 3288 776 3339 porum
800 3289 903 3326 αοετοτε
928 3283 964 3325 εει
987 3273 1095 3336 vulgata:
1112 3264 1194 3336 ’Λγια
1212 3259 1334 3334 ἁγέιινό

81 3349 147 3419 Θεὸς,
163 3349 177 3406 6
193 3351 281 3424 μόνος
297 3348 377 3422 ἁγως
393 3355 440 3406 καλ
457 3353 490 3406 ἐν
505 3349 595 3422 ἁγίοις
611 3349 829 3425 ἀναπαυόμενος
844 3351 924 3424 ἁγιος
939 3347 1086 3422 ὑπάρχεις·
1111 3347 1126 3405 ὁ
1143 3348 1192 3416 τήν
1209 3347 1335 3420 ἀνυπέρ-

80 3437 165 3502 βλητον
186 3434 272 3498 δόξαν
295 3435 327 3490 ἐν
343 3433 419 3503 αιἰτηλ
433 3439 611 3505 κεκτημένος·
635 3432 714 3506 ἁγως
730 3433 746 3492 6
767 3439 836 3499 Θεὸς
851 3441 889 3506 ιηλ
906 3431 979 3507 λόγῳ
998 3433 1031 3490 τό
1048 3430 1140 3490 πάντα
1157 3426 1336 3502 συστησόμε-

79 3534 130 3579 νας·
152 3515 226 3590 ἁγως
243 3516 257 3574 6
279 3516 348 3579 Θεὸς
364 3515 397 3574 ὸν
415 3520 447 3573 τό
465 3513 644 3591 τετρόμορφα
663 3522 716 3584 ξῶικ
734 3517 903 3590 ιἰναποιιίστῳ
921 3521 1003 3594 φωνῇ
1019 3512 1196 3581 δοξάζουσιν·
1220 3513 1302 3588 ἁγιος
1318 3511 1334 3571 6

84 3599 140 3662 Θεὸς
154 3599 168 3657 6
184 3601 240 3658 όπὸ
264 3597 389 3671 πλήθους
407 3599 495 3674 ἁγίων
512 3599 639 3673 ἁγγέλων
655 3607 704 3658 καλ
721 3602 903 3678 ἀρχαγγέλου
921 3601 1020 3676 όρασέη
1038 3595 1197 3676 τρεμόντων
1214 3617 1336 3671 προςκυ-

82 3681 200 3756 νεόμενος
215 3689 264 3741 καλ
280 3681 527 3760 δοξολογοόμενος.
544 3685 624 3758 ιἰγιος
640 3683 654 3744 6
668 3689 736 3748 Θεὸς
753 3687 767 3743 6
786 3695 842 3751 τοῖς
859 3685 1039 3760 πολυόμμασι
1049 3687 1207 3758 Χερουβεὶν
1225 3682 1338 3757 1566-

80 3763 142 3837 γήτιρ
161 3776 250 3870 φωνῇ,
274 3776 311 3841 τῶ
334 3765 473 3844 ἀκοιμήτῳ
492 3765 597 3844 ὄμματι
615 3772 772 3842 ἐπιβλέπων
789 3776 836 3826 καλ
853 3772 1002 3828 ἐπικλίνων
1018 3769 1049 3828 τὸ
1067 3760 1114 3832 σός
1130 3785 1198 3825 σου·
1223 3769 1303 3840 ἅγιος
1321 3761 1336 3823 6

85 3851 168 3916 065‘
157 3876 170 3909 ο
186 3859 243 3918 τοῖς
251 3851 609 3958 68661296765'525966266
626 3851 818 3930 ἐποχούμενος
833 3861 881 3912 καλ
897 3851 1071 3956 κροτούντων
1088 3852 1136 3916 τὰς
1152 3853 1258 3910 ἑαυτῶν
1268 3853 1337 3906 πτέ-

83 3942 215 4034 ρυγαςκαλ
231 3938 280 3996 τὸν
296 3936 466 3994 ἐπινίκιον”
443 3934 723 4044 υμγονόμνούντωυ,
741 3937 784 3997 τὸ·
802 3937 891 4011 ἅγιος,
909 3937 996 4010 ἅγιος,
1015 3932 1337 4009 ῶγιοςΚόριοςΣαβαῶθ

82 4013 320 4096 ὸπροςερχόμενος
341 4019 420 4094 ἅγιος
437 4020 556 4094 όπόρχει
574 4019 589 4078 6
610 4019 707 4084 Θεὸς
694 4027 787 4096 ημῶν·
812 4023 898 4094 ἁρχαὶ
914 4027 961 4077 καλ
979 4023 1110 4091 ἐξουσίαι,
1133 4015 1288 4091 κυριότητες
1304 4017 1337 4070 ἐν

83 4101 178 4176 οὖρανρ
199 4124 229 4161 σε
253 4114 456 4182 προςκυνοῦσιν
478 4110 526 4162 καλ
549 4108 597 4162 ἐπλ
619 4111 669 4178 γῆς
690 4105 858 4178 ἁνθρωπέαν
880 4103 1099 4176 (Memnon)
1085 4109 1224 4177 υμνοῦσιν
1240 4103 1288 4156 καὶ
1305 4099 1337 4154 σέ

84 4191 204 4254 σέβουσιν.
232 4191 324 4254 Αὐτὸς
340 4187 523 4264 φιλόνερωπε
541 4185 689 4260 πρόςδεξαι
706 4221 740 4232 -
755 4191 847 4250 διινον
864 4184 1094 4264 προςφερόμεναν
1109 4183 1174 4262 παρ’
1193 4183 1273 4256 ήμῶν
1289 4185 1338 4238 καλ

82 4271 149 4342 παρὰ
164 4272 265 4337 παντὸς
281 4279 330 4330 τοῦ
345 4279 415 4331 λαοῦ
431 4291 483 4330 σου
500 4277 548 4330 καλ
563 4271 754 4345 κατάπεμψον
769 4272 839 4346 ἡμῖν
855 4271 974 4329 πλούσια
992 4273 1025 4329 τό
1035 4274 1096 4342 ἐλέη
1105 4275 1153 4328 καλ
1162 4267 1224 4331 τοός
1232 4272 1337 4340 ολκτιρ-

84 4350 142 4420 μώς
156 4373 214 4412 σου.
247 4363 412 4431 Πρισμείαις
428 4363 484 4414 κτλ.
520 4364 586 4415 Huc
609 4363 666 4414 λιιι.
676 4363 734 4415 687.
760 4364 876 4416 Oratione
894 4365 960 4414 nnita
977 4387 1011 4399 —
1029 4358 1076 4410 καλ
1093 4359 1141 4410 τοῦ
1156 4355 1243 4424 χοροῦ
1259 4347 1337 4421 ψέλ-

85 4435 168 4501 λεντος
188 4441 231 4496 τὸ·
255 4440 332 4505 Δόξα
349 4446 397 4498 καλ
413 4447 475 4513 νῦν,
498 4440 637 4512 ψάλλουσι
660 4445 708 4498 καλ
725 4441 808 4497 αὐτοί
822 4445 879 4496 κτλ.
913 4437 981 4496 Ελιιι
999 4436 1101 4511 λέγειι
1089 4458 1105 4495 ο
1122 4432 1252 4498 διάκονος
1268 4433 1339 4508 πρὸς

83 4515 124 4571 τόν
138 4524 223 4594 λερέα·
246 4522 399 4598 εόλόγησον
416 4533 453 4596 (G.
471 4529 610 4592 κέλευσον)
627 4527 757 4582 δέσποτα.
793 4528 850 4581 Καὶ
866 4524 1036 4596 ἀπέρχονται
1053 4524 1085 4578 ἐν
1101 4525 1133 4597 τῇ
1148 4521 1272 4590 καθέδρα
1290 4521 1339 4574 καλ

85 4597 191 4676 ὅλιριόε
205 4612 278 4682 λέγει
294 4607 500 4684 ιλπερχόμενος·
517 4611 700 4682 εὐλογημένος
717 4605 897 4682 όέρχόμενος
912 4611 944 4664 ἐν
961 4603 1078 4678 όνόμιιτι
1094 4611 1209 4680 Κυρίου.
1230 4600 1260 4660 0
1277 4599 1341 4659 διό-

83 4701 167 4752 tom·
182 4690 333 4767 εόλόγησον
348 4696 471 4753 δέσποτα
488 4691 537 4765 τήν
553 4690 612 4752 όνιι
630 4696 780 4766 καθέδραν.
815 4689 901 4750 Καλ
889 4711 904 4748 ο
922 4687 1025 4766 ίερείς·
1045 4689 1230 4764 εὐλογημένος
1245 4690 1304 4746 κτλ.
