3314 5304
728 1379 957 1472 CAPUT
998 1380 1090 1471 Vll.

646 1585 883 1650 οεοεοα
908 1587 941 1650 s.
968 1563 1186 1650 naunnsl

273 1845 275 1852 ·
358 1792 441 1882 Post
467 1835 572 1898 prauus
599 1814 715 1878 exordii
743 1821 902 1878 cantantur
921 1813 972 1876 Pa.
988 1816 1045 1878 20:
1080 1806 1268 1878 ἐπακούσαι
1289 1831 1345 1878 σοι
1365 1808 1497 1899 Κύρως
1517 1811 1558 1880 δν

269 1915 378 2008 ἡμέρᾳ
404 1912 571 2005 θλίψεως.
611 1916 664 1981 us.
679 1919 738 1980 21:
767 1908 874 2000 Κύριε
901 1909 937 1979 tv
962 1917 1004 1999 τῇ
1032 1907 1170 1995 δυνάμει
1191 1935 1253 1980 σου
1275 1907 1556 2002 εὐφρανθήσεται

270 2017 288 2089 ὁ
310 2015 478 2106 βασιλεύς.
521 2023 695 2100 Sequuntur
715 2017 791 2080 haee
812 2014 970 2096 Troparia.

354 2125 469 2188 Σῶσον
484 2113 589 2202 Κύριε
610 2114 667 2184 τὸν
680 2109 781 2180 Λαόν
802 2135 875 2193 σου,
896 2112 953 2180 καί
973 2108 1152 2204 εύλόγησον
1168 2113 1229 2203 τήν
1241 2113 1464 2204 κληρονομίαν
1477 2139 1555 2198 σου,

270 2217 362 2302 νίκας
386 2225 460 2301 τοῖς
480 2219 665 2285 Βασιλεῦσι
690 2214 776 2283 κατὰ
803 2211 982 2302 βαρβάρων
1009 2211 1227 2302 δωρούμενος,
1256 2217 1313 2286 καί
1340 2218 1379 2286 τὸ
1401 2217 1463 2286 σδν
1485 2241 1555 2308 φυ-

270 2321 398 2391 λάττων
421 2319 480 2389 διὰ
500 2325 561 2386 τού
581 2323 733 2402 Σταορού
754 2338 816 2384 σου
841 2312 1039 2400 πολίτευμα.

353 2419 390 2490 Ὁ
420 2418 578 2512 ὑψωθεὶς
605 2417 640 2487 ἐν
666 2423 715 2506 τῷ
741 2422 881 2505 Σταορῷ
908 2413 1077 2499 ἑκουσίως,
1104 2425 1144 2508 τῇ
1171 2417 1336 2507 ἐπωνύμῳ
1364 2443 1426 2488 σου
1453 2427 1556 2511 καινῇ

270 2520 439 2614 πολιτείᾳ,
466 2520 545 2600 τοὺς
572 2515 763 2607 οίκτιρμούς
788 2540 849 2586 σου
878 2515 1028 2609 δώρηοαι
1053 2519 1182 2606 Χριστδ
1209 2517 1228 2588 δ
1253 2517 1355 2600 Θεός·
1383 2515 1556 2610 εύφρανον

272 2624 308 2694 ίν
329 2631 369 2713 τῇ
392 2617 532 2706 δυνάμει
552 2643 613 2688 σοι
635 2619 714 2699 τοὺς
734 2619 878 2700 πιστούς
897 2621 1058 2702 Βασιλεῖς
1076 2617 1180 2710 ήμῶν,
1208 2618 1301 2701 νίκας
1318 2629 1467 2711 χορηγῶν
1490 2620 1558 2692 αύ-

270 2731 344 2806 τοῖς
362 2724 448 2793 κατὰ
468 2727 534 2789 τῶν
556 2716 743 2807 πολεμίων·
770 2720 829 2808 τήν
855 2718 1044 2806 συμμαχίαν
1065 2717 1172 2804 ἔχοιεν
1192 2722 1253 2812 τήν
1272 2723 1344 2812 σήν,
1372 2721 1481 2792 ὅπλον
1503 2721 1559 2794 εί-

271 2825 380 2918 ρήνης,
404 2822 565 2914 ἀήττητον
586 2821 760 2911 τρόπαιον.
1409 2835 1412 2840 “

355 2921 556 3015 Προστασία
584 2923 714 3014 φοβερὰ
741 2925 800 2992 καί
834 2919 1070 3006 ἀκαταίσχνντε
1095 2923 1141 3012 μή
1171 2923 1318 3016 παρίδῃς
1345 2921 1459 3014 ἀγαθή
1491 2926 1557 3008 τὰς

273 3026 399 3108 ίιιεσίας
418 3023 523 3117 ήμῶν,
543 3022 741 3114 Πανύμνητε
764 3021 925 3094 Θεοτόκε·
951 3021 1106 3118 σιήριξσν
1126 3022 1339 3112 Ὀρθοδόξων
1359 3025 1552 3111 πολιτείαν,

272 3131 356 3214 σῶζε
383 3122 441 3210 οὓς
469 3127 643 3207 ἐκέλευσας
674 3123 863 3212 βασιλεύειν
889 3126 946 3193 καὶ
971 3125 1105 3215 χορήγει
1135 3123 1250 3207 αύτοῖς
1277 3123 1465 3216 ούρανύθεν
1492 3131 1556 3218 τήν

269 3231 377 3322 νίκην·
400 3227 490 3299 διύτι
511 3227 619 3308 ίλεκες
638 3228 697 3296 τὸν
720 3227 816 3308 Θεὸν,
835 3223 920 3315 μόνη
942 3223 1151 3318 εύλογημίνη.

357 3335 514 3419 Trnpariia
546 3333 715 3398 adnectitur
745 3325 890 3398 Ἐκτενία
922 3333 1031 3408 minor,
1064 3334 1228 3412 anulngia
1256 3335 1357 3396 minor
1384 3327 1496 3412 (Δόξα
1515 3329 1556 3400 ἐν

271 3431 431 3524 ὑψίστοις
453 3435 530 3521 Θεῷ
559 3430 616 3499 καί
644 3429 704 3497 ἐπὶ
725 3435 784 3518 γῆς
805 3426 927 3518 εἰρήνη,
950 3429 985 3496 ίν
1007 3426 1205 3519 ἀνθρώποις
1226 3426 1374 3512 εύδοκία)
1395 3445 1427 3497 at
1449 3435 1554 3517 anapi-

271 3537 352 3601 aium
366 3537 520 3602 Lentonis:
542 3527 649 3619 Κύριε
668 3530 712 3598 τὰ
730 3527 822 3620 χείλη
844 3553 910 3614 μοο
932 3526 1076 3613 ἀνοίξεις
1095 3530 1153 3600 καί
1173 3531 1213 3600 τὸ
1234 3528 1343 3618 στόμα
1362 3556 1430 3618 μου
1449 3529 1555 3620 ἀναγ-

271 3636 361 3724 γελεῖ
381 3632 441 3722 τήν
463 3627 589 3700 αἴνεσίν
610 3653 682 3699 σου.
725 3635 800 3698 Dein
822 3636 896 3714 legit
916 3635 1030 3718 Psatm.¹
1043 3639 1078 3701 3:
1101 3630 1208 3721 Κύριε
1228 3630 1262 3702 τί
1282 3631 1555 3726 ίπληθύνθησαν

273 3732 308 3804 οἱ
329 3732 507 3820 θλίβοντίς
526 3756 579 3817 με.
608 3737 726 3801 Paua:
749 3729 855 3821 Κύριε
875 3732 921 3821 μή
944 3739 991 3822 τῷ
1009 3740 1107 3824 θυμῷ
1122 3757 1182 3802 σου
1198 3732 1331 3826 ίλίγξης
1343 3759 1397 3819 με.
1426 3739 1479 3803 Ρε.
1492 3743 1554 3806 63:

272 3833 293 3906 δ
316 3835 404 3915 Θεὸς
422 3831 442 3902 δ
467 3831 554 3913 Θεός
573 3857 639 3919 μον
659 3833 747 3921 πρὸς
768 3833 806 3902 οὲ
830 3829 990 3921 δρθρίζω.

358 3942 433 4005 Post
454 3948 515 4003 taes
530 3939 668 4002 Psalmna
683 3939 833 4004 Sacerdos
854 3949 925 4004 anta
945 3940 1107 4020 imaginem
1123 3940 1235 4004 Christi
1258 3950 1351 4016 stans,
1373 3941 1449 4004 dicit
1470 3943 1554 4006 Lau·

272 4043 342 4107 dum
366 4041 518 4106 orationes
541 4041 708 4116 duodecim,
731 4060 808 4123 quaa
831 4041 910 4106 idem
927 4061 1033 4106 omnes
1049 4051 1177 4105 tractant
1191 4051 1408 4121 argumentum.
1436 4043 1554 4108 Trans-

273 4145 435 4208 anrihimua
458 4152 610 4222 quartam:
632 4138 795 4208 Δέσποτα
816 4134 940 4219 ὁΘεὸς
960 4134 980 4207 ὁ
1003 4135 1097 4226 ἅγιος
1116 4138 1175 4208 καί
1197 4135 1442 4230 ἅκανύληπτος,
1465 4136 1556 4210 δεί-

271 4240 347 4310 πολν
367 4241 404 4310 λιι
425 4237 565 4320 σκότους
585 4246 659 4330 φῶς
679 4238 832 4332 λάμψαι·
860 4237 879 4310 ὁ
902 4237 1101 4320 ἀναπαύσας
1120 4237 1210 4331 ἡμᾶς
1229 4241 1265 4310 ίν
1285 4247 1333 4330 τῷ
1353 4247 1414 4331 τῆς
1434 4241 1558 4323 ννιιτδς

272 4339 367 4431 ύπνῳ
387 4341 446 4410 καί
468 4337 691 4430 διαναστήσας
712 4341 799 4428 πρὸς
820 4339 1016 4429 δοξολογίαν
1035 4341 1094 4410 καί
1115 4339 1241 4412 ἱκεσίαν
1261 4349 1321 4432 τῆς
1341 4349 1403 4432 σῆς
1417 4338 1555 4429 ύγαθό-
1650 4375 1651 4394 ¹

271 4464 386 4531 τητος·
419 4440 674 4528 δοςωντούμενος
705 4439 773 4510 ύπό
806 4449 866 4532 τῆς
893 4441 984 4524 ἰδίας
1008 4466 1069 4512 σου
1097 4439 1339 4532 εὐσπλαγχνίας
1366 4439 1555 4530 πρύςδεξαι

271 4540 360 4631 ήμᾶς
379 4541 437 4612 καί
456 4549 514 4610 νῦν
533 4541 795 4633 προςιννοῦντύς
815 4568 853 4612 σε
873 4546 930 4613 καί
950 4545 1036 4614 κατὰ
1050 4541 1190 4632 δύναμιν
1203 4541 1479 4634 εύχαριστοῦντύς
1493 4567 1555 4614 σοι

271 4642 329 4712 καί
356 4641 504 4736 δύρησαι
528 4643 609 4734 ἡμῖν
635 4641 749 4714 πάντα
775 4645 818 4715 τὰ
843 4645 931 4736 πρὸς
951 4643 1117 4738 σωτηρίαν
1137 4643 1316 4738 αἰτήματα.
1356 4641 1555 4732 Ἀνύδειξον
1649 4625 1650 4687 ί
