3378 5302
920 422 992 498 ttt

311 603 441 684 οάσιάν
472 635 511 681 τε
543 605 609 682 καλ
641 605 854 682 συναίδιον·
892 603 936 682 τὸ
962 613 1127 703 λαλῆσαν
1152 605 1194 682 ἐν
1218 597 1325 702 νόμῳ
1350 605 1414 682 καί
1439 587 1620 706 πραφή-’

309 739 391 794 ταις
422 708 485 786 καὶ
517 715 562 804 τῇ
589 716 698 804 καινῇ
724 731 794 783 σου
819 705 1003 806 διαθήκῃ·
1037 707 1080 782 τὸ
1105 706 1279 806 καταβὰν
1304 711 1345 783 ἐν
1358 705 1459 790 ,εἴδει
1484 734 1597 803 περι-

312 819 443 907 στέρᾶς
468 809 527 884 ἐπὶ
552 807 619 886 τὸν
632 806 775 906 Κύριον
799 807 909 905 ἡμῶν
927 811 1074 906 Ἰησοῦν
1087 809 1256 902 Χριστὸν
1281 812 1322 910 ἐν
1346 804 1596 908 τῷἾορδάνῃ

310 921 467 1011 ποταμῷ
500 909 563 986 καὶ
594 915 729 1007 μεῖναν
761 911 818 986 ἐπ’
849 907 983 988 αὐτόν·
1019 909 1061 986 τὸ
1095 909 1270 1008 καταβὰν
1295 908 1355 986 ἐπὶ
1379 910 1466 994 τοῦς
1491 909 1594 984 άπα-

302 1011 466 1098 .στάλους
497 1035 566 1090 σου
599 1015 640 1087 ἐν
670 1011 760 1088 είδει
791 1011 962 1111 πυρίνων
985 1018 1168 1114 γλωσσῶν
1193 1015 1234 1088 ἐν
1258 1018 1313 1109 τῷ
1338 1007 1496 1110 ῦπερρίφ
1522 1019 1597 1108 τῆς

312 1116 336 1191 ἁ
361 1114 420 1199 ίας
444 1115 508 1190 καὶ
532 1110 686 1198 ἐνδόξου
703 1111 824 1202 Σιὼν,
850 1117 892 1189 ἐν
916 1121 961 1210 τῇ
986 1113 1105 1214 ἡμέρα
1121 1119 1187 1210 τῆς
1203 1111 1464 1210 πεντηκοστῆς·
1485 1112 1597 1188 -αῦτὸ

310 1145 361 1292 τά
394 1213 552 1312 Πνεῦμά
588 1239 658 1290 σου
692 1213 735 1290 τὸ
770 1211 958 1318 πανάγισν
992 1211 1259 1312 κατάπεμψον,
1291 1214 1483 1304 Δέσποτα,
1509 1213 1591 1314 ,ἐφ’

305 1317 494 1418 ,ἡμᾶςκαὶ
519 1316 578 1392 ἐπὶ
603 1315 649 1392 τὰ
675 1314 897 1414 προκείμενα
923 1315 1013 1418 ἅγια
1039 1313 1146 1414 δῶρα
1171 1325 1321 1410 ταῦτα,]

704 1465 775 1534 Καὶ
797 1463 1015 1554 ἀνιστάμενος
1036 1462 1189 1556 ἐκφανεῖ.

310 1570 374 1646 ἵνα
407 1574 650 1668 ε’πιφοιτῆσαν
681 1576 727 1665 τῇ
754 1567 845 1672 ἁγίᾳ
869 1570 933 1645 καὶ
959 1571 1091 1672 ἀγαθῇ
1116 1570 1180 1644 καὶ
1205 1565 1345 1668 ἐνδόξῳ
1371 1567 1491 1644 αὑτοῦ
1516 1592 1596 1642 πα-

306 1673 446 1772 ρουσίᾳ
471 1669 608 1774 ἁγιάσῃ
633 1668 696 1746 καὶ
720 1667 853 1770 ποιήσῃ
879 1669 947 1768 τὸν
970 1670 1042 1768 μὲν
1068 1671 1183 1768 ἄρτον
1199 1679 1335 1747 τοῦτον
1352 1678 1462 1767 στῦμα
1480 1665 1596 1772 άγιον

312 1783 382 1850 τοῦ
407 1779 577 1872 Χριστοῦ
602 1797 683 1848 σου.

590 1953 594 1962 Ι
764 1925 770 1942 .
869 1867 908 1938 ‘O
935 1866 1027 1954 λαός.

380 1955 509 2058 Ἀμήν.

858 2051 899 2122 Ὁ
921 2052 1037 2143 λερεῦς.

388 2161 462 2268 Καὶ
486 2161 530 2234 τὸ
557 2157 732 2257 ποτήριον
757 2167 889 2248 τοῦτο,
917 2156 1012 2254 αἷμα
1037 2157 1163 2254 τίμιον
1188 2155 1264 2234 τοῦ
1282 2165 1451 2261 Χριστοῦ
1478 2184 1561 2234 σου.

868 2285 907 2358 ‘O
935 2287 1027 2371 λαός.

381 2376 510 2477 Ἀμήν.
636 2473 646 2500 (
698 2473 707 2499 C
771 2477 791 2498 h
897 2471 907 2500 2
934 2473 945 2500 Ι
1083 2474 1093 2500 t
1149 2474 1157 2501 Ι

412 2569 416 2577 Ι
645 2479 680 2544 0
698 2501 804 2569 ιερευς
822 2484 894 2546 καθ
931 2476 1059 2560 εαοτῦν,
1077 2496 1267 2564 εσταμενος,

390 2583 545 2658 XXXIII.
562 2580 642 2655 Ἵνα
659 2581 817 2683 Ιγίνηται
842 2588 933 2656 πᾶσι
958 2587 1036 2665 τοῖς
1059 2583 1099 2667 ἐξ
1123 2581 1251 2656 αὐτῶν
1271 2577 1592 2678 μεταλαμβάνου-

313 2708 375 2760 σιν
400 2689 450 2768 ελς
475 2685 611 2782 ἄφεσιν
635 2676 832 2781 άμαρταῦν
855 2681 919 2759 καὶ
944 2687 996 2768 είς
1020 2682 1120 2780 ζωὴν
1137 2678 1304 2773 αἰώνιον,
1331 2688 1382 2770 ελς
1397 2681 1592 2786 άγιασμὸν

312 2786 449 2884 τροχῶν
481 2784 543 2860 καὶ
577 2782 777 2880 σωμάτων,
811 2788 869 2868 είς·
892 2783 1152 2882 καρποφορίαν
1178 2785 1299 2885 ἔργων
1325 2786 1502 2886 ἀγαθῶν,
1538 2789 1593 2868 είς

313 2885 517 2988 στηριγμὸν
542 2893 606 2982 τῆς
630 2885 739 2987 ἁγίας
765 2912 833 2960 σου
858 2890 1061 2982 καθολικῆς
1085 2887 1287 2982 ἐκκλησίας,
1312 2887 1360 2982 ἣν
1385 2883 1592 2980 ἐθεμελίω-

313 3001 381 3072 σας
413 2987 471 3062 ὲπί
503 2987 572 3084 τὴν
604 2987 743 3086 πέτραν
767 2995 832 3083 τῆς
856 2987 1022 3078 πίστεως,
1054 2987 1119 3063 ἵνα
1145 2985 1255 3064 πύλαι
1271 2987 1379 3087 Ιζάδου
1404 2983 1455 3084 μὴ
1482 3015 1591 3062 κατι-

313 3088 502 3186 σχάσωσιν
537 3089 662 3186 αὐτῆς,
698 3085 876 3186 ῥυόμενος
911 3089 1028 3186 αὐτὴν
1063 3088 1136 3163 ἀπὸ
1171 3086 1290 3185 πάσης
1323 3087 1497 3186 αἱρέσεως
1521 3089 1590 3164 καὶ

313 3188 550 3280 σκανδάλων,
576 3192 639 3265 καὶ
665 3189 924 3293 ἐργαζομένων
943 3189 1012 3288 τὴν
1026 3188 1203 3286 ἀνομίαν,
1229 3188 1499 3292 διαφυλάττων
1517 3191 1590 3267 αῦ-

312 3293 381 3390 τὴν
406 3294 512 3391 μέχρι
537 3299 602 3389 τῆς
628 3293 836 3376 συντελείας
860 3301 927 3368 τοῦ
954 3297 1099 3378 αίῶνος.

742 3431 1026 3524 Καί-ἐνίοιλιθεὶς
1046 3442 1144 3529 λίγα.

390 3547 542 3620 XXXIV.
571 3545 838 3642 Προςφίρομεν
864 3569 934 3634 σοι,
963 3546 1144 3636 Δέσποτα,
1171 3545 1234 3620 καὶ
1259 3545 1351 3644 ὑπὲρ
1369 3552 1447 3620 τῶν
1463 3544 1590 3650 άγίων

313 3671 382 3723 σου
417 3642 556 3736 τόπων,
593 3645 658 3728 οῦς
693 3642 872 3732 ἐδάξασας
906 3653 951 3743 τῇ
979 3647 1186 3748 θεοφανείρ
1211 3654 1279 3722 τοῦ
1305 3653 1474 3746 Χριστοῦ
1502 3671 1588 3740 σου,

397 3917 455 3983 Cep.
474 3917 569 3968 xxttv.
605 3915 691 3969 eutius
716 3927 752 3968 eet
775 3919 804 3970 ii.
831 3921 853 3970 io
877 3920 1040 3985 superadditis
1060 3893 1233 3985 rogationibus.
1270 3923 1326 3972 Post
1350 3923 1452 3988 priorem
1475 3922 1589 3986 *utpotae

312 4003 422 4066 iitorgiee
445 4001 585 4066 petitionem
609 4012 664 4054 ont
686 4019 731 4068 pro
755 4005 892 4068 patrierehe
915 4005 951 4056 rei
969 4005 1085 4070 episeopo
1104 4015 1127 4057 ει
1145 4007 1197 4056 εἰοε
1215 4005 1280 4058 otere
1299 4031 1331 4044 —
1348 4004 1435 4071 γῆρας
1451 4001 1527 4070 αὐτῷ
1544 4007 1589 4056 τί·

310 4099 378 4155 μιον
397 4085 522 4152 χαρίσαι,
544 4081 752 4153 μακροχρόνιον
774 4080 860 4138 αὐτὸν
883 4079 1057 4154 διαφίλαξον
1074 4115 1106 4126 -
1125 4102 1169 4154 pro
1188 4091 1335 4154 presbyteris
1352 4100 1376 4140 et
1394 4089 1516 4152 Diaconte,
1540 4107 1588 4158 pro

311 4173 461 4224 odeteotiboe
479 4171 658 4232 Sacerdotibus,
674 4187 718 4237 pro
737 4173 792 4237 ipeo
811 4173 962 4232 Celebroote.
981 4189 1028 4239 pro
1045 4173 1193 4237 imperatore
1211 4184 1235 4225 et
1252 4177 1304 4226 ελσε
1322 4190 1404 4235 uxore,
1422 4183 1473 4225 toto
1493 4177 1587 4239 pelotio

313 4265 337 4310 et
360 4257 472 4318 exercito,
496 4271 541 4320 pro
563 4265 645 4306 eeoeto
670 4257 762 4308 civitate
786 4265 810 4307 et
833 4259 893 4308 orbe
917 4258 1045 4324 imperiali,
1069 4254 1191 4310 Μοατάιίε
1215 4285 1248 4296 -
1265 4287 1297 4298 -
1314 4251 1453 4328 μνήσθητι
1476 4258 1532 4308 τῶν
1555 4257 1588 4310 ἐν

313 4331 391 4404 ὄρεσι
406 4339 454 4390 καλ
476 4338 629 4403 σπηλαίοις,
652 4334 683 4390 ἐν
706 4342 765 4398 ταῖς
788 4334 871 4400 ὀπαῖς
887 4343 933 4405 τῆς
947 4341 998 4408 γῆς
1013 4335 1225 4410 ἀγωνιζομένων
1242 4335 1328 4394 ὁσίων
1345 4343 1473 4408 πατέρων
1490 4357 1519 4395 τε
1536 4341 1587 4394 καλ

313 4417 445 4489 ἀδελφοῖν
471 4421 519 4474 καλ
544 4423 600 4473 τοῖν
624 4418 693 4474 κατὰ
720 4414 815 4476 τόπων
839 4419 1002 4494 ίρθοδάξοιν
1029 4424 1168 4478 συνοδιῶν
1193 4426 1240 4478 καλ
1263 4425 1308 4490 τῆς
1331 4417 1432 4478 ἐνθάδε
1451 4425 1588 4486 συνοδίας

310 4499 391 4572 ἡμῶν
409 4533 439 4546 ·-
459 4523 503 4572 pro
522 4511 739 4574 peregrinantibus,
757 4525 801 4575 pro
819 4511 918 4562 senibus
936 4521 961 4563 et
977 4513 1090 4575 aegrotis,
1115 4529 1159 4578 pro
1180 4513 1350 4576 οετίριοιῐλιοι,
1375 4513 1503 4578 properie
1522 4523 1586 4564 tem·

310 4591 387 4656 perio,
404 4593 480 4643 fluviis
498 4601 521 4643 et
539 4596 616 4658 aquis,
634 4611 679 4660 pro
697 4595 853 4648 offerentibus
871 4599 983 4662 (querum
1003 4599 1098 4649 nomino
1118 4599 1279 4648 reeitebrnior
1296 4612 1323 4648 ex
1338 4597 1460 4663 Diptpohis
1479 4607 1507 4650 ut
1518 4607 1586 4650 recte

310 4675 422 4740 opinetur
439 4679 611 4740 Aeeemonnuo)
630 4694 673 4744 pro
692 4681 841 4746 parentibus,
860 4685 1017 4736 amiciret.
1052 4682 1138 4734 ituree
1162 4698 1189 4733 ex
1208 4683 1245 4734 trie
1261 4684 1418 4749 petitionibue
1436 4682 1587 4748 investigen-
