3394 5308
927 439 975 514 70

393 629 466 704 XV.
494 627 572 702 Ἔτι
604 621 772 724 δεόμεθά
805 645 887 714 σου,
920 619 1035 722 κάριε,
1067 620 1131 698 καὶ
1162 619 1255 719 ὐπύρ
1286 619 1351 718 τῆς
1383 617 1493 722 άγίας
1519 640 1589 696 σου

314 727 507 827 ἐκκλησίας
538 736 604 826 τῆς
635 726 710 803 ἀπὸ
741 723 914 826 περάτων
945 725 1014 809 ἕως
1045 720 1229 822 περάτων,
1263 721 1313 820 ἣν
1347 716 1591 823 περιεποιήσιο

314 839 370 931 τῷ
395 829 507 931 τιμίῳ
534 831 664 927 αἵματι
687 835 756 906 τοῦ
780 833 949 928 Χριστοῦ
974 849 1057 917 σου,
1090 824 1190 910 ὅπως
1214 823 1333 924 αὐτὴν
1358 819 1592 922 διαφυλάξῃς

316 933 489 1009 ἄσειστον
512 932 577 1009 καὶ
601 926 895 1021 ἀκλυδαίνιστον,
922 927 1008 1030 ίίχρι
1032 934 1097 1024 τῆς
1123 924 1331 1010 συντελείας
1354 933 1424 1002 τοῦ
1441 927 1590 1010 αἰῶνος.

314 1033 379 1112 καὶ
403 1033 496 1134 ὑπὲρ
530 1031 650 1132 πάσης
681 1035 876 1130 ἐπισκοπῆς
900 1038 965 1127 τῆς
990 1024 1272 1130 ἀρθοτομοάσης
1296 1025 1364 1104 τὸν
1389 1023 1502 1128 λόγον
1526 1032 1593 1124 τῆς

316 1133 504 1234 ἀληθείας.
530 1137 584 1210 ἔτι
609 1131 897 1234 παρακαλοῦμεν
922 1157 961 1208 σε
987 1130 1051 1208 καὶ
1074 1129 1167 1230 ὐπέρ
1192 1137 1257 1227 τῆς
1282 1131 1370 1227 ἐμῆς
1394 1135 1463 1204 τοῦ
1478 1155 1593 1223 προς-

316 1234 495 1337 φίροντύς
528 1261 586 1313 σοι
619 1234 802 1326 οὐδενίας,
835 1233 899 1312 καὶ
930 1232 1024 1336 ῦπέρ
1049 1231 1190 1317 παντὸς
1213 1239 1282 1308 τοῦ
1307 1227 1592 1331 πρεσβυτερίου,

314 1339 408 1436 ῦπίρ
431 1347 512 1416 τῶν
536 1335 726 1416 διακόνων
750 1337 815 1414 καὶ
838 1335 977 1422 παντὸς
1000 1342 1069 1412 τοῦ
1092 1331 1243 1434 κλήρου,
1267 1334 1332 1411 ἵνα
1357 1329 1501 1416 πάντας
1524 1353 1594 1406 σο-

317 1582 418 1632 οθετιοτ
435 1581 505 1645 panis
524 1588 549 1631 ει
565 1581 644 1631 viuum
663 1593 718 1630 cum
736 1592 798 1644 τηιιε
816 1578 931 1630 mixtum:
950 1583 1007 1643 ροει
1022 1575 1171 1628 oblationem
1182 1573 1246 1626 ῦετε
1263 1587 1308 1640 ρετ
1316 1571 1433 1638 Spintum
1444 1573 1592 1624 mincium

316 1663 364 1716 sibi
388 1663 496 1716 αὐλείοιο
520 1672 597 1715 ποιεί
623 1665 647 1714 in
671 1664 767 1714 melius.
801 1659 911 1713 Είδάίοτ
934 1661 1004 1725 punis
1031 1675 1120 1726 οοτροτ
1138 1659 1236 1720 Christi,
1259 1659 1339 1709 vinum
1365 1657 1463 1719 ειοςυίι
1492 1655 1595 1718 Christi,

317 1762 364 1813 pro
382 1748 453 1800 nobis
471 1748 496 1799 in
514 1762 586 1798 εεοεε
603 1747 686 1799 oblati.
721 1747 779 1798 Ιιίεο
796 1752 861 1797 recte
880 1759 944 1796 οοοο
961 1759 1057 1811 quoque
1075 1744 1153 1794 τοτετί
1176 1750 1280 1808 possunt
1302 1741 1445 1794 sacrificium
1473 1740 1517 1791 εεύ
1543 1737 1596 1790 alio

318 1845 392 1883 εειιεο
410 1840 435 1883 ει
451 1831 499 1882 alia
516 1833 610 1884 τειίοοε
628 1847 699 1897 quam
718 1837 795 1882 ιοιεε.
813 1830 873 1880 Aule
885 1830 1091 1881 οοοεεοτείίοοεοι
1109 1827 1284 1880 ισοιιιύτεύεοι
1301 1827 1444 1878 sucrificium
1463 1825 1493 1875 ab
1512 1823 1596 1874 homi-

318 1916 390 1967 nihus
414 1916 530 1978 ablutum,
554 1931 617 1968 οσοο
637 1917 728 1982 Υίιετοοτ
752 1921 938 1984 τρρτεοειοιεοι
955 1914 1082 1974 victimam,
1100 1911 1175 1967 εειοεί
1194 1913 1218 1962 in
1238 1927 1309 1962 ετοοε
1327 1911 1377 1962 Deo
1395 1910 1457 1976 ριιιλ
1476 1909 1595 1974 οὐΙομιιο.

318 1999 369 2052 Nec
387 1999 433 2051 Ιιοο
449 2001 578 2052 tacendum
597 2010 642 2062 εει,
661 2001 748 2051 mutari
765 2013 853 2065 ρεοεετι
871 1999 895 2050 in
914 2013 1002 2063 οοτροε
1021 2005 1045 2048 ει
1061 1997 1140 2048 vinum
1154 1997 1179 2046 in
1201 1998 1342 2060 sanguinem
1364 2009 1393 2045 ιο
1415 1993 1527 2055 consilio,
1545 1990 1596 2042 λνα

318 2080 347 2133 ol
363 2074 566 2150 μεταλαβόντες
581 2081 756 2148 βεβαιυθιύσι
773 2075 843 2150 πρὸς
858 2075 1001 2146 εὐσέβειαν
1018 2089 1064 2134 ute.

403 2167 458 2219 Noli
475 2169 666 2234 ρττειεττοίιιετε
684 2168 743 2220 duas
761 2168 886 2218 οτιιίοοεε
902 2166 1073 2219 eucharistica
1091 2179 1151 2231 ηοιε
1169 2165 1273 2215 offerunt
1290 2163 1368 2229 οτρίιε
1384 2162 1417 2214 25
1435 2171 1459 2214 ει
1476 2161 1512 2213 λθ
1527 2162 1597 2214 Libn

318 2251 430 2316 Septimi,
454 2253 544 2302 οοτιείτ
569 2253 672 2302 tortam
696 2251 871 2316 aliquantulum
894 2252 1042 2316 superiores.
1077 2244 1305 2322 Εὐχαριστοῦμέγ
1321 2257 1380 2311 σοι,
1398 2230 1484 2312 τίάτερ
1501 2239 1597 2314 ἡμιῖν,

317 2325 390 2400 ῦπὲρ
414 2332 475 2397 ζοῆς
496 2318 529 2398 ἧς
549 2329 704 2401 έγνιύρισας
725 2328 794 2401 ἡμῖν
817 2327 864 2384 διά
882 2329 974 2398 Ἰησοῦ
995 2335 1044 2384 τοῦ
1065 2325 1166 2388 παιδός
1188 2343 1247 2396 σου,
1271 2328 1307 2381 δι’
1330 2315 1362 2382 οὐ
1384 2329 1434 2380 ιιαλ
1448 2323 1482 2393 τά
1499 2323 1597 2380 πάντα

318 2413 461 2482 ὐποίηαας,
483 2417 533 2468 καλ
555 2415 610 2469 τιύν
633 2410 706 2470 ὐλιον
728 2419 866 2484 προνοεῖς,
889 2409 924 2468 ὃν
945 2415 993 2466 καὶ
1015 2413 1178 2472 ἀπέστειλας
1201 2414 1409 2484 περὶ-σωτηρίη
1425 2413 1458 2484 τῇ
1472 2407 1598 2482 ἡμετέρα

318 2501 454 2570 γενέσθαι
470 2495 633 2570 άνθρυπον,
657 2494 690 2552 ὅν
706 2499 755 2552 παλ
770 2494 967 2570 συνεχάρησας
983 2503 1088 2552 παθεῖν
1104 2499 1152 2550 καλ
1169 2494 1334 2564 ἀποθανεῖν,
1357 2492 1391 2552 ὃν
1404 2499 1452 2550 ιιαλ
1468 2492 1598 2564 ἀναστή-

318 2597 372 2642 σας
394 2578 547 2649 εὐδόκησας
570 2582 693 2651 δοξάσαι,
716 2583 764 2637 τιαλ
780 2582 913 2643 ένάθισας
930 2582 960 2636 έιι
977 2581 1075 2643 δεξιῶν
1092 2597 1156 2639 σου·
1180 2581 1217 2634 δι’
1239 2569 1272 2634 οὐ
1288 2582 1336 2634 καλ
1352 2567 1508 2650 λαηγγείλοι
1525 2575 1600 2650 ἡμῖν

318 2662 369 2733 τήν
386 2660 541 2721 ἀνάστασιν
557 2669 612 2736 τιύγ
629 2670 743 2741 νεκράν.
760 2661 794 2720 σύ
812 2666 933 2721 δέσποτα
951 2661 1148 2736 παντοκράτωρ
1169 2664 1220 2718 Θεέ
1237 2659 1343 2718 αίοίνιε·
1363 2665 1453 2738 ιύςπερ
1470 2654 1506 2732 ἦν
1514 2665 1598 2720 τοῦτο

319 2749 577 2821 ὐιεσεορπιαμένον,
594 2754 642 2805 καῖ
657 2751 800 2821 συναχθέν
817 2750 925 2821 ἐγένετο
943 2743 983 2810 εἷς
998 2746 1090 2823 ἀρτος,
1112 2745 1182 2803 οὕτω
1200 2749 1345 2819 συνάγαγε
1359 2765 1411 2802 σου
1429 2745 1478 2817 τὴν
1495 2748 1600 2817 ἔκκλη-

319 2838 385 2888 σίαν
402 2831 459 2889 ἀπὸ
476 2837 531 2889 τούν
547 2831 677 2907 περάτων
692 2841 738 2904 τῆς
753 2837 803 2906 γῆς
820 2837 858 2895 είς
875 2831 924 2901 τήν
939 2838 1091 2902 βασιλείαν.
1110 2833 1149 2887 ἔτι
1165 2832 1390 2904 εὐχαριστοῦμεν,
1408 2834 1495 2911 πάτερ
1503 2830 1598 2904 ἀμῶν,

318 2914 390 2988 ὑπὲρ
413 2920 462 2972 τοῦ
485 2923 577 2991 τιμίου
600 2922 716 2990 αίματυς
734 2918 825 2987 Ἰησοῦ
841 2921 965 2989 Χριστοῦ
982 2923 1030 2971 τού
1045 2918 1209 2987 ἐκχυθέντος
1224 2915 1296 2988 ὐπὲρ
1312 2915 1401 2988 ἡμῶν,
1424 2919 1472 2972 παλ
1489 2921 1540 2971 τοῦ
1554 2937 1598 2972 τι-

319 3007 389 3074 μίου
406 2998 547 3074 σώματος·
567 2991 600 3058 οὐ
617 3005 665 3056 καλ
681 3005 816 3056 ἀντίτυπα
832 3005 917 3056 ταῦτα
934 3002 1121 3072 ἐπιτελοῦμεν,
1138 2999 1224 3056 αὐτοῦ
1239 3001 1444 3073 διαταξαμένου
1459 2997 1530 3072 ἡμῖν
1541 3021 1600 3056 τια-

320 3087 481 3156 ταγγέλλειν
502 3085 551 3142 τὸν
573 3084 656 3140 αὐτοῦ
678 3081 819 3141 θάνατον·
843 3085 881 3140 δι’
907 3081 992 3140 αὐτοῦ
1013 3085 1067 3158 γάρ
1095 3101 1140 3140 σοι
1156 3088 1204 3141 ιιαλ
1222 3085 1236 3153 ἦ
1255 3081 1330 3154 δόξα,
1348 3089 1388 3147 είς
1403 3088 1467 3147 τούς
1482 3089 1598 3154 πλεῦνας,

320 3164 406 3240 ἀμήν.
771 3169 774 3187 “

408 3258 533 3310 Secundae
551 3259 655 3311 οτιιίοαί
672 3261 733 3310 haec
750 3260 911 3324 praecedunt:
935 3257 1006 3327 μετὰ
1023 3254 1055 3309 δέ
1073 3251 1121 3321 τὴν
1137 3249 1294 3324 μετάληψιν
1310 3250 1396 3314 οὐτυς
1411 3252 1600 3326 εὐχαριστεῖτε

322 3367 355 3382 -·
373 3343 417 3394 sod
442 3344 502 3394 Ιιιετ
525 3344 630 3395 secunda
655 3359 726 3396 πεοο
750 3344 831 3396 addita
854 3352 918 3396 εοοι.
955 3344 1041 3395 Procul
1061 3344 1134 3394 dubio
1153 3351 1190 3394 εει
1207 3343 1322 3405 ῦοΙΙεοιε,
1346 3358 1408 3408 quae
1426 3345 1514 3396 dicitur
1532 3347 1599 3398 ἰοίτε

322 3427 442 3479 actionem
460 3429 569 3492 proxime
587 3438 641 3480 ιπιε
660 3429 859 3500 comunionem
878 3428 993 3479 δίοεοιλει
1010 3420 1239 3494 Εὐχαριοτούμέν
1254 3437 1307 3490 σοι,
1325 3419 1340 3476 ὁ
1357 3423 1424 3484 θεὸς
1440 3425 1488 3477 ιιαλ
1505 3425 1599 3496 πατὴρ

290 3561 292 3565 ,
318 3508 408 3574 Ἰησοῦ
424 3509 476 3560 τοῦ
491 3509 613 3578 σωτῆρος
629 3505 709 3575 ἡμῶν
724 3504 795 3578 ὑπὲρ
812 3507 861 3560 τοῦ
878 3503 960 3577 ἀγίου
977 3521 1039 3575 σου,
1056 3493 1089 3559 οὐ
1105 3503 1355 3574 κατεσεηνιάσαςίν
1366 3502 1449 3578 ἡμῖν·
1467 3511 1517 3562 παλ
1526 3505 1601 3579 ὑπὲρ

321 3593 369 3659 τῆς
390 3585 521 3660 γναίσευς
543 3593 591 3643 καλ
607 3595 725 3651 πίστεως
740 3592 789 3644 παλ
806 3585 917 3660 ἀγάπης
933 3592 981 3642 ιιαλ
997 3587 1164 3661 ἀθανασίας,
1186 3579 1219 3659 ἧς
1235 3590 1341 3652 ἔδωκας
1356 3587 1426 3662 ἡμῖν
1444 3589 1491 3646 διά
1505 3592 1601 3660 Ἰησοῦ

321 3677 371 3729 τοῦ
388 3669 490 3734 παῖδάς
505 3689 566 3727 σου.
600 3671 642 3726 Σύ
660 3674 781 3727 δέσποτα
798 3669 997 3747 παντοκράτορ,
1016 3671 1031 3728 ὁ
1047 3672 1114 3735 θεὸς
1126 3675 1182 3729 τιύν
1199 3673 1279 3742 ὅλοιν,
1297 3676 1404 3737 ἔκτισας
1420 3677 1469 3730 τὸν
1486 3672 1601 3750 κόσμον

322 3759 371 3814 ιιαλ
393 3757 426 3811 τά
450 3757 482 3812 έν
505 3755 580 3826 αὐτηλ
596 3755 633 3811 δι’
656 3755 743 3811 αὐτοῦ
765 3758 813 3810 καλ
828 3752 920 3830 νόμον
937 3753 1141 3830 ιιατεψύτευσας
1157 3757 1190 3814 έν
1206 3764 1264 3822 ταῖς
1281 3765 1386 3831 ψυχαῖς
1401 3757 1482 3830 ἡμῶν
1498 3766 1548 3822 ιιαλ
1565 3761 1603 3818 τά

321 3839 393 3914 πρὸς
418 3836 577 3914 μετάληψιν
600 3845 819 3915 προευτρέπισας
840 3837 1009 3913 ἀνθρώποις.
1025 3839 1072 3898 “0
1094 3841 1160 3904 θεὸς
1181 3846 1236 3899 ταῖν
1259 3841 1348 3916 άγίων
1370 3847 1419 3898 καλ
1439 3842 1601 3917 ἀμέμπτυν

321 3931 451 3997 πατέρων
466 3921 555 3996 ἡμῶν,
569 3923 695 3996 Ἀβραάμ
712 3927 760 3980 καλ
772 3923 866 3980 Ἰσαάκ
883 3928 931 3980 καλ
943 3925 1049 3997 Ἰακώβ,
1067 3929 1122 3982 ταῖν
1138 3932 1245 3982 πιστοῖν
1261 3924 1371 3982 δούλοιν
1388 3945 1454 3984 σου·
1472 3927 1488 3984 ὐ
1506 3926 1601 3986 δῦνα-

321 4031 368 4074 τος
389 4007 455 4073 θεὸς
477 4006 492 4064 ὃ
515 4007 612 4071 πιστὸς
634 4013 681 4063 καλ
703 4007 835 4077 ἀληθινὸς
850 4012 898 4064 ιιαλ
915 4008 1039 4079 ἀψευδὴς
1056 4010 1087 4065 έν
1104 4014 1163 4071 ταῖς
1180 4012 1371 4082 ἐπαγγελίαις·
1395 4012 1410 4068 ὃ
1429 4011 1604 4078 ἀποστείλας

321 4095 370 4151 έπλ
385 4098 436 4167 γῆς
448 4093 557 4161 Ἰησοῦν
573 4091 621 4150 τύν
639 4090 763 4167 Χριστόν
779 4109 839 4162 σου,
857 4089 1019 4167 ἀνθρώποις
1036 4099 1302 4167 συναναστραφῆναι
1319 4093 1359 4158 ιύς
1375 4097 1531 4171 ἄνθρωπον
1549 4103 1601 4153 καῖ

321 4177 371 4248 τὴν
388 4175 499 4248 πλάνην
516 4173 664 4252 πρόρριζον
681 4177 799 4233 ἀνελεῖν.
825 4175 917 4239 Λύτύς
933 4182 981 4233 καλ
997 4181 1049 4234 νῦν
1065 4178 1210 4238 δι’,αὐτοῦ
1224 4178 1364 4252 μνήσθητι
1381 4185 1427 4250 τῆς
1444 4178 1528 4252 άγίας
1544 4199 1601 4239 σου

321 4263 465 4331 έιιιιλησίας
481 4259 580 4330 ταύτης
593 4259 629 4330 ἣν
646 4263 831 4334 περιεποιεῖτο
848 4266 886 4331 τῷ
902 4268 983 4334 τιμίῳ
1000 4266 1097 4335 αἵματι
1114 4268 1162 4318 τοῦ
1179 4265 1303 4338 Χριστοῦ
1321 4280 1373 4320 σου
1389 4267 1437 4318 καλ
1453 4267 1537 4338 ῥῦσαι
1548 4265 1601 4322 αὐ-

321 4343 371 4414 τὴν
393 4345 451 4401 ἀπὸ
473 4347 578 4409 παντὸς
600 4349 725 4420 πονηροῦ
748 4348 797 4400 ιιαλ
818 4349 964 4402 τελείυσον
982 4345 1068 4415 αὐτὴν
1085 4348 1117 4402 ἐν
1133 4351 1165 4422 τῇ
1181 4345 1277 4423 ἀγάπη
1294 4365 1347 4404 σου
1363 4351 1412 4405 καλ
1427 4351 1459 4422 τῇ
1477 4349 1600 4421 ἀληθείᾳ

320 4447 374 4487 σου
394 4435 442 4485 παλ
464 4427 606 4504 συνάγαγε
630 4425 738 4494 πάντας
758 4428 832 4503 ἡμᾶς
854 4435 894 4492 είς
916 4431 964 4498 την
987 4431 1041 4502 σὴν
1061 4435 1214 4503 βασιλείαν,
1237 4427 1273 4502 ἢν
1290 4432 1324 4488 σύ
1341 4431 1503 4506 ἡτοίμασας,
1528 4433 1602 4504 αὐτη

320 4512 485 4589 μαραναθά.
515 4513 640 4572 Ὡσαννά
663 4517 701 4585 τῷ
718 4517 769 4585 υίηῖ
783 4515 884 4584 Δαρλδ,
902 4515 1087 4587 εὐλογημένος
1103 4512 1118 4572 ὁ
1135 4513 1287 4590 έρχάμενος
1303 4517 1336 4572 έν
1353 4511 1471 4574 ὐνόιιατι
1487 4514 1599 4589 κύριου.

326 4598 395 4660 Θεὸς
411 4595 505 4668 κύριος
521 4598 536 4654 ὁ
553 4600 701 4672 έπαγανελς
717 4601 748 4655 έν
765 4605 857 4674 σαρκί.
891 4603 929 4652 Εἴ
945 4619 984 4662 τις
999 4597 1078 4671 ἀγιος
1094 4607 1298 4674 προςερχέσθω,
1315 4604 1341 4656 ελ
1358 4601 1392 4656 δέ
1406 4621 1445 4663 τις
1461 4597 1513 4657 οὐκ
1529 4606 1604 4676 ἔστι,

321 4688 444 4754 γινέσθω
463 4681 509 4738 ὐιά
525 4689 687 4755 μετανοίας·
705 4684 862 4758 ἐπιτρέπετε
880 4685 911 4740 δὲ
928 4687 976 4738 ιιαλ
992 4691 1047 4747 τοῖς
1063 4691 1256 4758 πρεσβυτέροις
1271 4683 1360 4759 ὐμιύν,
1378 4686 1563 4760 εὐχαριστεῖν.
