3388 5304
713 429 786 502 629

111 617 239 702 ἐλεῶν,
266 609 288 687 ὅ
312 609 556 711 ὑπερβαίνων
580 609 741 707 ἀνομίας
768 610 832 686 καὶ
858 609 1015 704 ἐξαίρων
1040 609 1200 702 ἀδικίας,
1227 611 1248 687 ὅ
1272 615 1388 712 ταχὺς

111 721 166 799 είς
201 712 389 813 βοήθειαν
423 713 487 790 καί
518 711 667 815 βραδὺς
698 719 749 798 ελς
774 709 903 814 ὀργὴν,
937 709 1202 811 ὃέμφυσήσας
1225 719 1276 800 είς
1300 717 1389 803 τοὺς

112 819 253 892 ἑαυτοῦ
276 815 455 911 μαθητὰς
477 816 541 890 καί
567 813 697 892 είπών·
725 815 858 910 λάβετε
880 821 1031 902 πνεῦμα
1056 813 1178 916 ἱίγιον,
1205 817 1257 895 ἄν
1271 847 1388 895 τινων

112 919 235 1017 ἀφῆτε
264 917 334 1001 τὰς
365 917 569 1015 ἁμαρτίας,
611 917 786 1016 ἀφίενται
819 915 956 1000 αὐτοῖς.
1001 913 1048 992 Ὁ
1079 914 1277 1016 δεχόμενος
1309 929 1388 996 τῶν

112 1018 352 1117 ἁμαρτωλῶν
385 1018 455 1116 τὴν
491 1016 707 1108 μετάνοιαν,
741 1019 805 1095 καὶ
840 1018 1013 1104 ἐξουσίαν
1047 1018 1145 1113 έχων
1178 1026 1388 1122 συγχωρεῖν

114 1120 302 1220 ἁμαρτίας
326 1120 464 1205 πολλὰς
486 1121 552 1196 καὶ
574 1120 748 1217 χαλεπὰς,
781 1119 845 1195 καὶ
869 1123 973 1194 ίσσιν
997 1121 1171 1216 παρέχων
1195 1131 1287 1198 πᾶσι
1311 1131 1390 1209 τοῖς

114 1228 157 1298 ἐν
183 1222 363 1321 ἀσθενείᾳ
386 1221 451 1298 καί
475 1223 708 1321 μακρονοσίᾳ
732 1221 941 1324 διάγουσιν.
984 1219 1028 1298 Ὁ
1050 1221 1115 1296 καὶ
1139 1221 1202 1318 ἐμὲ
1228 1224 1296 1299 τὸν
1321 1253 1388 1299 τα-

112 1324 245 1401 πεινὸν
267 1323 332 1400 καί
357 1323 583 1424 ἁμαρτωλὸν
606 1324 671 1414 καί
695 1324 851 1412 ἀνάξιον
876 1319 1015 1398 δοῦλόν
1029 1346 1123 1424 σου,
1148 1324 1217 1400 τὸν
1241 1329 1283 1401 ἐν
1299 1337 1389 1402 πολ-

114 1433 197 1511 λαῖς
222 1424 422 1521 ἁμαρτίαις
447 1427 774 1528 συμπεπλεγμένον
798 1424 863 1502 καὶ
887 1422 1053 1499 πάθεσιν
1076 1423 1228 1521 ἡδονῶν
1249 1452 1390 1530 συγκυ-

114 1525 363 1626 λινδοόμενον
387 1527 543 1612 καλέσας
567 1533 618 1612 είς
642 1526 710 1603 τὸν
736 1527 845 1630 ἀγιον
865 1525 927 1602 καὶ
944 1525 1213 1630 ὑπερμίγιστον
1227 1530 1390 1626 βαθμὸν

113 1638 182 1728 τῆς
205 1626 410 1727 ἱεροσόνης,
434 1629 499 1708 καὶ
524 1632 700 1713 εἰςελθεῖν
725 1634 775 1713 είς
799 1627 842 1704 τὸ
869 1622 1065 1726 ἐνδότερον
1089 1636 1158 1705 τοῦ
1182 1629 1391 1706 καταπετά-

115 1759 271 1827 σματος,
304 1735 356 1814 είς
386 1728 434 1805 τὰ
468 1729 558 1832 ἀγια
589 1737 669 1806 τῶν
694 1728 827 1833 ἁγίων,
861 1727 955 1804 ὅπου
980 1727 1201 1828 παρακύψαι
1228 1733 1264 1806 οἱ
1290 1733 1390 1836 ἅγιοι

116 1835 267 1936 ἀγγελοι
299 1835 565 1927 ἐπιθυμοῦσιν,
598 1833 756 1908 ἀκοῦσαι
789 1839 854 1930 τῆς
890 1831 1125 1932 εὐαγγελικῆς
1150 1842 1279 1931 φωνῆς
1310 1843 1391 1910 Kv-

116 1935 204 2032 ρίου
235 1941 305 2010 τοῦ
340 1938 446 2023 θεοῦ,
478 1934 542 2010 καὶ
574 1931 795 2010 θεάσασθαι
829 1932 985 2031 αάτοφεὶ
1018 1930 1062 2006 τὸ
1095 1931 1291 2025 πρόςωπον
1325 1945 1391 2034 τὴς

116 2035 230 2140 ἁγίας
261 2036 477 2134 ἀναφορᾶς,
513 2034 577 2111 καὶ
611 2037 821 2111 ἀπολαῦσαι
854 2043 919 2130 τῆς
949 2031 1058 2118 θείας
1089 2035 1152 2109 καί
1184 2035 1286 2131 ἱεροῖς
1318 2046 1391 2113 λει-

115 2135 311 2240 τουργίας·
347 2135 367 2212 ό
398 2134 630 2223 καταξιώσας
660 2166 707 2232 με
739 2139 976 2266 ἱερουργῆσαι
1008 2135 1056 2209 τὰ
1089 2136 1295 2236 ίπουράνιά
1320 2165 1391 2216 σου

115 2237 318 2338 μυστήρια,
343 2239 407 2313 καί
432 2238 650 2336 προςφέρειν
676 2261 734 2313 σοι
760 2237 867 2336 δῶρα
893 2236 1020 2312 τεκαὶ
1046 2235 1187 2323 θυσίας
1202 2237 1295 2338 ὑπὲρ
1311 2249 1392 2318 τῶν

114 2341 306 2440 ἡμετέρων
333 2339 627 2438 ἁμαρτημάτων,
652 2339 716 2416 καὶ
741 2347 820 2415 τῶν
840 2348 909 2415 τοῦ
927 2347 1020 2414 λαοῦ
1038 2336 1302 2440 ἀγνοημάτων,
1327 2343 1392 2418 καί

116 2451 332 2540 μεσιτεῦσαι
364 2440 456 2538 ὑπέρ
489 2451 568 2518 τῶν
600 2449 760 2545 λογικῶν
792 2464 862 2517 σου
895 2436 1111 2539 προβάτων,
1146 2443 1211 2518 ἵνα
1237 2441 1301 2518 διὰ
1326 2453 1393 2541 τῆς

117 2552 254 2641 πολλῆς
278 2544 341 2619 καὶ
366 2541 517 2642 ἀφάτου
544 2567 613 2620 σου
638 2543 929 2643 φιλανθρωπίας
953 2541 1001 2618 τὰ
1017 2541 1303 2640 παραπτώματα
1322 2547 1393 2622 αὐ-

118 2656 198 2723 τῶν
215 2644 419 2743 ἐξαλείιμης,
446 2645 558 2742 αὐτὸς
574 2643 792 2748 ἁπεράγαθε
807 2647 977 2742 βασιλεῦ,
1004 2642 1178 2720 ἒνώτισαι
1194 2645 1264 2743 τήν
1281 2675 1393 2746 προς-

117 2747 232 2846 ευχὴν
256 2775 331 2846 μου
358 2750 399 2823 ἐν
424 2743 542 2843 ταύτῃ
566 2755 613 2844 τῇ
639 2747 720 2845 ῶρρι
742 2777 781 2822 τε
797 2747 860 2824 καί
878 2746 967 2848 ἁγίᾳ
982 2746 1114 2844 ἡμέρᾳ,
1139 2747 1203 2822 καὶ
1220 2751 1261 2829 ἐν
1278 2749 1392 2826 παντί

117 2857 240 2948 καιρῷ
264 2849 327 2923 καί
352 2845 467 2946 τόπῳ,
493 2847 557 2923 καὶ
582 2845 739 2946 πρόσχες
764 2857 808 2944 τῇ
831 2856 942 2945 φωνῇ
958 2857 1022 2944 τῆς
1040 2845 1199 2943 δεήσεώς
1213 2877 1301 2945 μου,
1327 2852 1393 2926 καὶ

118 2961 188 3029 τοῦ
214 2948 354 3026 δούλου
380 2972 463 3039 σου,
488 2947 613 3038 τοῦδε,
641 2959 706 3026 τοῦ
733 2954 774 3024 ἐν
799 2949 978 3044 ἀσθενείᾳ
998 2956 1121 3046 ψυχῆς
1137 2949 1202 3024 καὶ
1219 2947 1394 3047 σώματος

120 3057 241 3143 ὄντος,
267 3051 336 3148 τὴν
360 3055 463 3128 ἴασιν
488 3047 670 3147 δώρησαι,
708 3051 882 3146 παρέχων
907 3049 1042 3148 ἀφεσιν
1067 3049 1265 3147 ἁμαρτιῶν
1285 3052 1392 3151 αὐτῷ

118 3155 184 3233 καὶ
210 3149 447 3256 συγχώρησιν
472 3149 808 3249 πλημμελημάτων,
835 3149 1016 3226 ἑκουσίων
1041 3179 1079 3227 τε
1104 3151 1168 3225 καί
1190 3153 1392 3244 ἀκουσίων,

119 3255 345 3354 θεραπεύων
369 3255 488 3330 αὐτοῦ
512 3252 653 3356 πληγὰς
677 3250 865 3342 ἀνιάτους,
891 3261 1019 3328 πᾶσαν
1045 3281 1083 3328 τε
1108 3249 1224 3329 νόσον
1239 3253 1304 3328 καὶ
1320 3263 1394 3329 πᾶ-

117 3386 195 3435 σαν
220 3353 419 3455 μαλακίαν.
471 3352 649 3453 Δώρησαι
682 3355 787 3452 αὐτῷ
812 3353 976 3454 ηωιχικὴν
1001 3357 1116 3442 ίασιν,
1154 3353 1394 3452 ὃὰφάμενος

120 3470 186 3558 τῆς
210 3463 397 3552 πενθερᾶς
422 3465 490 3533 τοῦ
517 3457 680 3554 Πέτρου,
705 3456 769 3532 καὶ
795 3457 939 3556 ἀφῆκεν
960 3455 1080 3554 αὐτὴν
1098 3453 1118 3530 ὅ
1135 3457 1303 3551 πυρετὸς,
1329 3457 1394 3534 καὶ

119 3563 264 3663 ἠγέρθη
295 3557 359 3635 καί
390 3554 552 3656 διηκόνει
587 3582 656 3635 σοι.
707 3558 843 3647 Αὐτὸς,
879 3558 1052 3647 δέσποτα,
1086 3555 1149 3632 καὶ
1179 3567 1236 3657 τῶ
1268 3556 1393 3660 δούλῳ

121 3673 204 3753 σου,
230 3659 340 3760 τῷδε,
366 3657 562 3756 παράσχου
586 3660 754 3758 ἰατρείαν
778 3659 841 3734 καὶ
866 3659 1084 3762 ἀπαλλαγὴν
1108 3656 1229 3757 πάσης
1244 3665 1395 3760 φθορο-

121 3773 232 3844 ποιοῦ
266 3762 484 3866 ἀλγηδόνος,
517 3765 580 3838 καί
612 3759 802 3860 μνήσθητι
835 3771 914 3838 τῶν
944 3759 1135 3840 πλουσίων
1162 3787 1231 3838 σου
1257 3769 1394 3860 οἰκτιρ-

120 3876 209 3966 μῶν
239 3863 303 3940 καὶ
334 3871 404 3939 τοῦ
436 3863 556 3948 ἐλέους
582 3877 662 3940 σου.
715 3861 926 3960 Μνήσθητι
951 3861 1008 3938 ὅτι
1033 3865 1212 3959 ἐπιμελῶς
1237 3865 1395 3967 ἔγκειται

120 3969 144 4068 ἡ
172 3965 322 4044 διάνοια
348 3973 416 4041 τοῦ
442 3961 651 4059 ἀνθρώπου
678 3964 736 4040 ἐπὶ
760 3964 809 4040 τά
834 3963 978 4064 πονηρὰ
1004 3967 1045 4040 ἐκ
1069 3963 1239 4064 νεότητος
1261 3965 1393 4058 αὐτοῦ,

121 4069 187 4147 καὶ
219 4066 341 4154 οὐδεὶς
372 4065 578 4163 εὑρίσκεται
612 4063 873 4164 ἀναμάρτητος
905 4066 964 4141 ἐπὶ
996 4073 1062 4164 τῆς
1092 4075 1171 4170 γῆς.
1224 4067 1288 4141 Σὺ
1319 4066 1393 4168 γὰρ

120 4169 239 4270 μόνος
263 4169 366 4254 ἐκτὸς
390 4165 576 4266 ἁμαρτίας
599 4165 787 4263 ὑπάρχεις,
823 4167 842 4244 ὁ
869 4167 994 4242 ἐλθών
1019 4167 1084 4242 καὶ
1109 4165 1233 4251 σώσας
1256 4166 1300 4243 τὸ
1325 4171 1395 4244 άν-

121 4271 322 4373 θρώπινον
346 4271 465 4374 γένος,
490 4269 553 4344 καί
578 4267 833 4368 ἐλευθερώσας
858 4267 958 4366 ἡμᾶς
982 4271 1022 4344 ίκ
1047 4277 1112 4366 τῆς
1136 4266 1306 4354 δουλείας
1325 4279 1394 4348 τοῦ

122 4377 279 4472 ἐχθροῦ.
324 4373 412 4448 Ἐὰν
445 4371 518 4474 γὰρ
553 4377 604 4455 είς
627 4373 750 4468 κρίσιν
776 4373 889 4468 ἔλθῃς
913 4369 1006 4466 μετὰ
1031 4379 1110 4446 τῶν
1136 4367 1284 4448 δούλων
1311 4398 1393 4462 σου,

124 4475 248 4560 οὐδεὶς
279 4471 519 4573 εὑρεθήσεται
550 4471 721 4571 καθαρὸς
753 4473 827 4548 ἀπὸ
858 4471 989 4572 ῥύπου.
1034 4469 1144 4546 ‘Aua
1169 4480 1247 4548 πᾶν
1273 4469 1393 4566 στόμα

124 4574 357 4679 φραγήσεται
381 4576 434 4673 μὴ
460 4577 548 4674 έχον
570 4605 606 4649 τι
633 4573 952 4676 ἀπολογήσασθαι.
981 4575 1065 4652 ’Ότι
1091 4573 1142 4658 ῶς
1166 4572 1277 4670 ῥάκος
1301 4575 1394 4650 ἀπο-

124 4679 342 4779 καθημίνης
366 4683 468 4753 πάσα
492 4677 517 4776 ἡ
542 4673 760 4774 δικαιοσύνη
783 4676 893 4776 ἡμῶν
910 4673 1070 4754 ἐνώπιόν
1088 4699 1174 4752 σου·
1202 4676 1267 4753 διὰ
1282 4685 1394 4754 τοῦτο

161 4801 199 4854 ιι.
1161 4799 1192 4850 ιι
