3368 5308
905 418 977 496 536

304 603 495 706 εὐλογήσω
529 605 641 698 ὑμᾶς,
676 603 739 679 καί
765 600 952 700 παράσχοι
978 602 1069 700 ἡμῖν
1093 603 1289 702 μακροζωί
1287 633 1347 692 αν,
1374 603 1576 695 εὐτεκνίαν,

304 707 495 806 προκοπὴν
519 707 609 804 βίου
635 706 699 782 καὶ
725 706 893 798 πίστεως,
917 705 982 782 καί
1007 703 1231 801 ε’μπλήσοι“
1210 713 1310 800 υμάς
1329 703 1486 780 πάντων
1503 717 1576 782 τῶν

304 809 363 885 ἐπὶ
396 818 464 936 γης
496 808 700 934 ἀγαθιῦν,
727 809 938 904 πρεσβείαις
977 816 1064 904 τῆς
1081 805 1347 904 παναχράντου
1384 805 1573 898 Θεοτόκου,

303 912 367 988 καὶ
392 910 548 986 πάντων
572 919 651 986 τῶν
677 908 807 1010 ἀγίων.
853 905 982 1006 Ἀμήν.

389 1037 475 1112 Εἶτα
503 1041 704 1130 ελςὲρχονται
731 1035 788 1110 καί
815 1037 969 1126 εῦχονται
990 1039 1114 1123 αὐτοῖς,
1142 1041 1200 1110 καί
1220 1038 1456 1127 ἀσπασάμενοι
1480 1036 1575 1130 άλλη-

304 1147 384 1226 λους
404 1142 549 1233 γίγνεται
568 1144 664 1234 παρὰ
684 1151 744 1212 τοῦ
766 1139 881 1230 ίερίιος
900 1141 1012 1212 τελεία
1033 1140 1208 1222 ἀπόλυσις.

386 1265 429 1342 Ὁ
455 1265 519 1340 διά
544 1275 609 1362 τῆς
634 1269 675 1339 ἐν
700 1271 810 1363 Κανᾷ
836 1262 1031 1360 ἐπιδημίας
1055 1271 1131 1338 κτλ.
1158 1265 1290 1362 ρ.530.

306 1539 346 1610 Ε.
399 1534 517 1631 Περί
543 1542 637 1610 τῶν
662 1530 931 1628 μελλόντων
958 1537 1266 1632 συνοφθῆναι
1292 1538 1356 1617 ελς
1380 1531 1573 1636 γάμονδ)

389 1723 547 1794 Εἴθιστο
586 1718 682 1796 κατά
725 1719 812 1804 τοὺς
853 1718 1032 1848 ἀρχαίους
1068 1716 1230 1816 χρόνους
1260 1719 1346 1804 τοῦς
1378 1721 1573 1814 μέλλοντος

305 1829 491 1948 προςεχιῦς
517 1825 763 1950 συναφθῆναι
789 1827 840 1905 ελς
864 1820 991 1951 γάμου
1015 1821 1232 1909 κοινωνίαν,
1258 1821 1329 1918 πρὸ
1355 1850 1475 1896 τινων
1491 1821 1572 1918 ἡμε-

306 1932 386 2022 ρυλν
420 1920 732 2050 ἐγκρατεύεσθαι,
768 1922 831 1998 καὶ
866 1922 913 1997 76
925 1923 1277 2052 ιιεηλημμελημίνα
1317 1929 1574 2050 πνευματικοῖς

304 2023 493 2122 πατράσιν
525 2027 853 2152 ἐξομολογεῖσθαι,
874 2024 938 2100 καί
963 2023 1062 2100 οῦτω
1087 2024 1183 2100 κατὰ
1209 2025 1278 2121 τὴν
1302 2024 1461 2150 ἡμεραν,
1488 2017 1573 2120 ενῇ

306 2129 454 2253 ἔμελλεγ
486 2125 808 2223 ἐκτελεσθῆναι
770 2157 813 2200 το
838 2127 940 2224 ἱερὸν
964 2123 1171 2252 μυστηριον
1196 2135 1264 2202 τοῦ
1288 2124 1429 2228 γάμου,
1467 2155 1572 2222 μετα-

306 2239 352 2302 λα
353 2225 504 2359 ριβάγοι
507 2257 571 2312 τας
595 2236 674 2303 τιῦν
700 2225 899 2324 ἀχράνιων
923 2228 1141 2358 μυστηρίων
1165 2237 1233 2304 τοῦ
1258 2229 1384 2322 τιμίου
1405 2225 1573 2322 σώματος

305 2331 369 2404 καὶ
403 2335 558 2424 ιιιιιαιος
590 2339 658 2406 τοῦ
684 2330 879 2428 Κυρίου
858 2339 967 2426 ηιιῶν
986 2331 1108 2427 Ἰησοῦ
1132 2335 1314 2426 Χριστοῦ,
1341 2329 1572 2458 εῦλογεῖσθρι

305 2432 408 2524 παρὰ
441 2441 508 2508 τοῦ
544 2432 667 2528 ἱερέως
702 2433 1037 2530 στεφανουμένους,
1063 2431 1158 2508 κατὰ
1185 2431 1254 2529 τὴν
1278 2431 1573 2560 εκκλησιαστιιιίχν

307 2531 556 2608 διατύπωσιν·
595 2531 685 2607 ὅσον
717 2533 759 2606 δὲ
793 2534 965 2632 θεοφιλὲς
999 2534 1041 2607 76
1068 2532 1169 2625 παρὰ
1195 2540 1272 2618 τοῖς
1297 2533 1467 2632 ἀρχαίοις
1489 2530 1573 2630 χρό-

306 2663 385 2717 νοις
410 2631 679 2761 ἐνεργοῦμενον
703 2643 813 2708 τοῦτο
839 2634 996 2724 ἕτθος,
967 2665 1017 2720 ως
1043 2634 1133 2728 πρὸς
1158 2635 1226 2732 τὴν
1243 2635 1421 2734 ψυχικὴν
1423 2637 1490 2710 καί
1506 2662 1573 2709 σω-

307 2735 467 2830 μαιικὴν
493 2736 676 2834 ὠφέλειαν
710 2743 788 2810 τῶν
813 2733 1106 2864 τριουτοτρόιιως
1126 2735 1190 2812 διὰ
1215 2746 1283 2812 τοῦ
1309 2735 1455 2866 γάμου
1463 2762 1574 2812 συνα-

306 2837 502 2933 πτοιιένων
527 2837 763 2934 ἀποβλέπων,
788 2837 852 2914 καί
876 2835 995 2935 πάσης
1021 2847 1219 2936 σατανικῆς
1243 2869 1313 2914 κατ
1348 2840 1480 2914 αῦτων
1495 2843 1574 2934 ἐπη-

308 2939 409 3035 ρείας
442 2939 722 3035 ἀποτρεπτικὸν,
756 2948 937 3016 τοσοῦτον
963 2937 1226 3034 ἀξιόμιμπτον,
1261 2933 1325 3016 ιίαλ
1349 2941 1431 3016 κατ’
1463 2943 1575 3038 ἄμφω

307 3040 505 3138 ἐπιβλαβές
530 3040 615 3116 τὸέ
599 3044 677 3127 66¹
662 3042 834 3126 εναντίας
858 3041 959 3171 παρὰ
985 3048 1062 3126 τοῖς
1087 3051 1160 3117 νῦν
1181 3049 1411 3170 χριστιαγοῖς
1434 3041 1574 3138 διατρὲ

304 3171 393 3270 χρν·
430 3145 561 3228 οἵτινες
594 3140 814 3271 ἀδιαιρόρως
845 3144 928 3237 περὶ
960 3143 1029 3239 τὴν
1055 3143 1123 3218 τοὺ
1126 3145 1249 3272 ἱεροῦ
1276 3141 1411 3221 τούτου
1437 3170 1574 3240 μυστη

309 3243 392 3340 ρίου
425 3243 736 3342 προπαρασκευὴν
776 3245 1020 3341 διακείμενοι,
1060 3245 1138 3320 καὶ
1170 3246 1228 3330 ὥς
1260 3245 1507 3324 πολιτικόν
1536 3274 1573 3319 τι

309 3343 653 3475 συνάλλαγμα
640 3346 690 3422 τὸ
712 3356 794 3422 τοῦ
815 3344 968 3449 γάμου
992 3347 1323 3476 ἀνθρωπίναις
1343 3349 1574 3432 ἐπινοίαις

291 3447 576 3544 «κρίνοντες,
610 3449 657 3523 οὐ
683 3446 803 3543 μόνον
828 3456 893 3545 τῆς
918 3448 1019 3546 παρὰ
1045 3458 1114 3524 τοῦ
1140 3457 1305 3578 σωτῆρος
1328 3450 1440 3548 ἡμῶν
1459 3450 1573 3547 Ἰησοῦ

308 3555 477 3645 Χριστοῦ
502 3558 571 3625 τοῦ
597 3519 865 3678 εῦλογήσαντος
889 3549 957 3625 τὸν
981 3547 1107 3651 γάμον
1132 3550 1196 3625 διὰ
1221 3561 1286 3650 τῆς
1311 3555 1352 3627 ἐν
1370 3557 1481 3652 Κανᾷ
1508 3577 1574 3626 σω

308 3659 466 3746 ματικῆς
497 3651 723 3780 παρουσίας,
754 3649 1084 3780 ἀποτυγχάνουσιν
1117 3654 1310 3784 εὐλογίας,
1330 3651 1435 3728 δι’
1421 3653 1468 3738 άς
1499 3652 1575 3748 περὶ

308 3752 352 3828 76
354 3753 479 3880 ἱερὸν
504 3765 615 3830 τοῦτο
641 3751 857 3880 μυστηριον
874 3751 1067 3879 ελςηγαγον
1092 3755 1310 3838 ἐθνικάς““
1271 3777 1370 3843 εςεις,
1398 3755 1493 3829 ἀλλὰ
1518 3753 1574 3830 καὶ

305 3850 438 3952 χάραν
469 3857 517 3931 οῦ
549 3856 617 3952 τὴν
649 3864 841 3984 τυχοῦσριν
873 3865 941 3930 τοῦ
968 3855 1179 3986 ἀρθοδόξου
1204 3857 1334 3957 γένους
1359 3848 1463 3952 πολὲι
1447 3855 1575 3982 μήιορι

309 3955 477 4056 διαβόλῳ
510 3958 711 4054 παρέχουσι
736 3957 827 4053 πρὸς
853 3956 1023 4084 ἐπηρειαν
1048 3968 1131 4086 τῆς*
1138 3958 1337 4064 εῦαρεστου
1362 3967 1442 4032 τῶν
1469 3953 1574 4048 συζυ-

308 4083 400 4188 γων
423 4059 585 4151 συζωίας
617 4059 681 4134 καλ
705 4060 966 4148 καλλιτεκνίας,
998 4059 1062 4134 καὶ
1086 4067 1152 4156 τῆς
1176 4057 1270 4136 κατὰ
1296 4059 1466 4159 Χριστὸν
1491 4057 1577 4155 πρὸς

310 4158 531 4259 ἀλλήλους’
513 4161 699 4255 ομονοίας.
786 4212 802 4236 «ι

398 4437 421 4495 1)
439 4436 473 4486 Νι
491 4437 553 4488 desit
570 4435 752 4488 ιειεοιίιείοιιι
770 4435 854 4486 ιειειλε
873 4435 1045 4498 testimonium,
1064 4435 1135 4486 finem
1154 4435 1225 4487 ῐιιίιι
1243 4435 1328 4486 ιίιιλιοε
1346 4434 1445 4486 Graeci·
1463 4431 1572 4484 orthodo-

311 4519 350 4568 ιίι
368 4519 469 4570 {lubrica
488 4524 518 4574 οε
536 4521 697 4582 matrimonio,
716 4519 858 4584 deprompta
877 4535 902 4571 τι
912 4522 1000 4587 Τγρλιο
1011 4519 1286 4587 Constantinopolitano,
1305 4517 1442 4570 70701851
1456 4529 1574 4584 ειριεειο,

310 4601 376 4662 quod
395 4603 471 4654 debeo
491 4605 572 4655 ononi
589 4603 678 4666 ΒΙτιίο,
697 4604 841 4655 ῠοιιλιείιοο
859 4605 924 4656 Viro.
959 4605 1028 4656 vides
1046 4603 1147 4657 eundem
1165 4613 1236 4671 alque
1255 4605 1317 4670 apud
1342 4619 1387 4654 σοι
1414 4603 1514 4666 gliscere
1535 4613 1574 4648 ιε-
