3336 5302
687 419 761 494 365

535 594 702 686 Ὁίερεὺς
727 597 912 684 ε’πεόχεταε.

168 701 474 832 Εῦχαριστοῦμίν
501 727 571 777 σοι.
585 704 794 778 Βασιλεῦ’
775 700 922 797 αόρατε,
953 701 973 776 ὁ
999 710 1043 796 τη
1072 701 1266 830 ἀμετρίμῳ
1292 731 1362 783 σου

92 803 246 902 δυνάμει
281 803 329 879 τὰ
365 802 489 879 πάντα
516 800 794 930 δημιουργήσας
819 804 883 878 καὶ
908 810 961 901 τῶ
988 801 1122 900 πλήθει
1147 814 1216 881 τοῦ
1241 810 1363 893 ἐλέους

93 933 157 982 σου
191 910 229 992 ἐξ
265 905 333 982 οὐκ
370 907 492 982 ὄντων
527 910 577 990 εὶς
611 905 654 980 τὸ
690 905 784 981 εἶναι
800 903 1050 1080 ἔπαραχαχῶν
1075 905 1122 979 τὰ
1149 905 1360 1036 σύμπαντα.

92 1007 209 1092 Αὐτὸς
241 1008 402 1083 δέσποτα
436 1003 649 1106 οὐρανόθεν
674 1007 816 1082 ίέπιδε
818 1005 858 1080 ιιὶ
883 1006 970 1090 τοὺς
994 1005 1277 1095 ῦιιοκεκλικότας
1302 1036 1361 1087 σοι

92 1111 153 1194 τὰς
179 1111 324 1185 ἑαυτῶν
343 1107 522 1222 κεφαλὰς·
551 1109 596 1184 οῦ
614 1108 687 1238 γὰρ
704 1110 852 1184 ἔκλιναν
870 1107 991 1203 σαρκὶ,
1018 1107 1081 1184 καὶ
1099 1111 1241 1206 αίματι,
1267 1112 1361 1188 ἀλλὰ

93 1211 147 1286 σοὶ
171 1219 224 1309 τῷ
252 1212 403 1310 φοβερῷ
423 1209 512 1308 θεῷ.
541 1210 603 1287 Σῦ
630 1206 711 1299 οὖν,
738 1209 978 1298 δέσποτα,
936 1241 984 1284 τα
1009 1209 1230 1308 προκείμενα
1246 1222 1361 1292 πᾶσιν
1445 1257 1450 1264 ·

90 1313 177 1408 ἡμῖν
202 1319 252 1397 είς
278 1312 431 1442 ἀγαθὸν
456 1310 675 1407 ἐξομοίλισον
699 1311 795 1387 κατὰ
823 1309 890 1408 τὴν
915 1309 1073 1388 ἑκάστου
1099 1313 1203 1389 λδίαν
1216 1317 1361 1415 χρείαν,

92 1421 163 1498 τοῖς
187 1413 337 1490 πλέουσι
363 1411 612 1510 σόμιιλευσον,
635 1421 713 1497 τοῖς
739 1413 977 1508 ὁδοιποροῦσι
1005 1411 1248 1506 συνόδευσυν,
1274 1417 1363 1504 τοῦς

91 1526 292 1600 νοσοῦντας
317 1519 453 1606 ἴασαι,
461 1515 481 1590 ὁ
507 1515 633 1614 λατρὸς
656 1524 735 1591 τῶν
761 1523 898 1612 ψυχῶν
922 1515 985 1590 καὶ
1011 1524 1089 1592 τῶν
1115 1513 1312 1614 σωμοίταιν.

615 1645 830 1740 Ἐκφῶνησις.

167 1713 367 1846 Χοίριτι,
393 1751 469 1828 καὶ
496 1757 781 1848 ολκτιρμοῖς,
808 1751 885 1824 καὶ
913 1751 1253 1878 φιλανθρωπίᾳ
1277 1763 1361 1884 τρῦ

90 1861 374 1978 μονογενοῦς
410 1867 493 1928 σοῦ
527 1853 654 1942 v303,
691 1851 794 1947 μεθ
828 1881 880 1977 ρυ
864 1845 1154 1980 εὐλογητὸς
1180 1853 1238 1946 εἶ,
1274 1855 1362 1934 σὺν

90 1963 146 2052 τῷ
173 1955 406 2056 παναμίῳ,
442 1955 520 2030 καὶ
545 1955 733 2056 ἀγαθῷ,
769 1952 845 2029 καὶ
874 1952 1084 2051 ζαιοιιοιῷ
1111 1978 1194 2030 σου
1220 1955 1363 2034 πνεό-

91 2083 215 2150 ματι,
251 2063 338 2133 νῦν
374 2057 452 2130 καὶ
478 2057 579 2145 διεὶς
604 2057 682 2132 καὶ
708 2061 772 2139 εἷς
797 2053 905 2139 τοὺς
931 2059 1106 2152 αἰῶνας
1131 2065 1225 2133 τῶν
1250 2055 1361 2132 333-

92 2185 180 2233 ναιν
206 2161 281 2254 (lac.
293 2161 366 2257 36).

539 2269 609 2340 “0
600 2270 706 2360 ιερεῦς
726 2269 913 2356 ἐπεύχεται.

171 2373 352 2474 Πρόσχες,
390 2373 516 2474 Κύριε,
546 2377 668 2472 Ἰησοῦ
693 2375 884 2474 Χριστὲ“
869 2406 888 2449 ο
918 2373 1049 2458 θεὸς“
1029 2383 1150 2470 ηιιῶν,
1186 2374 1316 2504 ἐξᾶχί
1316 2405 1360 2454 ου

93 2477 367 2576 κατοικητηρίου
394 2503 475 2566 σου,
501 2478 563 2552 καί
590 2477 663 2552 ἀπὸ
671 2476 835 2606 θρόνου
862 2473 970 2601 δόξης
989 2505 1054 2571 της
1070 2475 1261 2572 βασιλείας
1277 2503 1360 2568 σου,

92 2579 148 2652 καὶ
174 2577 316 2654 ελθέ
287 2610 338 2663 εις
362 2579 405 2654 τὸ
429 2577 590 2707 ἆμιηίσαι
610 2579 720 2676 ημᾶς,
748 2577 768 2654 ὁ
795 2581 876 2654 ἄνω
902 2585 955 2676 τῶ
982 2578 1094 2704 πατρὶ
1120 2577 1361 2681 συγκαθήμε-

94 2709 162 2771 νος,
187 2710 252 2756 και
238 2675 397 2756 ῶδε
375 2688 467 2809 ημῖν
494 2679 664 2779 ἀοράτως
689 2679 834 2757 συναίν·
862 2679 925 2755 καὶ
950 2679 1182 2807 κμταξίαισον
1206 2689 1251 2779 τῇ
1269 2709 1361 2780 κρα-

94 2791 173 2878 ιαιᾷ
199 2810 268 2857 σου
292 2781 400 2880 χειρὶ,
426 2781 699 2878 μεταδοῦναι”
680 2789 770 2879 ημῖν
795 2790 863 2858 τοῦ
881 2777 1071 2877 ἀχρόντου
1090 2779 1261 2880 σώματός
1278 2807 1361 2872 σου,

93 2885 242 2960 καὶτοῦ
267 2913 317 2978 τη
320 2886 393 2958 ιίυυ
421 2887 588 2982 αἵματος,
615 2915 679 2960 και
666 2883 797 2959 διε
777 2892 886 2981 ημῶν
911 2883 1023 2960 παντὶ
1049 2892 1101 2980 τῶ
1129 2892 1218 2981 λαῷ.

169 2995 255 3070 Εἶτα
276 3006 452 3089 προςκυνεῖ
473 2998 492 3068 ὁ
515 2998 631 3089 ἱερεὺς,
665 2998 790 3084 ὁμοίως
810 2999 867 3068 καὶ
888 2995 907 3066 ό
931 2996 1085 3078 διάκονος
1105 2990 1190 3068 ἐν
1162 3025 1188 3087 ῳ
1212 2999 1285 3069 ἐστὶ
1305 2997 1362 3070 τό-

94 3126 152 3189 σῳ,
173 3103 324 3188 λέγοντες
343 3109 509 3188 μυστικῶς
529 3101 610 3190 τρίς.
652 3088 695 3164 Ὁ
724 3087 811 3170 θεὸς
844 3085 1023 3180 ἱλάσθητί
1057 3115 1119 3180 μοι
1157 3094 1210 3182 τῷ
1238 3086 1362 3182 ἆμαρ-

95 3197 204 3286 ῖωλῳ
233 3203 337 3272 Ὅταν
366 3204 403 3277 δὲ
431 3201 548 3294 σῶμ’
531 3229 550 3272 ο
579 3201 733 3283 διάκονος
758 3202 817 3270 τὸν
838 3200 931 3289 λερὲα
954 3198 1138 3268 ἐκτείνοντα
1158 3201 1220 3280 τὰς
1237 3207 1360 3290 χεῖρας,

95 3305 143 3372 καί
167 3303 356 3392 ἁπτόμενον
380 3311 441 3374 τοῦ
468 3299 614 3392 ἁχίου”
592 3328 705 3391 αρτου,
732 3303 819 3393 πρὸς
838 3303 877 3372 τό
900 3307 1044 3390 ποιῆσαι
1065 3328 1124 3390 την
1146 3297 1242 3388 όχίαν
1263 3301 1361 3394 ῦψαι-

95 3427 150 3486 σιν,
172 3403 324 3496 ἐκφανεῖ.

171 3509 418 3607 Πρόσχωμεν.
450 3523 523 3592 Καὶ
543 3520 561 3590 ὁ
585 3521 691 3610 ίερεῦς
712 3519 809 3614 ὑψῶν
830 3521 888 3592 τὸν
910 3520 1005 3611 ἅγιον
1026 3514 1137 3610 ἷίρτον,
1160 3519 1317 3612 ἐκφανεῖ·

171 3750 231 3814 Cup.
248 3748 351 3800 ffllss.
386 3749 411 3799 P.
438 3775 470 3786 -·
489 3745 537 3798 ιιαλ
560 3741 686 3814 εὐλογῶν
710 3744 725 3798 ὁ
749 3740 839 3814 λερεδς
861 3741 920 3812 (τὴν
937 3746 1018 3810 ζέσιν)
1035 3745 1123 3813 λέγει·
1148 3744 1230 3803 Ζίσις
1245 3747 1363 3805 πίστεως

97 3824 245 3898 πνεύματος
261 3828 354 3900 όχισυ.
388 3829 447 3882 Καὶ
463 3826 567 3898 λεχέων
582 3830 622 3889 εἰς
638 3826 668 3882 τὸ
685 3826 769 3898 aym
785 3823 916 3902 ποτήριον
932 3830 1018 3897 λέγει·
1037 3823 1218 3898 καταβήσεται
1235 3825 1273 3888 τίς
1286 3823 1363 3888 όετός

96 3911 138 3964 ἐπὶ
157 3909 246 3968 πόκον
269 3915 317 3970 aaa
341 3909 378 3973 ῶς
401 3907 520 3982 στυγῶν.
539 3941 571 3953 -
596 3917 623 3970 C.
645 3941 679 3954 -
696 3915 745 3966 καλ
765 3907 860 3981 λοβῶν
882 3911 931 3966 τόν
947 3907 1035 3982 ἄρτον
1051 3913 1125 3966 κλεῖν
1141 3909 1227 3966 αὐτὸν
1243 3913 1283 3971 ελς
1300 3915 1361 3982 τρία

96 3999 175 4065 λέγει·
197 4001 335 4070 μελίζεται
357 3993 372 4052 ό
390 3990 481 4066 δμνός
496 3997 554 4052 κτλ.
587 3998 645 4050 Καλ
661 3995 754 4066 λοιμῶν
770 4000 842 4067 μίαν
856 3996 959 4066 μερίδα
977 4001 1087 4061 τίθησιν
1104 3995 1190 4062 αὐτὴν
1206 3995 1238 4049 ἓν
1255 3997 1293 4062 τῷ
1310 4012 1361 4048 πο-

97 4086 180 4151 τηρίῳ,
197 4085 246 4137 τοῦ
262 4077 395 4138 διακόνου
413 4075 565 4150 εἰρηκότος·
591 4075 740 4150 πλήρωσον
757 4083 886 4136 δέσποτα.
921 4081 979 4134 Καὶ
997 4076 1011 4134 ό
1029 4075 1131 4149 ἱερεύς·
1156 4079 1293 4150 πλήρωμα
1310 4081 1361 4132 ιιι-

97 4179 172 4227 σιειις
187 4165 348 4238 πνεύματος
370 4163 462 4236 ἁγίου,
485 4160 604 4220 πόνιειε
622 4169 669 4218 καλ
686 4168 745 4222 νῦν.
780 4167 837 4218 Καὶ
852 4159 955 4236 μικρὸν
971 4158 1121 4230 ὑποκύψας
1136 4157 1246 4233 εόχετιιι
1262 4162 1360 4222 αδετις·

96 4253 285 4323 μεμελοσμένη
309 4247 386 4320 ψυχή
409 4263 434 4306 ιιι
457 4256 483 4306 in
506 4255 579 4306 Ιίιιι
603 4253 693 4306 Basilii.
727 4243 796 4304 Εἶτα
821 4250 957 4320 ἐκφανεῖ·
982 4245 1129 4318 εόλοχητός
1153 4243 1168 4302 ό
1190 4244 1259 4307 Θεὸς
1280 4240 1361 4318 ἡμῶν

97 4329 205 4390 σόνιστε
223 4338 275 4390 νῦν
291 4338 338 4391 καλ
356 4333 408 4392 ἆελ
431 4333 462 4389 Ὀ
477 4331 558 4395 λαός·
576 4329 748 4401 πληρυθὴτυ
766 4333 795 4388 τό
813 4333 904 4405 στόμα
922 4330 1001 4404 ἡμῶν
1018 4333 1064 4397 τῆς
1079 4327 1211 4392 αλνέσειός
1227 4345 1287 4398 σου,
1305 4325 1362 4382 Κό-

98 4433 147 4482 ριε·
166 4418 241 4480 ὅπως
263 4417 301 4474 όν
322 4416 493 4492 όμνήσιιμεν
516 4415 565 4486 τὴν
586 4417 672 4480 δόξαν
695 4433 760 4474 σου·
783 4415 825 4472 ὅτι
847 4417 965 4486 ἠξίωσας
981 4413 1053 4486 ἡμᾶς
1069 4415 1102 4468 ἰν
1119 4419 1156 4481 τῷ
1173 4415 1213 4484 σῷ
1231 4410 1362 4486 ἁγιασμῷ

98 4495 158 4566 ὅλην
173 4503 221 4570 τὴν
236 4501 345 4576 ἡμέραν
360 4506 543 4576 μελιτοῦντας
560 4501 608 4570 τὴν
625 4501 805 4568 δικαιοσύνην
822 4519 883 4558 σου.
904 4492 1071 4566 Ἀλληλοόϊα.
1103 4495 1133 4552 ‘0
1150 4496 1291 4560 διάκονος·
1310 4496 1362 4572 ὁρ-

98 4587 141 4636 θιλ
156 4585 355 4658 μεταλαβόντες
370 4593 427 4644 κτλ.
446 4602 473 4644 ιιι
489 4593 559 4644 intra.
577 4617 612 4630 -
629 4592 659 4642 M.
678 4593 704 4643 G.
724 4593 835 4644 effusioni
854 4607 931 4656 ισοεε
948 4581 1060 4640 fortuitis
1078 4587 1207 4640 εαοιιιασι
1225 4588 1362 4640 rubricam:

97 4671 141 4722 καὶ
157 4675 232 4730 τοῦτο
250 4679 327 4728 ποιεῖ
341 4675 373 4730 ἐκ
390 4678 491 4745 τριτον,
510 4685 534 4730 ει
551 4691 600 4730 σοι
617 4676 749 4730 coneordat
766 4690 820 4730 ιοισ
837 4676 954 4728 hodiem·
973 4672 1153 4726 οοσεαειαῶοε.
