3394 5308
929 435 977 508 60

317 617 370 686 Τά
396 614 521 688 παιδία
549 617 587 687 δὲ
616 615 824 707 στητὲτωσαν
852 615 939 704 πρὸς
959 621 1007 705 τῷ
1028 611 1165 703 βήματι.
1208 614 1280 683 Καὶ
1301 609 1457 694 διάνονος
1479 608 1598 694 αύτοῖς

316 719 428 809 ἕτερος
449 721 533 789 ἔστω
554 717 713 810 ἀφεστὼς,
737 714 832 797 ὅπως
852 715 897 806 μὴ
921 713 1098 785 ἀπαντῶσι.
1119 714 1190 784 Καὶ
1212 710 1312 785 ἀλλον
1327 712 1479 786 διάκονοι
1496 739 1597 804 πορι-

314 819 526 890 πατείτωοαν
553 819 612 890 καὶ
640 815 869 890 σκοπείτωσαν
895 818 974 899 τοὺς
1003 812 1127 906 ἀνδρας
1146 817 1205 885 καὶ
1224 815 1285 898 τὰς
1304 822 1470 905 γυναῖκας,
1499 815 1599 898 ὅπως

273 933 277 948 ’
312 924 359 1011 μὴ
388 919 538 1011 θόρυβός
563 947 615 1002 τις
641 921 783 1010 γένηται,
810 918 868 988 καί
894 917 940 1009 μή
969 945 1022 1001 τις
1042 916 1139 1010 νεύσῃ
1161 915 1183 1008 ἢ
1204 915 1373 1010 ψιθυρίσῃ
1396 913 1418 1008 ἢ
1439 915 1596 1008 νυστάξῃ.
1663 982 1668 991 .

319 1019 362 1092 Oi
385 1023 423 1093 δὲ
444 1021 596 1092 διάκονοι
617 1018 835 1090 ίστάσθωσαν
856 1018 906 1102 εἷς
926 1021 987 1102 τὰς
1006 1027 1072 1089 τῶν
1095 1015 1222 1106 ἀνδρῶν
1242 1018 1352 1110 θύρας
1371 1019 1429 1088 καί
1451 1017 1485 1089 ολ
1506 1015 1597 1087 ύπο-

314 1122 466 1210 διάκονοι
487 1122 536 1205 εἷς
556 1124 617 1204 τάς
637 1130 703 1191 τῶν
723 1128 894 1210 γυναικῶν,
916 1121 1011 1203 ὅπως
1030 1120 1130 1212 μήτις
1150 1120 1288 1203 ἐξέλθοι
1307 1120 1392 1211 μήτε
1413 1116 1595 1210 ἀνοιχθῇὴ

313 1225 405 1315 θύρα
426 1223 487 1296 νίν
507 1223 629 1306 πιστός
648 1249 701 1304 τις
721 1217 743 1314 ᾖ
764 1223 850 1292 κατὰ
871 1221 929 1293 τάν
950 1223 1066 1312 καιρὸν
1086 1230 1146 1312 τῆς
1167 1220 1356 1313 ἀναφορᾶς·
1377 1213 1439 1301 Εἷς
1454 1222 1492 1290 δὲ
1506 1219 1598 1290 ὑπο-

315 1326 469 1408 διάκυνος
490 1324 614 1397 διδότω
636 1322 804 1416 ἀπόνιψιν
825 1333 943 1416 χειρῶν
963 1331 1035 1406 τοῖς
1057 1321 1190 1414 ἱερεῦσι,
1213 1322 1380 1410 σύμβολον
1401 1321 1600 1416 καθαρότη-

313 1453 372 1510 τος
392 1436 508 1520 ψυχῶν
529 1437 603 1519 θεῷ
625 1425 856 1514 ἀνακειμένων.
866 1433 887 1512 ¹)

342 1598 502 1694 [Διάταξ
482 1605 534 1688 ξις
552 1595 734 1698 Ἰακώβου
759 1607 827 1674 τοῦ
854 1599 1021 1697 ἀδελφοῦ
1040 1595 1219 1674 Ἰωάννου
1240 1605 1310 1672 τοῦ
1325 1594 1565 1696 Ζεβεδαίου]

392 1755 449 1829 XI·
478 1768 571 1858 Φημὶ
592 1767 631 1857 δὴ
653 1762 753 1859 κάγὼ,
769 1762 971 1880 1ἀκωβος,δ
995 1761 1162 1854 ἀδυλφδς’
1158 1761 1305 1833 Ιωάννου
1319 1788 1379 1832 του
1364 1761 1595 1877 Ζεβεδαίου,

314 1865 353 1937 ἵν’
377 1865 524 1949 εὐθύς
507 1895 526 1937 o
555 1865 709 1948 διάκονος
731 1867 825 1984 λύρῃ·
855 1851 907 1950 μή
941 1881 996 1936 τις
1028 1862 1106 1929 τῶν
1131 1853 1431 1949 κατηχουμένων,
1457 1847 1511 1948 μή
1537 1879 1599 1934 τίς

311 1964 393 2031 τῶν
425 1956 690 2053 ἀκροωμένων,
724 1984 776 2052 μη
808 1985 864 2039 τις
888 1963 968 2031 τῶν
994 1954 1175 2044 ἀπίστων,
1208 1951 1260 2050 μή
1285 1981 1340 2036 τις
1365 1961 1444 2028 τῶν
1470 1955 1597 2050 ἑτερο-

297 2056 445 2143 δόξων.
477 2057 524 2134 Oi
548 2057 617 2153 τὴν
642 2053 794 2153 πρώτην
820 2055 932 2152 εὐχὴν
951 2053 1144 2152 εὐχόμενοι
1162 2056 1360 2184 προτίθετε
1371 2055 1412 2152 ²)
1439 2054 1487 2129 τά
1504 2083 1598 2129 παι-

313 2159 378 2235 δία
404 2159 739 2256 προςλαμβανέσθε
766 2158 805 2232 αἱ
830 2158 998 2285 μητέρες·
1033 2155 1085 2254 μη
1109 2185 1165 2241 τις
1188 2153 1286 2231 κατά
1311 2185 1424 2246 τινος,
1458 2153 1511 2254 μή
1537 2185 1597 2240 τις

313 2265 354 2336 ἐν
386 2258 587 2358 ὑποκρίσει.
632 2259 770 2356 Ορθοὶ
802 2258 893 2358 πρὸς
925 2255 1056 2358 κύριον
1088 2258 1182 2355 μετά
1209 2256 1335 2358 φόβου
1360 2257 1424 2340 καὶ
1448 2255 1596 2356 τρόμου

310 2473 602 2486 ----

312 2601 377 2650 utar
393 2594 489 2656 αύταῖς
503 2593 679 2667 μνηστεύται.
714 2599 840 2650 Proociere
857 2599 940 2663 infleti
960 2599 1013 2650 dieii
1031 2599 1103 2650 ddisse
1121 2599 1222 2652 Gellio:
1247 2599 1340 2650 Maneat
1363 2599 1387 2650 in
1405 2599 1476 2650 nobis
1495 2607 1519 2649 et
1536 2588 1596 2650 sind

288 2691 290 2702 '
313 2687 403 2737 osooiie
420 2701 475 2751 per,
494 2683 623 2736 dummodo
642 2684 726 2734 osonio
744 2686 796 2735 sirie
814 2687 874 2750 prce
892 2699 941 2736 non
960 2693 1080 2735 moneant.

400 2803 424 2864 1)
450 2803 592 2868 cirillus
610 2802 673 2854 i.c.:
698 2795 836 2870 ἑωράκατε
861 2795 910 2852 τάν
934 2793 1077 2868 διάκονον,
1100 2794 1149 2852 τάν
1171 2803 1312 2867 νίψασθαι
1335 2791 1449 2852 διδόντα
1467 2800 1504 2864 τῷ
1522 2797 1600 2868 ἱερεῖ

310 2887 361 2946 ναὶ
377 2887 433 2943 τοῖς
448 2883 579 2937 noxietas
596 2881 626 2938 τὸ
644 2881 843 2952 θυσιαστήριον
859 2884 908 2936 τοῦ
924 2884 994 2938 θεοῦ
1009 2886 1212 2954 πρεσβυτέροις.

399 3006 425 3066 2)
442 3007 577 3056 Bohmer
595 3006 611 3056 1.
623 3022 643 3056 o.
662 3022 686 3070 p.
697 3005 760 3056 371:
780 3005 846 3067 „Der
863 3006 954 3056 Dieron
972 3007 1024 3068 idgt
1041 3006 1126 3056 biorn:
1149 3002 1195 3069 „ol
1212 2999 1262 3068 τὴν
1277 2995 1391 3076 πρώτην
1408 2997 1491 3070 εὐχὴν
1506 2997 1598 3070 εδχά-

312 3105 395 3158 μενοι
421 3087 602 3158 πρυίλθετε“1
639 3092 738 3153 Augusti
756 3090 854 3142 Dentri.
873 3089 933 3153 vrit,
952 3091 998 3140 111
1029 3091 1094 3152 ρίεδῑ
1120 3090 1163 3141 dre
1191 3089 1339 3158 προέλθετε
1366 3091 1423 3140 mit:
1451 3091 1596 3152 „entiernet

314 3172 407 3227 euch“!
436 3177 474 3226 die
492 3165 577 3242 πρύε.
594 3170 679 3240 εὐχὴν
697 3190 761 3237 „ron
780 3175 834 3226 dem
854 3175 1013 3238 aligemeinon
1031 3175 1228 3238 dirchengebeto‚
1246 3175 1363 3226 welchem
1381 3175 1442 3224 aucti
1461 3175 1500 3224 die
1517 3173 1595 3225 liete-

314 3263 447 3313 ehumenen
474 3262 523 3311 ond
541 3260 803 3312 Fremde'beioohnou
822 3259 946 3322 duriten“‚
963 3259 1114 3310 rerotehend.
1149 3259 1193 3310 iiie
1210 3257 1333 3310 Wehrheit
1351 3260 1431 3309 dieser
1447 3257 1594 3322 Exposition

313 3349 345 3398 iet
367 3346 518 3398 rweiioiheit.
553 3343 605 3396 Wie
630 3345 669 3396 die
686 3345 778 3396 Phrese
801 3334 915 3411 πρώτην
937 3335 1021 3408 εὐχὴν
1048 3345 1090 3395 rui
1106 3344 1150 3395 dee
1168 3351 1241 3404 erote,
1265 3359 1310 3394 ron
1329 3343 1374 3394 den
1393 3343 1526 3406 Gtruhigen
1544 3357 1595 3407 per

314 3431 436 3482 silentium
460 3431 625 3495 gesproohere
644 3431 728 3492 Gebet,
752 3429 868 3480 walchem
892 3429 931 3480 dio
948 3429 1141 3480 liotechumener
1159 3429 1209 3479 und
1226 3427 1345 3477 Fremden
1364 3427 1430 3478 nicht
1446 3428 1595 3479 heiwohnen

314 3515 488 3575 durocortori
506 3514 620 3565 berieheu
637 3513 716 3563 kern:
736 3529 764 3564 so
784 3514 827 3564 des
844 3510 993 3579 προέλθετε
1011 3512 1105 3574 doridi,
1123 3514 1180 3563 dese
1198 3512 1341 3576 diejenigou,
1359 3511 1397 3562 die
1416 3512 1495 3562 dieses
1514 3513 1595 3564 Gobet

314 3598 465 3663 gesprochen
482 3598 572 3658 hutten,
590 3612 632 3647 rur
650 3597 853 3647 eucharistisohen
864 3597 919 3646 dcte
938 3597 1022 3646 hiozu·
1040 3595 1111 3660 (oder
1127 3597 1192 3658 ror-i
1209 3603 1286 3647 treten
1304 3595 1401 3647 soilten.
1426 3597 1514 3646 iiiernit
1531 3597 1595 3646 her-

314 3683 404 3734 monirt
427 3680 580 3742 rortrediich.
604 3681 661 3732 dese
680 3681 718 3730 die
737 3681 938 3742 Constitutionon,
957 3681 1074 3732 noohdem
1091 3682 1128 3732 sie
1145 3681 1188 3732 dre
1207 3681 1284 3733 Gebot
1301 3681 1397 3732 ertheiit
1414 3679 1502 3743 heheu,
1531 3681 1593 3742 „die

315 3768 404 3820 iiioder
421 3768 519 3818 nehmet
535 3781 566 3816 ττι
584 3765 654 3828 τοδε,
673 3766 711 3815 ihr
729 3763 846 3816 tidtter“!
865 3765 1050 3816 diei’orineeen
1067 3774 1192 3830 rortregen
1210 3765 1307 3818 lassent
1327 3766 1402 3827 „dese
1420 3765 1487 3818 nicht
1504 3765 1593 3828 irgend

313 3853 414 3906 demand
438 3851 511 3902 wider
533 3853 603 3902 einen
621 3847 731 3902 Andern!
757 3851 813 3902 deos
832 3851 898 3902 nicht
913 3851 1014 3901 demand
1032 3851 1056 3902 in
1074 3851 1118 3902 der
1135 3850 1275 3916 idypoorisie
1293 3846 1342 3900 seii
1377 3849 1418 3901 Bri
1437 3850 1490 3900 dem
1510 3849 1592 3900 Herrn

314 3940 358 3990 mit
374 3937 464 3989 Furoht
481 3935 530 3987 und
541 3935 632 3986 zittern
649 3935 759 3986 ruirooht
776 3935 886 3997 etehend,
905 3943 992 3998 mogon
1009 3935 1053 3985 trir
1070 3929 1226 4000 opiern“!
1262 3933 1293 3984 Et
1310 3934 1368 3984 mihi
1385 3933 1591 4000 piacethhmeri

314 4023 479 4089 interpretatio
498 4035 576 4086 nequo
594 4021 685 4083 indiget
701 4021 847 4084 scriptorum
865 4020 1009 4070 testimoniis
1026 4035 1070 4069 vor
1087 4018 1282 4086 προέρχτσθαι,
1301 4019 1464 4070 accedere.
1496 4019 1591 4069 Temen

315 4123 369 4158 oum
393 4122 468 4172 euprr
486 4107 538 4156 sine
562 4105 711 4156 dubitatione
735 4105 854 4168 significet
878 4105 1050 4156 discedere
1073 4101 1214 4166 (tvtvit)
1237 4117 1316 4168 neque
1342 4111 1532 4154 consentiorum
1557 4101 1591 4154 sit

314 4193 415 4242 enodem
432 4205 514 4242 rocem
533 4191 557 4240 in
575 4191 659 4240 eedem
678 4191 772 4253 liturgia
791 4190 911 4254 dupiioem
929 4199 1011 4241 terere
1029 4202 1136 4250 sensum,
1154 4187 1271 4238 hocloco
1286 4188 1368 4238 mosim
1383 4189 1464 4252 legere
1481 4201 1591 4252 προς-

313 4273 442 4326 έλθετε.
477 4277 552 4326 Docet
578 4277 679 4327 ττι-ἰσων
707 4273 818 4326 lectionis
847 4273 999 4324 eCotelerio
1027 4273 1138 4335 exhibite,
1165 4272 1262 4324 codices
1285 4274 1308 4324 in
1332 4274 1377 4324 hro
1400 4273 1496 4336 liturgia
1514 4288 1588 4325 τουτο

313 4356 527 4426 προςέλθετε
554 4367 577 4410 et
603 4357 799 4426 προέλθετε
836 4373 954 4424 persaepe
986 4358 1133 4408 contudisee.
1158 4381 1191 4394 -
1230 4357 1391 4422 Chrysost.
1422 4359 1491 4408 idom.
1516 4357 1589 4410 3'in

313 4443 417 4508 Epioe:
445 4435 556 4500 ἀκούεις
579 4438 695 4499 ἑστῶτος
720 4441 769 4492 τοῦ
790 4438 906 4512 κήρυκος
927 4439 976 4491 καλ
998 4441 1139 4508 λέγοντος·
1165 4435 1228 4492 ὅσοι
1251 4437 1282 4492 ἐν
1298 4441 1433 4509 μετανοίᾳ
1450 4435 1589 4494 ἀπέλθετε

313 4517 426 4582 πάντες·
451 4519 510 4578 ὅσοι
533 4521 572 4593 μὴ
595 4527 759 4592 μετέχουσιν
777 4522 808 4576 ἐν
824 4528 959 4594 μετανοίᾳ
977 4524 1062 4577 ε1σ1ν·
1087 4523 1113 4576 εί
1129 4525 1183 4576 τιύν
1200 4522 1232 4577 ἔν
1247 4529 1382 4594 μετανοίᾳ
1399 4517 1590 4595 εἶ,μετασχεῑν

313 4605 363 4660 οὐκ
381 4603 508 4676 ὀφείλεις.
545 4613 632 4662 iiomii.
652 4613 668 4662 1.
687 4629 709 4666 e.
727 4612 794 4664 lud:
815 4605 876 4676 οὐχ’
898 4604 978 4680 ὁρᾶτε
997 4607 1044 4664 tut
1061 4609 1116 4664 τῶν
1132 4612 1299 4680 μυστηρίων,
1316 4611 1345 4662 τί
1358 4610 1411 4677 βοᾷ
1427 4609 1553 4678 συνεχῶς
1571 4607 1589 4665 δ

312 4687 452 4752 διάνονυς·
471 4687 664 4762 ἐπιγινώσκετε
682 4687 815 4761 ἀλλήλους
