3378 5302
701 463 757 537 99·

92 636 148 712 καὶ
171 635 379 741 ἀγιάζοντα
402 641 515 740 ἡμᾶς,
541 644 654 731 adole
678 643 880 750 ὃῧὸόγησῡν
904 648 973 747 τὴν
997 648 1182 751 πρόθεσιν
1206 655 1361 755 mlvii,

9 843 10 858 η
92 739 146 814 καὶ
169 737 367 838 πρόςὸεξαι
392 743 511 843 αὐτὴν
537 751 588 830 είς
611 747 654 823 τὸ
678 746 952 848 ὑπερουράνιόν
973 779 1043 831 σου
1068 755 1360 859 θυσιαστήριον·

93 841 361 937 μνημόνευσον,
397 845 448 930 ὥς
483 847 631 950 ἀγαθὸς
661 849 725 926 καὶ
751 849 1033 952 φιλάνθρωπος,
1066 865 1145 933 τῶν
1169 888 1362 963 προςενεγ-

92 941 247 1034 σάντων,
272 946 339 1022 καὶ
364 946 416 1024 δι’
439 949 504 1033 οὓς
518 948 769 1054 προςὴγαγον·
794 953 860 1030 καὶ
876 953 976 1052 ἡμᾶς
992 958 1261 1056 ἀκατακρίτους
1277 963 1361 1040 dcu-

94 1041 252 1141 φύλαξον
285 1050 328 1124 ἐν
358 1059 404 1146 τῇ
437 1050 628 1154 ἱερουργίᾳ
659 1061 739 1130 τῶν
770 1054 891 1132 Θιίων
923 1081 992 1132 σου
1026 1062 1259 1159 μυστηρίων·
1303 1057 1390 1141 ἀτί

93 1145 257 1246 ἡγίασται
282 1149 346 1227 καί
372 1148 593 1238 δεδόξασται
607 1153 651 1230 τὸ
668 1152 856 1255 πάντιμον
871 1158 935 1234 καὶ
950 1163 1222 1287 μεγαλοπρεπὲς
1239 1163 1360 1262 ὄνομά

94 1273 166 1338 σου,
198 1257 268 1326 τοῦ
295 1251 449 1351 Πατρὸς
480 1253 544 1330 καὶ
575 1264 643 1332 τοῦ
676 1257 764 1332 Υἱοῦ
795 1259 859 1334 καὶ
891 1269 959 1336 τοῦ
985 1260 1095 1364 αγίου
1121 1264 1359 1364 Πνεύματος,

94 1358 158 1424 νῦν
179 1350 245 1426 καὶ
271 1352 329 1427 ἀεὶ
353 1354 417 1430 καὶ
441 1359 492 1439 είς
516 1354 603 1442 τοὺς
621 1361 768 1444 ,αἰῶνας
792 1368 871 1436 τῶν
897 1359 1057 1438 αλαίνων.

633 1504 671 1574 ‘0
694 1503 810 1597 ἱερεύς.

160 1583 301 1686 Εἰρήνη
326 1598 453 1666 πᾶσιν.

608 1688 647 1759 ‘0
669 1690 831 1775 διάκονος.

160 1771 274 1873 Κύριε
299 1772 512 1879 εὐλόγησον.

633 1875 672 1946 ‘0
696 1876 812 1968 ἱερεύς.

160 1975 369 2080 Εὐλογητὸς
395 1979 416 2056 6
444 1980 543 2070 Θεὸς,
577 1980 598 2056 6
624 1981 789 2085 εὐλογῶν
813 1983 877 2058 καὶ
902 1981 1069 2086 ἁγιάζων
1095 1983 1237 2072 πάντας
1261 1989 1360 2086 ἡμᾶς

92 2076 144 2150 ἐπὶ
173 2087 219 2175 τῇ
255 2081 433 2178 προθέσει
464 2091 543 2158 τῶν
575 2082 694 2160 Θείαν
719 2085 782 2159 καὶ
808 2082 1008 2184 ἀχράντων
1031 2088 1261 2186 μυστηρίων,
1295 2092 1359 2167 καὶ

91 2178 150 2262 τὸς
172 2182 361 2279 μακαρίας
386 2183 511 2281 ψυχὰς
537 2182 745 2262 ἀναπαύων
760 2185 854 2281 μετὰ
872 2185 992 2290 ἁγίων
1008 2188 1072 2264 καὶ
1090 2188 1259 2282 δικαίων,
1285 2202 1359 2271 νῦν

90 2281 146 2354 καί
171 2282 229 2356 ἀεὶ
254 2284 319 2358 καὶ
345 2289 396 2369 εἰς
420 2284 508 2370 τοὺς
532 2291 673 2370 αῑιὸνας
697 2295 777 2363 τῶν
802 2283 963 2366 alcinoo.

606 2415 644 2487 Ὁ
667 2418 831 2502 διάκονος.

160 2519 288 2595 XVIII.
318 2521 398 2614 [Ἕν
424 2521 541 2624 σοφίη
565 2519 799 2629 πρόσχωμεν.

545 2647 705 2745 ’Ἀρχεται
726 2653 744 2724 ὸ
767 2652 883 2746 λερεύς.

159 2755 337 2833 Πιστεύω
371 2763 422 2844 είς
454 2759 519 2836 ἕνα
555 2758 648 2834 Θεὸν
681 2758 835 2855 Πατέρα
868 2756 1170 2861 παντοκράτορα,
1206 2765 1360 2862 ποιητὴν

89 2857 249 2954 ούρανοῦ
283 2859 347 2935 καὶ
378 2868 462 2962 γῆς·
491 2859 561 2956 καὶ
593 2865 643 2944 είς
676 2861 741 2936 ἕνα
767 2857 909 2959 Κύριον
926 2861 1073 2959 Ἰησοῦν
1098 2867 1267 2963 Χριστὸν
1292 2866 1360 2944 τὸν

96 2961 175 3036 ticio
198 2965 271 3036 τσῦ
299 2965 405 3037 Θεοῦ.
444 2974 516 3045 Καὶ
536 2975 579 3044 τὸ
600 2972 676 3065 ἑξῆς
695 2982 756 3044 τοῦ
777 2975 946 3064 συμβόλου
967 2983 1028 3068 τῆς
1048 2976 1215 3065 πίστεως]

366 3106 510 3179 Ἔπειτα
531 3107 708 3195 ἐπεύχεται
727 3108 840 3192 κλίνας
859 3111 918 3181 τὸν
940 3109 1070 3198 αὐχένα.
1114 3197 1116 3206 y

159 3233 250 3308 XIX.
281 3231 327 3308 ‘O
351 3226 506 3307 πάντων
534 3231 622 3315 Θεὸς
646 3231 709 3306 καὶ
735 3228 934 3329 Δεσπότης,
967 3233 1093 3317 ἀξίους
1124 3233 1222 3330 ἡμᾶς
1248 3237 1360 3336 ἀπέρ-

87 3357 195 3434 γασαι
220 3336 289 3430 τῆς
315 3332 416 3434 ὥρας
438 3330 575 3430 ταύτης
599 3329 687 3417 τοὸς
712 3331 887 3418 ἀναξίους
912 3332 1176 3433 φιλάνθρωπα
1201 3337 1267 3413 ἵνα
1291 3367 1361 3414 κα-

88 3543 163 3592 nonni.
197 3540 292 3591 Beinde
321 3539 456 3590 drobidiao.
479 3530 532 3588 ’Ἐν
559 3537 648 3605 σοφία
677 3538 747 3589 θεοῦ
777 3527 958 3606 πρόσχωμεν.
992 3539 1022 3590 Et
1049 3539 1133 3606 incipit
1156 3542 1285 3596 Sacerdos.
1309 3557 1360 3594 rre-

87 3617 169 3674 στεύω
187 3624 228 3682 εἰς
244 3619 297 3673 ἕνα
314 3618 385 3674 θεόν
401 3620 460 3673 κτλ.
1082 3663 1087 3688 ,

167 3711 193 3760 n.
220 3711 279 3759 l‘oet
297 3707 399 3759 Alleluia
418 3707 538 3772 Hymnus:
563 3706 612 3758 lloe
636 3707 677 3772 qui
695 3707 824 3758 Cherubim
849 3709 947 3772 mystice
966 3718 1177 3774 repraesentamus
1195 3721 1239 3764 etc.
1276 3713 1359 3766 Oratio

87 3807 146 3856 onec
168 3795 259 3846 dicitur
282 3795 341 3844 durn
368 3793 503 3858 procedunt
526 3792 613 3843 Sancte
631 3805 659 3842 ea
676 3792 702 3842 S.
719 3792 834 3856 Dionysio
851 3791 1007 3857 Areopagitae
1031 3785 1062 3843 τὸ
1086 3787 1205 3860 φρικτόν
1227 3808 1278 3847 σου
1302 3797 1359 3849 κτλ.

89 3876 256 3944 Βεροιίιίιηιε
284 3878 356 3928 donia
384 3877 408 3928 iu
437 3885 520 3927 cenete
543 3891 626 3926 menen
644 3877 793 3941 mysticoque
810 3877 898 3940 hymno
916 3891 961 3942 per
977 3877 1095 3942 populum
1114 3881 1181 3929 linito
1199 3882 1256 3932 lecit
1272 3882 1359 3932 Sacer-

86 3961 128 4012 dor
146 3967 282 4016 orationem
307 3962 497 4028 propositionie:
521 3951 536 4009 6
553 3953 628 4022 dede,
646 3951 661 4010 6
678 3953 745 4016 θεὸς
759 3952 840 4026 ἡμῶν
856 3961 913 4013 κτλ.
932 3969 958 4012 ot
976 3977 996 4012 c.
1009 3962 1038 4011 Π
1058 3969 1081 4012 et
1098 3955 1245 4028 εὖλογητὸς
1261 3957 1276 4014 6
1292 3953 1361 4021 θεός

86 4047 141 4096 ret.
157 4057 183 4099 nt
200 4066 223 4100 c.
237 4049 278 4098 l'i.
315 4047 446 4098 Diaconne.
463 4046 591 4110 Sapienter
609 4044 767 4096 attendamur.
793 4044 911 4110 Populos.
929 4045 1007 4096 Credo
1026 4046 1050 4096 iu
1067 4061 1143 4096 unum
1160 4048 1245 4098 Deum.
1271 4047 1359 4099 Sacer-

84 4131 129 4182 doe
146 4142 201 4184 crat
218 4133 285 4198 apud
303 4147 332 4182 ee
350 4133 445 4196 iocum:
465 4125 564 4185 oronte
578 4117 654 4186 ἄξιος
669 4129 724 4180 κτλ.
743 4138 769 4180 nt
786 4130 809 4179 iu
828 4130 932 4192 Liturgia
950 4129 1124 4193 Chryeoetomi.

165 4219 272 4268 income
295 4216 363 4267 blano
386 4217 412 4266 in
437 4213 657 4266 commendeti.
691 4213 808 4264 Absoluto
832 4213 944 4264 introitus
968 4212 1053 4264 ordine
1076 4214 1197 4264 Sacerdos
1219 4214 1304 4280 incipit
1330 4229 1359 4270 ac

84 4299 156 4353 dicit:
175 4302 307 4353 Credimus
333 4301 359 4351 iu
381 4313 457 4350 unum
484 4299 562 4350 Deum
584 4306 629 4350 ete.
664 4297 793 4348 Sciendum
811 4305 858 4359 eet,
882 4299 947 4362 quod
964 4299 995 4348 eb
1012 4298 1183 4363 Apostolorum
1200 4305 1310 4363 tempore
1328 4301 1358 4353 ad

86 4383 268 4438 Constantinum
292 4387 468 4450 imperatorem
489 4384 521 4433 eb
544 4382 636 4433 incensi
660 4397 688 4433 ac
711 4381 823 4432 introitus
841 4381 927 4433 ordine
944 4383 1004 4433 nihil
1022 4382 1154 4444 dicebatur,
1171 4382 1215 4433 ced
1233 4397 1247 4433 a
1263 4384 1360 4448 liturgia

85 4467 204 4522 &arduo
220 4471 361 4522 inchoabat.
397 4467 508 4533 Synodoe
525 4483 581 4518 rcro
599 4466 649 4518 318
667 4481 762 4528 magua,
780 4481 842 4531 quae
858 4467 907 4517 boc
918 4466 1059 4531 Symbolum
1077 4465 1159 4528 edidit,
1177 4467 1230 4531 ipra
1248 4475 1272 4519 et
1288 4469 1358 4532 illud,

87 4549 146 4603 ime
169 4556 348 4607 nonnullorum
371 4552 514 4602 seutentiam
539 4552 636 4603 recitari
659 4559 715 4603 aute
732 4551 856 4602 introitum
873 4552 995 4614 liturgiae
1012 4550 1148 4601 immediate
1165 4559 1222 4615 post
1238 4553 1359 4616 Evangelii

87 4633 210 4691 lectionem
227 4639 366 4707 praecepit,
385 4645 458 4702 utque
476 4636 560 4686 fideles
579 4651 625 4686 uoa
643 4651 698 4686 cum
716 4635 847 4686 Sacerdote
865 4637 944 4701 ipsum
962 4635 1077 4686 dicerent

168 4725 306 4794 Canffl.
341 4723 439 4775 Habent
461 4719 587 4774 collectam
607 4719 724 4774 tt.ee.tt.
758 4717 798 4772 eb
822 4720 881 4774 hau
902 4718 1044 4774 collecte
1067 4719 1357 4839 testebleronerel

1116 4805 1130 4856 i
