3394 5308
925 407 973 482 '12

312 591 531 722 παρθὲγων,
553 595 696 718 χηρῶν,
722 591 864 666 λαΐκαίν
887 589 952 664 καὶ
977 585 1145 716 πάντων,
1173 581 1230 664 ὦν
1254 587 1368 672 αὐτὸς
1392 587 1588 667 ἐπίστασαι

312 693 361 770 τὰ
388 691 602 819 ὀνόματα.
593 693 646 765 ἔτι
670 689 926 818 προςρίρομέν
950 715 1010 766 σοι
1034 687 1128 788 ῦπερ
1152 718 1222 768 του
1205 693 1333 766 λαοῦ
1347 688 1498 780 τούτου,
1521 694 1589 768 ἵνα

314 793 510 892 ἀναδείξης
541 789 660 875 αῦτὸν
684 793 780 878 ελς”
759 821 914 870 εποινον
936 821 1006 868 του
990 797 1202 920 Χριστοῦ
1226 818 1296 869 σου
1319 791 1551 892 βασίλειονς
1535 823 1589 868 ιε-

312 893 506 1024 ράτευμα,
519 894 683 978 ἔθνος”
658 923 767 997 ογιον
791 914 911 988 (1Ρειτ.
922 916 943 978 2
946 915 1011 990 ,·9)
1037 891 1131 992 ῦπίρ
1156 901 1236 968 τῶν
1259 895 1302 968 ίν
1318 893 1508 994 παρθενίᾳ
1523 896 1588 972 καὶ

313 997 458 1128 ἁγνείᾳ,
482 996 577 1096 ὑπὲρ
601 1001 680 1072 τῶν
701 1001 832 1124 χηρῶν
855 1003 920 1090 τῆς
931 992 1196 1124 ἐκκλησίας,
1173 1023 1267 1092 υπερ
1285 999 1365 1070 τῶν
1381 998 1423 1071 ἐν
1438 1003 1590 1094 σεμνοῖς

312 1098 448 1228 γάμοις
477 1099 541 1174 καὶ
571 1097 834 1226 τεκνογονίως,
870 1095 963 1197 ὑπερ
996 1102 1075 1228 τῦγ
1107 1095 1253 1194 νηπίων
1284 1104 1354 1172 τοῦ
1385 1105 1480 1172 λαοῦ
1504 1123 1588 1188 σου,

314 1201 415 1286 ὅπως
437 1199 626 1300 μηδίνα“
605 1208 716 1296 ηααίν
740 1198 955 1298 ἀπόβλητον
966 1197 1142 1320 ποιήσῃς.
1178 1201 1231 1274 ἔτι
1257 1197 1433 1294 ἀξιοῦμέν
1458 1223 1498 1274 σε
1523 1200 1590 1276 καὶ

312 1301 407 1403 ῦπερ
430 1307 495 1430 τής
518 1298 657 1385 πόλεως
681 1299 818 1399 ταύτης
840 1302 905 1376 καί
928 1305 1007 1378 ττῦν
1031 1296 1346 1390 ἐνοικούντων,
1324 1299 1416 1399 υπίρ
1441 1329 1521 1376 των
1547 1305 1590 1376 ἐν

313 1402 600 1532 ἀρρωστίαις,”
577 1401 669 1502 υπίρ
702 1431 782 1482 των
812 1407 854 1479 ἐν
876 1409 1001 1532 πικρᾷ
1025 1401 1244 1530 δρυλεία,”
1220 1401 1314 1498 υπίρ
1338 1408 1418 1476 τῶν
1443 1406 1485 1478 ἐν
1510 1406 1590 1488 ἐξο-

313 1507 424 1634 ρίαις,
457 1503 549 1634 ὑπερ
581 1514 661 1580 ττῦν
693 1507 735 1580 ἐν
767 1502 1010 1602 δημεῦσει,’
987 1532 1080 1600 υπερ
1112 1500 1315 1592 πλεόντων,
1347 1502 1411 1580 καὶ
1438 1502 1590 1580 ὁδοιπο-

314 1604 499 1706 ρούντων,
525 1635 624 1690 οπως
648 1605 841 1704 ἐπίκουρος
864 1607 1005 1734 γε’νη,
999 1603 1154 1680 πάντων
1178 1603 1326 1702 βοηθὸς
1348 1605 1412 1680 καὶ
1437 1603 1590 1736 ἀντιλή-

314 1737 430 1808 πτωρ.
481 1709 533 1782 ἔτι
565 1708 854 1832 παρακαλοῦμεν
877 1733 919 1783 σε
943 1707 1008 1783 καὶ
1030 1705 1122 1837 ιἠτερ
1147 1711 1228 1781 τῶν
1251 1704 1472 1803 μισούντων
1491 1706 1592 1803 ήμάς

314 1838 398 1888 και
411 1806 681 1937 διωκόντων“
661 1815 760 1906 ημᾶς
785 1808 850 1885 διὰ
875 1810 965 1884 τὸ
944 1807 1066 1906 ονομά
1091 1832 1175 1898 σου,
1208 1806 1310 1938 ῦπερ
1326 1835 1405 1882 των
1429 1811 1498 1893 ἔξω
1524 1811 1592 1886 όν-

313 1939 393 1987 των
416 1939 480 1985 κατ
504 1911 808 2008 πεπλανημένων,
835 1910 934 1998 ὅπως
959 1911 1179 2040 ἐπιστρέψῃς
1199 1907 1336 1994 αὐτοὺς
1355 1915 1405 1993 είς
1401 1909 1589 2040 ἀγαθὸν,

313 2011 377 2087 καὶ
408 2013 476 2088 τὸν
508 2013 640 2110 θυμὸν
670 2014 799 2090 αὐτῶν
830 2009 1009 2113 πραῦνῃς.
1061 2014 1113 2086 ἔτι
1146 2011 1433 2140 παρακαλοῦμεν
1458 2036 1500 2087 σε
1526 2013 1592 2088 καὶ

313 2113 406 2210 ῦπερ
439 2117 518 2189 ττῦν
549 2116 840 2242 κατηηουμίνων
870 2119 937 2242 τής
969 2111 1172 2210 ἐκκλησίας,
1203 2111 1268 2188 καὶ
1277 2111 1385 2244 pazo
1410 2119 1490 2192 τιῦν
1511 2145 1592 2210 χει-

313 2214 590 2312 μαζομίνωνε
569 2215 641 2291 υπὸ
666 2221 734 2290 τοῦ
759 2215 955 2344 αλλοτριου
963 2216 1000 2313 ¹),
1033 2213 1143 2292 καὶ
1107 2212 1213 2344 υπὲρ
1238 2243 1318 2290 των
1343 2218 1384 2290 ἐν
1408 2217 1592 2316 μετανοίᾳ

314 2315 538 2415 &demnis
516 2321 637 2413 ημτῦν,
664 2315 763 2401 ὅπως
777 2315 876 2448 ‘vobs
899 2345 970 2446 μεν
993 2313 1186 2413 τελειαίσης
1210 2319 1252 2392 ἐν
1276 2323 1324 2413 τῇ
1345 2314 1475 2406 πίστει,
1502 2317 1593 2402 τοὺς

280 2419 289 2446 ’
313 2416 357 2492 δε
352 2417 594 2545 καθαρίσῃς
619 2421 659 2492 ἐκ
683 2424 748 2516 τῆς
771 2419 955 2593 ἐνεργείας
979 2423 1048 2494 τοῦ
1072 2423 1250 2545 πονηροῦ,
1275 2425 1355 2493 τῶν
1375 2417 1477 2494 δε
1438 2444 1508 2516 την
1524 2448 1593 2516 με-

314 2515 472 2594 τάνοιαν
487 2517 692 2647 προςδέξη,
726 2519 790 2594 καὶ
795 2517 1104 2647 συγχωρήσης
1097 2519 1161 2596 καὶ
1186 2517 1315 2604 αῦτοῖς
1337 2518 1400 2594 καὶ
1425 2520 1517 2618 ἡμῖν
1543 2519 1592 2596 τά

315 2616 599 2719 παραπτώματα
623 2620 745 2748 ήμιῦν.
792 2623 844 2696 ἔτι
870 2621 1125 2752 προςφίρομίν
1150 2645 1208 2697 σοι
1232 2620 1296 2696 καὶ
1320 2620 1412 2720 ὑπὲρ
1437 2634 1503 2720 τῆς
1529 2624 1593 2700 εῦ-

314 2721 472 2821 κρασίας
494 2731 564 2798 τοῦ
570 2723 702 2850 ἀέρος
715 2723 778 2798 καὶ
794 2730 859 2822 τῆς
875 2724 1052 2823 εάφορίας
1066 2728 1147 2800 τῶν
1163 2726 1336 2822 καρπῶν·
1364 2723 1463 2806 όπως
1482 2725 1593 2799 ἀνελ-

316 2829 448 2908 λειπῦς
475 2812 830 2954 μεταλαμβάνοντες
861 2831 942 2901 ταῖν
972 2825 1074 2952 παρὰ
1109 2831 1179 2900 σοῦ
1213 2827 1390 2952 ἀγαθτῦν,
1424 2827 1592 2922 αίνωμίν

315 2948 356 3012 σε
382 2924 605 3053 ἀπαύστως,
620 2926 689 3002 τὸν
714 2923 871 3002 διδόντα
897 2927 1041 3054 τροηὴν
1066 2923 1166 3022 πόση
1193 2925 1339 3054 σαρκί.
1340 2927 1393 2998 ἐτι
1419 2954 1592 3026 παρακοι-

315 3021 453 3123 λοῦαὲν
479 3050 519 3103 σε
543 3027 607 3102 καὶ
631 3025 723 3124 ῦπερ
749 3032 828 3104 ταῖν
852 3026 904 3103 δι’
934 3029 1089 3156 εῦλογον
1115 3026 1285 3105 αλτίαν’
1266 3024 1458 3116 απόντων,
1491 3027 1592 3113 ὅπως

316 3127 483 3213 ἅπαντας
513 3128 612 3226 ἡμᾶς
643 3125 909 3227 διατηρήσας
893 3159 935 3206 εν
959 3160 1004 3227 τη
990 3128 1233 3257 ἐὐσεβείᾳ,
1248 3125 1524 3231 ἐπισυναγοίγης
1549 3133 1592 3206 ἐν

315 3237 363 3326 τῇ
386 3231 558 3361 βασιλείᾳ
582 3260 651 3308 του
635 3237 836 3354 Χριστοῦ
862 3257 945 3321 σου,
970 3261 1038 3307 του
1023 3235 1157 3307 ’Θεοῦ
1181 3227 1300 3326 πάσης
1325 3235 1510 3359 αἲρθητῆς
1526 3231 1592 3306 καὶ

315 3342 449 3429 νοητῆς
465 3330 632 3461 φύσεως,
658 3339 728 3410 τοῦ
752 3333 978 3432 βασιλέως“
957 3339 1079 3430 ημτῦν,
1105 3332 1328 3430 ἀτρίπτους,
1361 3332 1590 3428 ἀμίαπτους,

232 3515 238 3528 ,
317 3431 579 3562 ἀνεγκλήτους·
606 3463 661 3509 οτι
689 3461 747 3509 σοι
773 3441 875 3509 πᾶσα
902 3432 1007 3560 δόξα,
1035 3436 1147 3530 σέβας
1167 3432 1231 3508 καί
1248 3433 1475 3533 εὐχαριστία,
1502 3435 1592 3532 τιαὴ

316 3533 416 3606 καὶ
406 3532 659 3660 προςκύνησις,
686 3540 742 3632 τιῦ
744 3565 898 3662 πατρι,
917 3537 982 3610 καὶ
1009 3565 1059 3632 τῳ
1085 3537 1170 3634 υίιῦ,
1195 3534 1260 3609 καὶ
1283 3566 1337 3634 τῳ
1364 3535 1463 3664 ἁγίῳ
1470 3534 1592 3612 ’πνεύ-

316 3661 421 3730 ματι,
445 3635 511 3709 καὶ
535 3641 619 3725 νῦν,
645 3635 710 3710 καὶ
735 3635 804 3726 ἀεὶ,
836 3635 901 3710 καὶ
926 3642 976 3720 είς
1000 3635 1094 3720 τοῦς.
1112 3637 1329 3720 ἀνελλειπεῖς
1353 3637 1416 3712 καί
1441 3638 1593 3714 ἀτελευ-

316 3731 448 3831 τήτους
473 3741 615 3820 αἰῶνας
639 3745 718 3812 τῶν
743 3742 906 3814 αλιῦνων.
949 3751 1020 3820 Καὶ
1037 3758 1110 3832 τεᾶς
1129 3749 1149 3820 ὁ
1171 3751 1254 3834 λαὸς
1274 3751 1454 3840 λεγέτωΝ
1433 3751 1533 3843 αμήν.
1541 3760 1565 3835 ²)

316 3987 388 4057 μετὰ
403 3984 452 4054 τήν
468 3981 580 4058 εἰρήνην
597 3985 746 4062 ἀντίρρησις
762 3985 942 4058 ἀιατκηρῦττει
959 3987 1021 4050 τοῦς
1038 3989 1119 4050 ὁσίως
1135 3985 1300 4058 βεβιωκότος
1315 3991 1371 4044 κτλ.
1402 3995 1471 4046 λαοί.
1490 3996 1593 4050 Missam

318 4076 491 4128 Melambium
510 4077 568 4128 (lod.
587 4079 661 4128 [ἰαί
663 4095 711 4144 ..ρ
722 4078 800 4144 ἵθεη.
819 4087 843 4128 ει
861 4093 923 4144 quae
940 4079 1002 4128 ἰαίτε
1020 4079 1132 4130 adnotata
1150 4080 1198 4128 sint
1215 4079 1245 4130 ad
1263 4079 1359 4130 Missam
1378 4079 1458 4130 lucebi
1477 4096 1498 4130 c.
1512 4081 1557 4132 34.

404 4161 428 4224 ¹)
455 4162 549 4212 Colch:
569 4165 614 4222 oui
633 4179 653 4215 ε.
669 4163 701 4214 35
717 4171 740 4214 ελ
754 4161 785 4213 37
802 4153 999 4230 χειμαζόμενοι
1017 4163 1160 4228 simpliciter
1177 4163 1288 4214 dicuntur
1305 4173 1331 4214 ιιι
1349 4163 1446 4214 canone
1463 4166 1593 4230 Ancyram>

320 4244 350 4295 Π
369 4252 393 4295 ολ
410 4257 424 4295 ο
442 4246 543 4298 Maximo
567 4248 596 4297 τί
620 4262 672 4312 τερ.
688 4247 704 4297 6
728 4247 906 4300 ecclesiastieae
928 4243 1090 4298 ΗίετοτοΙιίιε.
1121 4237 1353 4314 χειμαζόμενοι
1340 4242 1395 4296 υπὸ
1419 4231 1593 4316 πνευμάτων

317 4317 486 4394 ἀκαθάρτων
503 4339 544 4381 τοι
560 4325 615 4380 ὑπὸ
631 4320 790 4398 πνεύματος
806 4320 991 4398 ἀκαθάρτου·
985 4347 1009 4382 ιο
1027 4331 1190 4426 ΕορίιοΙοςίἰε.

404 4411 430 4474 2)
448 4415 591 4478 cyrillus
609 4416 625 4468 Ι.
637 4429 675 4468 ατ
692 4409 762 4482 μετὰ
779 4409 809 4466 τὸ
826 4411 1031 4482 ἀπαρτισθῆναι
1049 4409 1098 4476 τήν
1115 4410 1302 4482 πνευματικήν
1318 4416 1430 4480 θυσίαν,
1448 4412 1497 4480 τήν
1508 4413 1592 4470 ἀναί-

317 4508 426 4561 μακτον
448 4495 583 4564 λατρείαν,
608 4495 656 4550 ίπλ
678 4497 724 4562 τῆς
745 4500 845 4556 θυσίας
867 4493 973 4562 ίκείνιρς
996 4498 1043 4548 τοῦ
1066 4496 1187 4566 λλασμοῦ
1208 4497 1425 4566 παρακαλοῦμεν
1448 4499 1496 4551 τὸν
1520 4499 1592 4554 θεὸν

317 4571 388 4648 ῦπίρ
406 4579 497 4644 κοινῆς
514 4580 567 4632 τῶν
584 4577 735 4647 ίκκλησαῦν
752 4575 868 4652 εἰρήνης,
885 4575 956 4651 ὑπὲρ
974 4581 1083 4646 τῆςαοῦ
1099 4574 1207 4651 κόσμου
1223 4579 1393 4646 εὐσταθείας,
1417 4577 1487 4650 ὑπὲρ
1504 4589 1593 4650 βασι·

316 4657 398 4728 λίαν,
415 4663 586 4734 στρατιωτῶν
602 4665 650 4718 καλ
666 4659 833 4738 συμμάχων.
860 4661 931 4737 ὑπέρ
949 4666 1003 4720 τῶν
1020 4663 1052 4718 ίν
1068 4663 1232 4732 ἀσθενείαις,
1250 4660 1319 4748 ὑπὲρ
1338 4668 1392 4720 τῶν
1408 4683 1593 4722 καταπονου·
