3314 5304
897 413 971 488 282

294 597 452 681 pbilocbio
480 599 674 679 adscriptam,
703 607 734 660 ut
758 597 926 678 legitimum
950 598 1064 662 autoris
1086 599 1173 662 cuiue
1195 617 1305 663 nomen
1326 600 1463 681 praefert
1484 619 1573 680 opus,

295 700 458 766 defendere
479 701 641 782 pertendit,
664 699 816 781 duplicem
837 700 877 764 ab
897 719 935 764 eo
950 701 1115 780 Literrgiam
1138 700 1337 782 compositore
1356 701 1456 764 luisse
1470 701 1574 783 auspi-

295 811 381 865 cetua
414 811 470 876 cst,
502 821 578 884 quae
607 801 781 865 coniectura
802 801 915 864 nullum
938 803 970 864 in
991 802 1118 865 bietoria
1141 810 1192 866 eut
1213 802 1345 884 antiquis
1366 803 1573 866 monumentis

294 905 521 968 fundamentum
544 903 643 976 habet,
666 903 833 984 meritoque
855 903 978 984 explosa
998 914 1054 966 est
1097 904 1258 982 denegari
1280 921 1341 966 non
1363 911 1475 984 potest,
1499 903 1574 984 eain

294 1005 345 1068 illa
375 1023 452 1086 quac
473 1005 641 1076 retulimus,
673 1024 708 1068 ea
729 1004 796 1086 ipsa
819 1003 890 1080 sint,
921 1023 999 1086 quae
1020 1005 1128 1067 Petrus
1151 1004 1302 1068 Diaconos
1325 1005 1436 1068 citerit
1481 1006 1573 1079 Quod

293 1105 321 1168 ei
343 1106 459 1187 reliqua
481 1125 542 1168 non
565 1107 670 1168 coelem
692 1105 761 1169 loco
783 1105 982 1186 reperiuntur,
1004 1105 1177 1186 probabiles
1199 1105 1308 1168 adduci
1335 1105 1471 1169 rationes
1496 1125 1572 1186 pos-

294 1217 375 1282 sunt,
397 1227 452 1270 cur
471 1208 590 1272 ennensi
613 1209 653 1270 ite
676 1208 727 1282 sit,
749 1225 811 1270 non
833 1205 948 1270 idcireo
970 1214 1069 1270 tamem
1093 1215 1266 1287 snspemum
1282 1206 1348 1270 eius
1363 1207 1572 1270 testimonium

294 1327 363 1374 osee
386 1310 503 1372 debeat.
533 1310 607 1372 Nem
630 1329 722 1390 saepo
743 1308 920 1372 obs-erretur
940 1307 978 1371 ab
1000 1308 1141 1389 annonis,
1164 1327 1241 1388 qrrae
1262 1307 1392 1388 allegent
1405 1309 1573 1372 itarelerri

294 1420 328 1474 ut
354 1411 444 1474 verba
473 1411 539 1492 ipsa
568 1429 629 1474 non
652 1429 688 1474 ac
711 1410 900 1490 ordineque
923 1419 1025 1474 extent
1046 1408 1077 1471 in
1099 1408 1186 1472 libris
1207 1409 1287 1472 unde
1308 1410 1466 1492 depromta
1487 1419 1572 1484 aaut,

294 1513 432 1576 recitent.
463 1511 567 1575 Oratio
590 1513 627 1575 de
650 1531 707 1593 que
731 1512 828 1592 agitur
849 1511 983 1575 cumerit
1003 1511 1082 1573 inter
1103 1509 1211 1574 multas
1233 1510 1308 1574 aliae
1331 1531 1407 1592 quae
1429 1529 1446 1573 e
1469 1503 1573 1595 Mori-

294 1615 409 1699 σθητι,
431 1632 486 1676 seu
507 1615 690 1676 Memento
713 1613 878 1694 incipiunt:
909 1622 999 1693 atque
1020 1631 1055 1675 ea
1078 1612 1195 1676 ratione
1217 1623 1332 1676 certum
1354 1609 1406 1674 est'
1423 1611 1571 1692 quodam·

293 1715 393 1798 modo,
409 1715 506 1796 prime
521 1715 687 1778 testimonii
702 1715 807 1777 verbe:
830 1715 932 1777 bone
947 1713 1103 1777 Domine
1124 1712 1308 1777 virtutem
1330 1722 1368 1778 ct
1389 1721 1569 1789 tutamen,

293 1836 329 1880 ex
351 1815 539 1880 cretionibus
559 1817 655 1898 petita
675 1834 754 1890 asse,
776 1815 828 1880 ubi
850 1817 1025 1896 imperentur
1046 1823 1217 1890 occurrunt,
1240 1824 1291 1878 aut
1311 1813 1370 1878 elia
1391 1833 1472 1896 puae
1487 1813 1571 1878 idern

292 1917 474 1997 significant,
504 1937 564 1980 ncn
591 1918 691 1982 minus
720 1937 809 1998 quam
836 1918 868 1980 in
896 1916 1036 1979 omnibns
1065 1917 1279 1997 cuiuscumque
1306 1916 1426 1996 linguas
1449 1915 1568 1978 Officiis

292 2020 576 2084 sacramentalibus.
606 2019 715 2082 Ultima
736 2019 827 2082 rerba
850 2037 888 2080 ex-
908 2018 968 2080 alin
991 2037 1111 2099 quoquc
1132 2018 1201 2082 loco
1216 2018 1309 2099 petita
1325 2015 1491 2080 verisimile
1505 2025 1569 2080 eat:

291 2127 361 2185 nem
384 2121 415 2184 iu
437 2121 625 2184 orationibus
638 2119 831 2194 condonetis,
849 2127 931 2200 *quae
953 2121 1169 2183 allemento
1189 2119 1351 2201 incipiunt,
1372 2117 1572 2199 subsequitur

292 2222 469 2289 acclametic
490 2223 551 2286 τοῦ
572 2223 683 2284 Amen
704 2221 751 2284 rel
773 2220 885 2302 llyrie
908 2221 1077 2284 eleison:
1106 2220 1241 2284 cleusrde
1260 2238 1333 2282 earo
1353 2238 1416 2282 nou
1438 2227 1487 2282 est
1508 2219 1571 2282 nisi

290 2324 323 2388 in
352 2325 487 2388 omnium
513 2323 727 2386 memoriarum
754 2323 825 2385 bne.
867 2321 953 2387 lllius
982 2333 1081 2386 entem
1109 2323 1257 2386 formulae
1285 2340 1346 2385 non
1372 2339 1452 2384 unae
1479 2332 1570 2397 sunt3

292 2425 556 2498 communimine,
581 2424 675 2499 Quia
697 2433 800 2512 tuum
821 2431 1065 2502 estregnum,
1087 2431 1281 2510 potestas,
1303 2421 1570 2502 virtusatglc·

291 2529 348 2590 rie
375 2527 521 2602 Petris,
548 2525 642 2588 Filii
672 2536 713 2589 et
732 2524 904 2606 Spiritus
932 2526 1075 2588 saneti:
1098 2533 1150 2590 eut
1170 2525 1260 2606 paulo
1283 2524 1400 2587 aliter..
1421 2524 1500 2588 Sunt
1522 2531 1570 2586 te·

291 2645 361 2690 men
376 2627 537 2708 aliquando
553 2625 794 2690 dirersisrsrbie
810 2643 987 2707 expressae:
1010 2635 1045 2688 ut
1065 2627 1153 2708 quie
1176 2639 1214 2689 tu
1235 2643 1274 2690 ee
1296 2635 1455 2688 sanctus
1469 2625 1568 2689 Deus

290 2737 434 2794 noster.
478 2728 571 2803 Quia
601 2737 637 2790 tu
659 2747 697 2791 es
719 2727 948 2790 misericors
970 2737 1009 2790 et
1028 2727 1235 2792 miserator
1255 2729 1368 2801 lleus,
1397 2735 1428 2790 et
1449 2726 1568 2789 similes

290 2829 379 2894 aliae.
422 2830 523 2893 Facile
549 2829 643 2908 igitur
664 2829 731 2906 luit,
759 2841 792 2892 ut
813 2829 845 2892 in
868 2829 1031 2894 codicibus
1053 2848 1130 2911 quos
1152 2828 1257 2892 babuit
1276 2829 1384 2892 Petrus
1404 2827 1569 2901 Dircaeus,

289 2931 365 2994 baec
387 2929 520 2994 clausule
541 2929 653 2993 alicubi
674 2930 867 3012 reperiretur,
890 2948 959 2993 cum
981 2949 1018 2992 ex
1039 2931 1213 3013 Scriptores
1233 2931 1333 2994 verbis
1355 2935 1495 2992 contem
1517 2929 1568 3004 eit,

291 3040 429 3112 extatque
452 3031 483 3094 in
504 3031 595 3094 scriis
617 3031 734 3094 Latinis
755 3031 938 3106 blissalibus,
962 3032 1022 3094 imo
1045 3041 1074 3094 et
1095 3032 1128 3094 in
1149 3033 1297 3095 llcmeno.
1342 3030 1496 3112 Quidquid
1517 3031 1569 3104 sit,

291 3138 410 3196 constal
438 3151 475 3196 ea
495 3133 577 3196 Petri
606 3133 782 3196 testimonio
811 3152 866 3197 sua
895 3134 954 3196 iem
984 3141 1092 3206 aetate,
1119 3133 1180 3196 boc
1201 3142 1249 3196 est
1271 3141 1356 3196 sextu
1378 3132 1501 3196 sacoma
1524 3131 1568 3195 le-

288 3234 379 3298 bents
409 3244 439 3298 et
465 3237 594 3316 septimo
616 3235 750 3310 ineunte,
777 3244 872 3300 totum
895 3251 991 3316 prope
1013 3234 1166 3298 Orientem
1190 3253 1276 3297 uenm
1297 3253 1367 3298 esse
1387 3233 1494 3296 Basilii
1517 3233 1568 3296 Li·

281 3336 396 3414 turgia,
418 3355 518 3417 neque
539 3335 716 3409 dubitatum,
740 3337 813 3417 quin
833 3353 937 3399 seoras
959 3351 1065 3416 preces
1089 3354 1165 3415 queo
1186 3344 1271 3398 erant
1293 3335 1325 3397 in
1345 3335 1484 3398 omnium
1503 3353 1569 3398 rna·

288 3437 379 3500 nibus
401 3437 589 3500 ordinasset:
613 3445 702 3517 etque
724 3448 771 3499 cet
792 3437 843 3500 ille
866 3428 969 3515 εὐχῶν
991 3429 1153 3514 διάταξις,
1184 3436 1222 3499 de
1244 3455 1303 3517 qna
1325 3435 1488 3515 Gregorius
1509 3435 1569 3500 lla-

288 3537 449 3600 aianeenns
476 3537 611 3618 loquitur
637 3538 734 3616 (Orat.
755 3537 809 3600 XX
837 3538 868 3600 in
895 3536 1014 3600 leudem
1041 3537 1147 3600 Basilii
1174 3557 1205 3618 p.
1220 3541 1306 3616 340).
1350 3539 1568 3618 Quacumque

288 3655 360 3700 vern
383 3656 419 3700 er
433 3637 603 3705 orationum
618 3637 770 3710 verietate,
794 3646 826 3701 et
839 3637 1052 3721 exemplarium
1069 3649 1127 3702 tere
1144 3639 1336 3714 Graecorum,
1358 3657 1450 3720 qemun
1464 3639 1569 3720 Copti·

290 3755 395 3804 corum
427 3747 466 3802 et.
479 3739 622 3819 Syrorum
653 3738 900 3804 dissimilitudine
930 3747 1073 3822 petuntur
1103 3748 1288 3820 argumenta,
1321 3740 1359 3803 ad
1391 3741 1569 3804 elevandam

287 3839 376 3904 istius
397 3840 551 3919 biturgiae
573 3840 773 3918 autoritatem,
795 3841 982 3906 sufficienter
999 3861 1039 3906 ex
1062 3841 1123 3904 illie
1145 3861 1222 3922 quae
1244 3841 1569 3924 superinduerunt

288 3943 521 4024 dispungentur.
565 3943 685 4006 Sulfleit
704 3944 884 4026 praecipuas
905 3961 1013 4024 preces
1034 3943 1156 4006 eosdem
1180 3962 1258 4018 esee,
1289 3952 1320 4008 et
1341 3943 1479 4024 quamde
1501 3963 1568 4008 rer·

285 4043 335 4108 bis
357 4043 507 4122 different,
526 4043 561 4106 in
583 4063 672 4108 unam
694 4046 857 4110 convenire
878 4044 1069 4120 sententiam,
1094 4053 1128 4107 ut
1147 4063 1208 4108 non
1232 4044 1427 4126 supposititia
1449 4045 1568 4109 iudice·

285 4153 352 4223 tur3
382 4155 415 4210 et
441 4146 493 4228 qui
523 4145 677 4222 Graecam,
711 4146 865 4228 Syriacam
893 4157 923 4210 et
945 4147 1101 4228 Copticam
1129 4155 1242 4210 attenta
1270 4145 1386 4228 legerit,
1419 4155 1568 4226 agnoscet

285 4263 391 4311 omnes
415 4267 450 4310 ex
472 4266 532 4312 nno
554 4248 769 4330 limpidissimo
792 4249 875 4312 tante
896 4247 1080 4330 prodiisse.“

368 4349 407 4412 lit
427 4367 525 4412 meam
547 4349 729 4414 sententiam
749 4349 855 4430 paucis
877 4349 1045 4422 ostendam,
1068 4367 1130 4412 non
1153 4349 1325 4429 ambiguum
1347 4347 1456 4423 babeo,
1481 4348 1564 4427 qnod

285 4449 324 4512 de
345 4449 457 4513 Basilio
480 4469 516 4514 ec
531 4451 744 4532 chrysostomo
765 4451 952 4530 liturgiarum
974 4450 1147 4514 auctoribus
1168 4452 1291 4514 uadunt
1308 4459 1439 4514 veteres.
1467 4450 1566 4512 Immo

285 4550 439 4629 profiteor,
467 4560 639 4614 sanctorum
661 4559 781 4633 patrum
801 4552 949 4616 calamum
971 4553 1095 4632 agnosci
1116 4552 1148 4615 in
1170 4551 1420 4616 caerimoniarum
1443 4559 1475 4614 st
1496 4569 1565 4614 ora·

284 4650 401 4714 tionum
428 4651 630 4732 dispositione
658 4660 689 4716 ct
716 4653 822 4716 ordine
851 4662 882 4718 et
908 4653 978 4718 idco
1000 4654 1216 4736 superscriptis
1237 4652 1412 4719 nominibus
1428 4653 1462 4716 -si
1481 4653 1565 4716 benc
