3336 5302
687 431 762 508 449

392 622 396 630 '
508 663 511 668 ·
614 611 652 684 Ὁ
674 610 837 696 διάκονος.

174 697 428 799 Πράσχοιμεν·

523 796 561 868 Ὁ
583 797 654 870 δὲ’
644 799 750 890 ιιρεὺς
771 753 923 891 ἐκφανεῖ.

177 901 231 978 Τὰ
257 904 537 1005 προηγιασμίνα
562 901 652 1005 άγια
676 909 754 990 τοῖς
778 902 908 1006 ἁγίοις.

177 1057 245 1142 Ίῆς
265 1050 305 1121 δὲ
324 1048 545 1143 μεταλήψεως
564 1049 801 1168 τελειωθείσης
820 1052 878 1122 καλ
897 1057 964 1120 τῶν
984 1047 1086 1176 άγίων
1106 1049 1277 1143 λειψάνων
1290 1047 1367 1124 aab*

90 1157 148 1304 τῆς
169 1149 262 1244 ἱερᾶς
280 1149 454 1242 ἀρθέντων
472 1153 603 1242 ’τραπέζ
599 1159 648 1279 ης,
583 1150 886 1238 Ητταίχεται“
868 1180 898 1222 ο.
908 1150 1026 1243 λιρείς.

100 1255 512 1383 Εὗχαριστσῠμίν
505 1281 564 1332 σοι
588 1263 643 1355 τῷ
669 1265 823 1356 Σωτῆρι
847 1263 926 1388 τρῑν
950 1257 1049 1334 ὅλων
1077 1261 1170 1356 Θεῳ,
1204 1256 1264 1332 ἐπὶ
1288 1263 1363 1332 πᾶ-

92 1375 154 1486 ριν
184 1356 242 1446 οἷς
271 1359 460 1487 παράσχου
490 1356 582 1454 ἡμῖν
615 1329 789 1460 άγαθοῖς,
821 1359 886 1435 και
910 1359 1040 1436 λπὶ”
994 1389 1039 1456 τῃ
1066 1330 1266 1536 μεταλήψει
1291 1365 1363 1436 τοῦ

91 1457 199 1560 ἁγίου
225 1456 411 1556 σώματος,
435 1488 500 1534 και
525 1461 680 1556 αἳματος
704 1467 788 1537 τοῦ
797 1467 989 1590 Χριστοῦ
988 1487 1076 1537 σου·
1102 1490 1167 1538 και
1153 1457 1255 1537 ιλεό
1254 1454 1360 1558 μελά

92 1585 172 1652 σου,
206 1560 369 1691 δέσποτα
401 1558 666 1690 φιλάνθρωρω·
702 1559 1008 1660 Φάλαξονὴμᾶς
1032 1561 1200 1660 ὑπάτην
1224 1561 1363 1660 σκέπην

91 1669 167 1738 τῶν
199 1660 395 1766 πτερύγων
427 1689 513 1738 σου·
546 1663 610 1790 καὶ
641 1662 759 1749 δὸς
737 1670 828 1762 ημῖν
852 1664 961 1792 μέχρι
985 1670 1066 1762 τῆς
1074 1662 1274 1762 ἐσχάτης“
1252 1672 1368 1762 ημῶν.

92 1763 292 1893 άνρπνσῆς,
317 1764 474 1894 ἐπαξίως
498 1764 670 1894 μετέχειν
686 1771 765 1842 ταῖν
790 1764 1062 1894 άγιασμρίτων
1062 1790 1144 1856 σου,
1171 1771 1222 1864 εἰς
1244 1793 1363 1866 φωτι-

92 1866 189 1963 σμὸν
226 1870 351 1966 Ψυχῆς
389 1895 454 1944 και
486 1859 677 1963 σώματος,
717 1872 767 1954 ελς
797 1865 989 1965 βασιλείας
1022 1867 1198 2034 οὗραναῑν
1229 1876 1363 1968 κληρσ·

91 1965 239 2072 νομίαν.

618 2061 656 2135 Ὁ
679 2063 841 2149 διάκονος.

164 2125 304 2270 Ὀρθσι
320 2165 639 2267 μεταλαβόντες
608 2197 686 2246 των
703 2170 884 2262 θείων,
862 2167 995 2274 αγίων,
1022 2166 1234 2294 σἰχράντων,
1261 2163 1368 2243 awa

92 2267 238 2363 νάτων,
278 2271 524 2400 ἐπουρανίων
552 2272 615 2346 καὶ
649 2228 858 2364 ζωοποιῶίι,
893 2301 1062 2371 φρικτων
1094 2277 1163 2348 τοῦ
1178 2274 1366 2367 Χριστοῦ

92 2373 322 2472 μυστηρίων,
350 2371 462 2460 ἀξίως
487 2372 812 2473 εὐχαριστήσωμεν
835 2377 891 2472 τῷ
915 2373 1056 2472 Κυρίῳ.
1438 2379 1442 2388 ’

168 2475 404 2604 Ἀντιλαβοῦ,
431 2477 567 2564 σῶσον,
594 2476 741 2601 ἒλέησρν
765 2504 829 2551 και
816 2473 1132 2575 ιλιαφάλαξσν*
1111 2479 1218 2572 ηασῖς.

180 2575 299 2675 Τὴν
279 2577 422 2677 ημέραν
447 2579 586 2667 πᾶσαν,
612 2577 767 2667 τελείαν,
793 2575 919 2680 ἆγίαν,
946 2573 1130 2678 εἰρηνικήν
1156 2584 1232 2652 κτλ.

551 2705 720 2840 Ὁίρρεὺς
738 2708 906 2801 λκφοίνως.

167 2811 251 2891 ’Ότι
285 2811 333 2890 σὺ
365 2809 449 2889 ελ
430 2841 450 2886 σ
484 2811 667 2943 ἁγιασμρς
700 2814 824 2940 ἡμῶν,
859 2843 923 2888 και
948 2812 1007 2889 σοι
1003 2812 1110 2939 ,τὴν
1126 2810 1290 2899 δόξαν
1268 2841 1363 2890 ανα-

93 2915 297 3012 πέμπομεν,
329 2943 385 3013 τῳ
418 2915 543 3011 πατρὶ,
575 2943 639 2990 και
671 2919 726 3012 τῷ
750 2915 836 3014 υἱῳ,
869 2944 933 2991 και
964 2919 1019 3013 τῷ
1045 2913 1141 3017 ἁγίῳ
1167 2913 1362 3011 πνεύματι,

94 3023 165 3094 νῦν
189 3017 254 3092 και
280 3014 350 3106 ἀεὶ,
375 3015 439 3091 καὶ
467 3020 518 3100 ελς
542 3014 629 3100 τοὺς
653 2987 793 3100 αλάινας
817 3044 896 3092 των
921 2987 1083 3102 αἰώνων.

642 3143 713 3214 ‘²0
702 3144 817 3237 ιερειίς.

169 3253 233 3328 Ἐν
258 3248 384 3352 εἰρήνῃ
409 3252 669 3351 προέλθωμεν·

620 3379 658 3452 ‘O
679 3380 843 3466 διάκονος.

183 3493 260 3565 roc
283 3486 427 3586 Χυρίου
453 3485 664 3584 ιλεηθῶμεν.

275 3633 363 3726 Εὗχὴ
384 3632 660 3724 άπισθάμβωνσς,
681 3629 723 3727 ἣν
742 3636 832 3726 λέγει
852 3633 872 3706 ά
894 3633 1000 3725 ἱερεὺς
1020 3631 1188 3725 ἐκφάτως.

171 3743 343 3817 Δέσποτα
368 3738 639 3838 παντοκράτωρ,
666 3739 838 3816 ὃπᾶσαν
862 3739 932 3838 τὴν
955 3737 1078 3816 κτίσιν
1102 3741 1144 3816 ἐν
1164 3737 1280 3868 σρφίρ
1299 3737 1367 3870 δρ-

97 3838 342 3974 μισυργήσας·
377 3841 397 3917 ὃ
430 3841 494 3918 διὰ
526 3841 596 3939 τὴν
627 3839 776 3941 άφατόν
810 3867 880 3918 σου
913 3838 1107 3940 πρόνοιαν,
1139 3840 1203 3917 καὶ
1228 3840 1367 3969 πολλὴν

99 3943 331 4048 ἇγαθόττγτα,
363 3942 572 4074 άγαγιὺν“
551 3952 651 4042 ημᾶς
683 3947 733 4028 εἷς
765 3943 832 4028 τὰς
857 3943 1089 4029 πανσέπτους
1111 3941 1262 4066 ἡμέρας
1273 3938 1367 4018 ταά·

98 4075 174 4137 τας,
199 4045 292 4145 πρὸς
315 4045 560 4144 καθαρισμὸν
584 4067 721 4170 ψυχων
744 4073 807 4120 και
824 4041 1025 4142 σωμάτων,
1042 4045 1137 4172 πρὸς
1149 4039 1367 4170 ἐγκράτειαν

99 4152 250 4237 παθων,
276 4145 368 4244 πρὸς
392 4145 570 4223 ἐλπίδα’
550 4142 804 4274 ανρστάσεως·
840 4176 860 4222 ο
846 4145 951 4222 ιλια
975 4143 1252 4274 τεσσαράκοντα
1276 4141 1367 4272 ἡμε-

100 4275 176 4346 ρων
208 4247 351 4334 πλάκας
379 4247 545 4347 χειρίσας
575 4247 623 4323 τὰ
649 4245 902 4376 θεοχάρρκτα
923 4244 1128 4376 γράμματα
1160 4249 1216 4344 τῷ
1242 4241 1367 4375 θερά-

100 4352 206 4478 πρντί
238 4375 307 4427 σου
332 4355 484 4426 Μωσεῖ·
518 4346 713 4449 παράσχου
745 4349 808 4424 καὶ
832 4349 937 4446 ἡμῖν,
972 4347 1108 4476 ἀγαθε,
1141 4347 1208 4422 τὸν
1233 4346 1367 4474 ἇγωνα

100 4451 164 4528 τὸν
187 4452 304 4528 καλὸν
328 4451 607 4582 ἀγωνίσασθαι,
633 4450 700 4526 τὸν
725 4448 869 4579 δρόμρν
894 4455 959 4547 τῆς
980 4448 1198 4579 νηρτείας
1172 4447 1366 4538 ἐκτελέσω,

101 4551 166 4649 τὴν
197 4553 324 4630 πίστιν
355 4553 569 4651 ἀδιαίρετον
601 4556 770 4650 τηρῆσαι,
804 4552 871 4637 τὰς
902 4551 1065 4678 κεφαλὰς
1087 4576 1166 4627 των
1191 4545 1368 4647 ἀοράτων

102 4651 318 4752 δρακόντων
343 4653 570 4747 συνθλάσαι,
596 4651 747 4752 νικηιάς
770 4683 809 4728 τε
829 4658 894 4751 τῆς
910 4649 1095 4752 ἁμαρτίας
1111 4652 1367 4752 ἀναφανῆναι,
