3416 5290
709 422 787 500 655

109 629 169 676 σου
197 609 340 692 πνεῦμα.
381 600 484 674 Ἀλλά
511 602 718 697 συγχυίρησόν
737 631 798 693 μοι
820 601 1046 694 άκατακρίτως
1067 611 1153 694 βοάν
1172 628 1229 678 σοι
1250 606 1307 678 καί
1328 607 1385 680 λί-

108 733 177 796 γειν
206 706 264 776 καί
292 712 365 787 νῦν,
392 702 600 794 ύπεράγαθε.
641 707 836 794 Δοξάζομίν
864 732 919 790 σε,
950 708 1119 791 δέσποτα,
1148 706 1384 798 φιλάνθρωπε,

108 805 351 894 παντοκράτορ,
372 805 556 896 προαιιύνιε
576 810 727 894 βασιλεύ.
755 806 950 896 Δοξόζσμέν
970 831 1009 878 σε
1028 809 1088 880 τὸν
1107 809 1311 900 κτιστήνκαὶ
1326 812 1385 901 δη-

107 909 267 997 μιουργὸν
287 915 348 978 τού
368 909 507 990 παντὸς,
528 907 710 995 δοξάζομέν
730 934 770 978 σε
791 909 849 979 τὸν
866 906 1025 998 άπάτορα
1039 910 1076 980 ίκ
1087 910 1212 1002 μητρὸς
1224 911 1282 979 καί
1297 908 1385 1001 δμή-

107 1035 190 1099 τορα
211 1009 249 1079 ἐκ
269 1007 410 1095 πατρός.
449 1006 503 1078 Ἔν
522 1009 584 1099 γάρ
605 1017 645 1102 τῇ
666 1007 883 1102 προλαβοόση
913 1007 1011 1102 ἑορτή
1032 1009 1155 1101 νήπιόν
1174 1035 1214 1082 σε
1234 1009 1384 1098 είδομεν·

108 1111 142 1180 ἐν
164 1111 203 1182 δὲ
224 1118 265 1202 τῇ
286 1109 440 1203 παρούσῃ
461 1109 590 1182 τέλειόν
611 1135 650 1182 οε
670 1109 809 1201 δρῶμεν,
830 1111 889 1181 τὸν
910 1110 947 1182 έν
969 1110 1098 1182 τελείου
1111 1113 1240 1184 τέλειον
1253 1112 1385 1205 δπιφα-

108 1213 204 1283 νέντα
228 1212 316 1282 Θεὸν
336 1208 438 1301 ήμῶν.
472 1210 622 1302 Σήμερον
642 1213 704 1302 γὰρ
725 1221 786 1304 τῆς
807 1211 924 1304 ἑορτῆς
945 1211 1023 1303 ήμῐν
1044 1212 1170 1305 έπέστη
1189 1216 1306 1306 καιρὸς
1326 1215 1384 1285 καί

106 1314 204 1401 χορός
226 1310 330 1404 άγίων
351 1311 556 1403 ἐκκλησιάζει
575 1311 671 1402 ήμῖν·
697 1314 755 1384 καί
777 1307 910 1404 άγγελσι
929 1315 1015 1402 μετὰ
1035 1311 1228 1406 άνθριόπων
1249 1340 1385 1405 συνεορ-

106 1413 273 1498 τάζουσιν.
302 1411 452 1503 Σήμερον
472 1415 533 1504 γάρ
555 1411 575 1504 ή
597 1412 693 1502 χάρις
712 1423 772 1484 τού
794 1411 890 1505 άγίου
912 1413 1111 1501 πνεύματος,
1134 1417 1170 1486 δν
1187 1414 1272 1488 ε’ίδει
1285 1443 1385 1504 περι-

107 1521 236 1605 στεράς,
265 1521 337 1596 τοῖς
361 1515 481 1585 ύδαοιν
508 1514 721 1608 δπεφοίτησε.
753 1516 903 1607 Σήμερον
929 1515 949 1588 ό
976 1513 1101 1599 άδατος
1119 1515 1216 1608 ήλιος
1237 1515 1385 1590 άνέτειλε

106 1618 162 1686 καί
194 1614 215 1687 δ
244 1615 369 1703 κόσμος
395 1623 442 1704 τῷ
470 1617 561 1708 φωτί
588 1615 716 1704 Κυρίου
742 1617 996 1707 καταυγάζειαι.
1037 1616 1187 1708 Σήμερον
1213 1615 1234 1709 ή
1265 1617 1385 1711 σελήνη

107 1721 281 1810 λαμπραῖς
300 1723 376 1799 ταῖς
397 1715 507 1787 ἀκτῖσι
527 1723 574 1808 τῷ
595 1717 710 1810 κόσμῳ
730 1717 1065 1808 συνεκλεμπρύνεται.
1091 1717 1241 1808 Σήμερον
1263 1717 1386 1811 ολφω-

108 1823 253 1902 τοειδεῖς
275 1816 422 1909 ἀστέρες,
450 1825 490 1910 τῇ
518 1819 719 1911 φαιδρότητι
745 1827 806 1911 τής
825 1818 987 1914 λήμψεως
1007 1822 1067 1909 τήν
1088 1819 1283 1912 οἰκουμένην
1303 1825 1385 1892 καλ-

107 1921 304 2006 λωπίζοοοι.
345 1917 496 2010 Σήμερον
517 1918 553 1989 αλ
574 1922 714 2012 νεφέλαι
734 1920 830 1994 ύετόν
850 1919 1061 2012 δικαιοσύνης
1082 1928 1122 2013 τῇ
1144 1918 1386 2014 άνθρωπότητι

109 2021 296 2112 ούρανόθεν
318 2020 519 2111 δροσίζουσι.
554 2021 705 2112 Σήμερον
726 2020 745 2094 ό
768 2019 922 2104 ἄπειστος
942 2019 1011 2092 ύπὸ
1032 2028 1093 2092 τού
1115 2020 1207 2092 ίδίου
1225 2021 1385 2112 πλάσμα-

106 2150 163 2206 τος
189 2127 296 2216 βουλῇ
320 2129 576 2213 χειροθετεῐται.
618 2123 768 2214 Σήμερον
796 2121 816 2194 ό
843 2122 1021 2216 προφήτης
1047 2123 1105 2194 καί
1125 2121 1318 2214 πρόδρομος
1337 2131 1385 2216 τῷ

108 2224 257 2320 δεσπότῃ
284 2225 513 2314 προςέρχεται.
553 2221 656 2297 Ἀλλά
682 2225 796 2316 τρόμῳ
821 2223 1039 2315 παρίσταται,
1067 2222 1154 2315 δρῶν
1183 2230 1272 2296 Θεοῦ
1297 2226 1387 2315 πρὸς

107 2325 196 2418 ήμάς
223 2324 477 2415 ουγιατάβασιν.
519 2324 669 2417 Σήμερον
695 2328 740 2396 τὰ
765 2333 826 2398 τού
843 2324 1011 2414 Ἰορδάνου
1032 2324 1165 2413 νάματα
1187 2325 1237 2408 είς
1257 2325 1386 2413 ἰάματα

107 2435 349 2514 μεταποιεῖται
369 2435 410 2519 τῇ
430 2435 490 2498 τού
510 2426 638 2516 Κυρίου
659 2426 841 2521 παρουσίᾳ.
870 2427 1021 2520 Σήμερον
1040 2425 1192 2517 ῥείθροις
1212 2434 1387 2515 μυστικοῖς

108 2539 204 2601 πάσα
232 2529 253 2622 ή
280 2529 386 2611 κτίσις
413 2527 599 2618 ἀρδεύεται.
641 2529 791 2620 Σήμερον
817 2532 861 2600 τά
888 2538 955 2600 τῶν
976 2527 1167 2618 ἀνθρώπων
1188 2528 1387 2617 πταίσματα

107 2639 180 2714 τοῖς
215 2631 316 2702 ύδασι
348 2639 409 2702 τοῦ
435 2629 603 2720 Ἰορδάνου
637 2630 898 2726 άπαλείφσνται.
942 2630 1092 2722 Σήμερον
1125 2627 1145 2700 ό
1176 2630 1387 2720 παράδεισος

107 2731 272 2824 ήνέφκται
298 2739 370 2816 τοῖς
397 2729 594 2823 ἀνθρώποις
623 2735 680 2804 καὶ
708 2732 727 2804 ό
756 2741 815 2825 τῆς
837 2732 1049 2828 δικαιοσύνης
1070 2732 1166 2824 ήλιος
1184 2733 1386 2823 καταυγάζει

105 2833 197 2924 ήμῖν.
238 2834 389 2926 Σήμερον
408 2835 448 2901 τὸ
469 2835 589 2922 πικρὸν
610 2833 711 2924 ύδωρ,
732 2836 771 2906 τὸ
793 2835 853 2906 δπί
867 2837 1045 2916 Μωύσίως
1064 2839 1112 2906 τῶ
1134 2837 1215 2926 λαῷ,
1238 2833 1287 2917 είς
1307 2838 1386 2925 γλυ-

106 2935 231 3026 κύτητα
250 2939 489 3022 μεταποιεῖται
507 2940 547 3023 τῇ
568 2943 629 3003 τοῦ
643 2935 771 3024 Κυρίου
792 2934 974 3026 παρουσίᾳ.
995 2933 1146 3026 Σήμερον
1159 2943 1220 3004 τού
1234 2939 1385 3006 παλαιοῦ

106 3035 237 3124 θρήνου
260 3033 494 3124 ἀπηλλάγημεν
515 3035 573 3102 καί
594 3031 639 3117 ὥς
661 3037 734 3117 νεὸς
751 3035 881 3125 Ἰσραήλ
904 3034 1124 3126 διεσώθημεν.
1153 3034 1304 3126 Σήμερον
1323 3041 1385 3106 τοῦ

107 3135 248 3218 σκότους
268 3133 502 3225 δλατριύθημεν
527 3135 653 3224 καὶτῷ
676 3137 765 3228 φωτί
784 3143 844 3227 τῆς
864 3136 1073 3226 θεογνωσίας
1092 3135 1384 3226 καταυγαζόμεθα.

107 3238 259 3328 Σήμερον
285 3235 305 3328 ή
336 3235 435 3323 άχλύς
460 3241 521 3304 τοῦ
547 3234 674 3323 κόσμου
701 3235 903 3327 καθαίρεται
929 3246 969 3331 τῇ
997 3237 1182 3330 ἐπιφανείᾳ
1207 3245 1268 3306 τού
1296 3243 1385 3308 Θεσύ

107 3339 213 3432 ήμῶν.
255 3338 405 3430 Σήμερον
424 3339 702 3429 λαμπαδοφεγγεῖ
722 3346 818 3410 πάσα
839 3337 859 3430 ή
880 3339 987 3422 κτίσις
1008 3333 1150 3408 άνωθεν.
1192 3335 1342 3428 Σήμερον
1361 3336 1383 3428 ή

108 3441 220 3532 πλάνη
249 3439 452 3532 κατήργηται
477 3439 535 3508 καί
555 3437 636 3508 ὁδὸν
656 3437 735 3530 ήμῖν
757 3439 921 3532 σωτηρίας
942 3438 1113 3530 ἐργάζεται
1134 3421 1154 3528 ή
1176 3445 1236 3507 τοῦ
1258 3437 1385 3509 δεσπό·

108 3570 168 3614 του
191 3545 376 3625 δπέλευσις.
404 3540 554 3632 Σήμερον
574 3543 617 3612 τὰ
638 3535 707 3611 άνω
727 3549 801 3625 τοῖς
819 3541 908 3612 κάτω
930 3539 1139 3630 ουνεορτάζει
1159 3540 1217 3610 καί
1237 3541 1280 3609 τὰ
1293 3538 1384 3610 κάτω

110 3652 183 3727 τοῖς
211 3640 279 3714 όνω
306 3646 487 3731 συνομιλεῖ.
529 3642 679 3734 Σήμερον
706 3641 725 3734 ή
750 3643 823 3732 ἱερά
842 3642 1082 3736 μεγαλόφωνος
1101 3649 1167 3712 τῶν
1189 3639 1386 3729 δρθοδόξων

110 3745 294 3838 πανήγυρις
315 3743 504 3834 ἀγάλλεται.
533 3743 682 3834 Σήμερον
704 3741 723 3822 ὁ
745 3743 910 3836 δεσπότης
929 3744 1017 3833 πρὸς
1036 3743 1075 3814 τὸ
1096 3742 1274 3832 βάπτισμα
1290 3741 1385 3814 ίπεί-

111 3875 214 3936 γεται,
236 3852 292 3918 ίνα
314 3843 500 3939 άναβιβάοη
522 3847 609 3935 πρὸς
629 3845 720 3940 ύφος
745 3847 785 3916 τό
807 3842 1034 3932 άνθρύπινον.
1076 3843 1227 3936 Σήμερον
1248 3843 1267 3914 ό
1291 3843 1384 3915 δκλι-

112 3951 170 4040 νής
190 3956 237 4040 τῷ
261 3948 337 4041 ίδίηι
360 3946 469 4040 οίκὲτη
491 3945 716 4032 ύποκλίνεται,
748 3949 803 4016 ίνα
823 3944 912 4036 ήμᾶς
933 3945 969 4016 ίκ
989 3953 1049 4035 τῆς
1071 3946 1225 4028 δουλείας
1246 3947 1384 4016 δλευθε-

112 4050 212 4145 ρύση.
254 4050 403 4142 Σήμερον
430 4046 605 4136 βασιλείαν
632 4047 780 4139 οὐρανῶν
801 4043 1020 4140 ὠνησόμεθα·
1046 4053 1106 4138 τής
1127 4049 1188 4138 γὰρ
1209 4046 1385 4134 βασιλείας

112 4161 171 4224 τοῦ
199 4151 327 4245 Κυρίου
357 4149 416 4222 ούκ
443 4149 538 4220 ἔσται
563 4151 670 4232 τέλος.
711 4148 861 4239 Σήμερον
887 4155 928 4238 γή
953 4150 1012 4218 καί
1037 4149 1208 4230 θάλασσα,
1236 4149 1295 4238 τήν
1322 4155 1384 4218 τοῦ

113 4253 251 4344 Κόσμου
279 4255 383 4343 χαράν
410 4252 605 4342 ἐμερίσαντο
631 4251 689 4322 καί
716 4249 895 4336 ὁΚόομος
921 4248 1125 4341 εὐφροσύνης
1140 4247 1383 4338 πεπλήρωται.

113 4353 259 4426 Είδοοάν
285 4381 323 4426 οε
350 4355 458 4426 ύδατα
485 4352 505 4425 δ
528 4354 624 4436 Θεὸς,
651 4350 786 4422 είδοσάν
806 4376 844 4422 σε
866 4351 973 4422 ύδατα
993 4353 1052 4421 καί
1073 4349 1302 4442 ἐφοβήθησαν.
1343 4348 1384 4420 Ὁ

111 4451 275 4546 Ἰορδάνης
302 4456 450 4550 ἐστράφη
477 4454 526 4538 εἷς
552 4456 596 4526 τά
622 4451 734 4526 ὀπίσω
761 4453 972 4540 θεασάμενος
991 4453 1030 4522 τὸ
1052 4457 1119 4542 πύρ
1141 4457 1200 4542 τῆς
1220 4449 1384 4542 θεότητος

34 4637 40 4652 .
114 4565 309 4646 σωματικῶς
333 4557 568 4650 κατερχόμενον
594 4558 651 4628 καὶ
677 4553 899 4646 είςεργόμενον
926 4551 986 4625 ἐπ’
1010 4550 1119 4622 αύτόν.
1161 4549 1199 4620 Ὁ
1217 4549 1385 4644 Ἰορδάνης

114 4656 261 4754 ἐστράφη
288 4659 338 4742 είς
364 4663 408 4730 τά
435 4657 547 4732 όπίοω
568 4665 708 4749 θεωρῶν
726 4659 767 4728 τὸ
788 4665 920 4746 πνεῦμα
939 4657 978 4728 τὸ
1001 4653 1096 4745 όγιον
1116 4654 1152 4725 ίν
1173 4651 1257 4724 είδει
1285 4679 1384 4745 περι-
