3416 5290
704 433 776 508 661

413 607 500 684 Βλνα
520 613 609 704 λέγει
630 609 650 684 ό
668 611 780 700 ίιριίνς
799 614 861 703 τὴν
880 612 1067 705 κατήχησιν.

188 716 312 800 Βλίπε,
334 716 457 798 τίκτον,
479 718 555 798 οῖας
575 714 745 842 συνθήκας
766 713 868 797 δίδεις
887 723 937 806 τῷ
958 713 1104 808 δισπότη
1125 724 1273 810 Χριστηῖι
1296 714 1381 810 ''Ay-

109 821 196 910 γελοι
215 819 277 907 γὰρ
296 815 456 906 πάρεισιν
476 813 631 907 ἀοράτονς
650 815 928 909 ἀπογραφόμενοι
947 818 1007 907 τὴν
1027 815 1208 906 ὁμολογίαν
1220 843 1283 890 συυ
1296 821 1381 892 ταῦ-

62 917 64 920 ’
108 913 234 1012 τηηήν
252 919 312 990 καί
330 918 464 1005 μέλλεις
484 915 713 989 ἀπαιτεῖσθαι
732 917 770 988 ἐν
782 945 823 1012 τη
806 916 977 1012 ’δεότερρ
989 919 1163 1014 παρουσίη
1173 947 1235 991 του
1218 921 1377 1012 Κυρίου

108 1018 195 1148 ήμῶν
214 1019 321 1114 Ἰησοῦ
342 1027 503 1109 Χριστοῦ.
529 1017 739 1148 Ὑφηγοῦμαι
759 1013 818 1090 οὖν
839 1043 895 1090 σοι
915 1021 975 1110 τήν
994 1020 1245 1115 τελειοτάτηνζ
1242 1024 1319 1114 σὴν,
1342 1025 1379 1095 ἐν

107 1113 227 1214 ᾗκατά
247 1120 386 1214 μίμησιν
413 1117 434 1212 ὴ
456 1147 516 1190 του
535 1120 665 1212 Κυρίου
692 1121 850 1194 πολιτεία
870 1119 1106 1206 ἀναδείκνυται,
1132 1126 1379 1216 διαμαρτυροῦ-

106 1249 210 1311 μινυς,
239 1221 327 1313 ὅπερ
351 1223 412 1314 χρὴ
442 1219 669 1294 ἀσπάσασθαί
697 1246 735 1293 σε
754 1223 814 1293 καί
834 1215 880 1292 ιίν
900 1249 965 1311 περ
986 1224 1065 1294 δέον
1086 1224 1250 1317 ἐκφυγεῖν.
1290 1225 1376 1299 ’[όού

106 1327 164 1416 γὰρ
184 1326 352 1415 πρυίθου,
373 1324 496 1407 τέκνυν,
516 1323 558 1394 τό
578 1327 780 1413 προςελθειν
791 1351 849 1395 και
838 1324 1033 1395 δουλευενν
1045 1351 1094 1416 τρι
1078 1327 1234 1418 ’Κυρίηι
1261 1321 1359 1399 Εῖ’
1320 1356 1378 1400 ουν

105 1425 216 1513 βυίλει
236 1426 382 1514 μονσχός
398 1425 570 1515 γενέσθαι,
591 1426 661 1515 πρὸ
680 1425 819 1495 πόντιον
837 1423 1027 1514 καθόρισον
1045 1430 1186 1497 σεαυτόν
1206 1426 1329 1500 ἀπό
1290 1457 1379 1500 παν-

105 1529 160 1610 τὸς
183 1531 360 1616 μολυσμοῦ
387 1526 509 1616 σαρκός
527 1525 586 1598 καί
606 1526 806 1614 πνεύματος,
835 1529 998 1598 ἐπιτελῶν
1018 1525 1202 1618 ἀγιασόνην
1221 1529 1259 1600 ἐν
1279 1530 1378 1624 φόβην

108 1635 202 1702 θεοῦ.
247 1636 380 1720 Κτήοαι
392 1627 723 1754 ταπεινοφροσύνην,
750 1625 803 1698 όι
830 1621 871 1718 ής
888 1628 1092 1720 κληρονόμος
1111 1631 1188 1725 γίνη
1208 1641 1275 1702 τῶν
1295 1632 1379 1704 αλω-

105 1731 180 1802 νίιον
200 1730 353 1822 ἀγαθῶν.
392 1726 549 1801 Ἀπόθου
570 1737 630 1820 τῆς
649 1735 808 1820 βιωτικῆς
829 1729 1010 1818 συνηθείας
1029 1731 1069 1800 τό
1090 1731 1230 1820 θρόσος.
1271 1733 1378 1806 ‘Ym-

105 1834 180 1924 ευὴν
201 1832 258 1920 ίχε
277 1833 364 1922 πρδς
384 1828 524 1912 πάντας.
549 1827 810 1921 Ἅγόγγυστος”
788 1855 854 1904 εσοι
875 1832 1007 1914 ἐντοῖς
1026 1833 1308 1921 ἐπιτασσομίναις
1320 1859 1380 1908 σοι

106 1934 303 2017 διακονίαις,
339 1933 376 2004 ἐν
406 1939 447 2025 τῇ
479 1929 557 2026 είχῆ
588 1931 797 2024 καρτερικός,
833 1933 870 2002 λν
895 1939 971 2015 ταῖς
1005 1930 1205 2025 ἀγρυπνίαις
1235 1937 1281 2026 μὴ
1315 1963 1378 2007 κα-

104 2035 218 2120 τόκνει,
251 2037 287 2106 ἐν
312 2039 514 2126 πειρασμοῖς
539 2035 585 2126 μὴ
613 2032 752 2122 ἀθόμει,
780 2035 817 2105 ἐν
842 2041 883 2126 τῆ
910 2034 1046 2128 νηστείᾳ
1070 2035 1116 2126 μὴ
1140 2033 1268 2109 ίκλόου.
1316 2036 1378 2108 Γί-

105 2163 205 2212 νοισκι
235 2138 283 2221 δὲ,
310 2137 365 2206 ότι
386 2137 445 2207 διὰ
465 2143 649 2226 προσευχῆς
667 2137 725 2206 καί
745 2135 898 2228 νηστείας
919 2139 971 2206 δεῖ
991 2134 1240 2218 ἐξιλεοίσασθαί
1260 2164 1298 2210 σε
1318 2141 1379 2212 τόν

106 2239 200 2312 Θεόν.
242 2235 295 2308 Ἓν
319 2243 397 2320 ταῖς
422 2235 616 2319 ἀσθενείαις
641 2238 687 2330 μὴ
716 2235 887 2328 όλιγιόρει,
921 2235 1076 2329 ἐπιτήρει
1102 2240 1141 2308 δέ
1166 2242 1246 2322 τούς
1271 2267 1378 2334 πονη-

105 2343 182 2432 ροῦς
200 2342 389 2431 λογισμοῖς,
412 2337 452 2410 οό
472 2340 534 2430 γὰρ
553 2339 671 2427 μίλλιι
691 2337 896 2410 παύσασθαι
916 2337 935 2409 ό
958 2340 1080 2428 ἐχθρὸς
1099 2337 1301 2428 ἀποβάλλων
1321 2368 1379 2415 σοι

103 2441 232 2535 μνήμην
254 2449 317 2512 τοῦ
344 2441 510 2532 προτέρου
536 2439 614 2529 βίου
634 2441 693 2512 καί
711 2445 812 2530 μῖσος
832 2442 918 2531 πρὸς
937 2441 998 2531 ’τὴν
1017 2440 1172 2531 ἐνάρετον
1191 2443 1378 2517 πολιτείαν.

104 2548 178 2670 Χρὴ
207 2537 268 2614 οῦν
293 2568 332 2613 σε
353 2541 395 2633 ἀρ
396 2541 536 2630 ξάμενον
555 2549 616 2634 τῆς
635 2541 718 2614 όδοῦ
738 2549 798 2633 τῆς
819 2539 1014 2634 όπαγοόσης
1035 2543 1096 2614 ἐπί
1121 2545 1182 2635 τὴν
1201 2546 1377 2632 βασιλείαν

104 2653 169 2718 τοῖν
189 2643 348 2732 οίρανῶν,
368 2647 415 2736 μὴ
437 2652 628 2737 στραφῆναι
648 2643 698 2728 είς
717 2645 761 2714 τόι
782 2641 905 2715 ἀπίου.
939 2643 988 2714 οο
1009 2646 1071 2735 γὰρ
1093 2640 1277 2729 εόθετος”
1254 2673 1313 2741 εση
1328 2648 1379 2732 είς

103 2749 163 2839 τήν
180 2745 355 2836 βασιλείαν
374 2755 441 2816 τῶν
460 2745 620 2835 οὐρανῶν.
659 2748 722 2838 Μὴ
746 2740 804 2816 οάν
824 2745 1035 2840 προτιμήσῃς
1054 2773 1090 2817 τι
1108 2755 1170 2818 τοῦ
1194 2755 1292 2820 Θεοῦ.
1313 2736 1377 2842 Μὴ

104 2847 281 2941 ἀγαπήσης
299 2846 384 2938 μήτε
403 2848 547 2936 πατέρα,
566 2845 651 2939 μήτε
670 2848 808 2939 μητέρα,
828 2846 914 2938 μήτε
928 2845 1106 2938 ἀδελφοὺς,
1126 2848 1211 2940 μήτε
1223 2852 1380 2921 τινὰτῶν

105 2949 212 3032 ίδίαιν,
239 2947 324 3038 μήτε
344 2949 484 3016 σεαυτόν
510 2945 686 3040 ἀγαπήσης
711 2944 798 3036 όπέρ
824 2949 884 3016 τόν
913 2946 1015 3030 Θοόν,
1042 2949 1089 3038 μὴ
1117 2951 1179 3030 τὰς
1203 2951 1379 3036 βασιλείας

102 3059 164 3122 τοῦ
189 3047 327 3135 κόσμου,
353 3045 376 3137 ὴ
404 3046 593 3118 ἀνάπαυυιν
622 3051 697 3118 οῖον
725 3045 765 3137 δή
789 3072 875 3117 ποτε
895 3049 954 3117 καί
973 3046 1083 3138 τιμήν.
1124 3051 1187 3140 Μή
1211 3051 1379 3134 πτωχείαν

104 3151 337 3242 ἀποστροφῆς,
363 3150 409 3240 μή
430 3148 616 3234 κακουχίαν,
642 3149 688 3239 μὴ
711 3148 928 3232 ἐξυυδίνασιν
949 3145 1151 3238 ἀνθρώπων,
1167 3142 1261 3242 ’μήτε
1283 3148 1377 3237 ἀλλο,

103 3250 292 3340 όνομίζεις
317 3245 405 3320 εἶναι
431 3251 582 3340 δυςχερές
602 3252 660 3321 καί
680 3253 835 3343 κοιλοθῆς
854 3250 981 3341 τρέχειν
1001 3247 1114 3321 ίπίσαι
1134 3259 1196 3322 τοῦ
1215 3260 1378 3342 Χριστοῦ,

100 3353 190 3429 Ἀλλ’
213 3351 269 3424 ἀεί
288 3351 564 3442 ἐνοπτριζόμενος
583 3353 627 3422 τὰ
647 3351 683 3422 ἐν
704 3349 819 3422 ἐλπίσι
838 3359 904 3422 τῶν
916 3353 1002 3422 κατὰ
1018 3351 1104 3422 Θεὸν
1118 3349 1247 3436 ζεόντων
1262 3351 1380 3444 ἀγαθόν

103 3459 161 3530 καί
181 3457 261 3538 τοὺς
282 3452 342 3524 ἀπ’
365 3452 487 3537 αίῶνυς
506 3451 738 3545 λογιζόμενους
763 3451 933 3545 μάρτυρας
952 3455 1010 3524 καί
1029 3451 1153 3537 ὁσίους,
1182 3451 1221 3524 οἳ
1236 3459 1379 3539 πολλοῖς

106 3559 226 3650 λδρῶσι
244 3557 303 3628 καί
322 3555 442 3640 πόνοις
461 3556 519 3627 καί
537 3553 673 3646 μυρίοις
686 3557 806 3644 αἵμασι
819 3556 876 3627 καί
889 3554 1055 3638 θανάτοις
1066 3563 1174 3625 ταῦτα
1187 3554 1378 3648 ίκτήσαντο,

105 3669 208 3751 Νῆφε
220 3660 257 3730 ἐν
269 3666 366 3738 πᾶσι,
387 3656 630 3751 κακοπάθηοον
642 3655 690 3740 ῶς
702 3657 803 3740 καλός
815 3656 1019 3750 στρατιώτης
1032 3665 1198 3748 Χριστοῦ·
1219 3653 1378 3742 όςπλυό·

106 3787 181 3844 σισς
207 3759 254 3830 ῶν
281 3759 317 3830 όν
343 3760 431 3832 ἐλέει
437 3812 449 3843 ,
476 3757 525 3830 δι’
554 3756 643 3851 ὴμῦς
669 3757 858 3844 ἐνετιόχεοσε
883 3758 1058 3848 γενόμενος
1083 3756 1163 3832 καθ’
1189 3757 1293 3851 ήμοῖς,
1321 3767 1379 3834 ίνα

106 3862 204 3957 ήμεῖς
229 3859 469 3952 πλουτήσωμεν
500 3863 561 3953 τὴν
586 3859 762 3949 βασιλείαν
790 3859 904 3931 αίτυῦ.
944 3861 1017 3930 Καί
1043 3863 1096 3931 δεῖ
1122 3853 1181 3932 οόν
1206 3863 1265 3932 καῖ
1288 3862 1379 3954 ήμῦς

105 3965 252 4058 μιμητὰς
270 3964 432 4054 γενέσθαι
453 3960 556 4032 αάτυῦ
576 3964 633 4033 καί
648 3959 696 4034 δι’
714 3960 817 4032 αότοῦ
829 3959 941 4032 πάντα
953 3959 1144 4050 όπομιῖναι,
1164 3961 1378 4053 προκόπτον-

106 4093 168 4150 τας
193 4066 230 4137 &r
254 4071 330 4148 ταῖς
356 4061 460 4134 αάτεῦ
487 4063 648 4146 ἐντολαῖς,
669 4062 797 4155 ὴμέρας
815 4063 874 4134 καί
892 4061 1017 4145 νιατός.
1056 4061 1176 4145 Λότός
1194 4065 1256 4155 γὰρ
1278 4063 1297 4134 ό
1318 4063 1378 4135 κό-

107 4193 180 4260 ριες
205 4161 317 4238 εἶπεν·
343 4163 392 4236 Εῖ
412 4189 466 4247 τις
490 4165 590 4236 θόλοι
610 4161 722 4243 ἀπίου
742 4189 808 4253 μου
830 4165 954 4247 ἐλθεῖν,
983 4163 1237 4256 ἀπαρνησάσθω
1258 4163 1378 4236 ἔαυτόν

106 4271 163 4340 καί
190 4265 305 4358 ἀρότιο
330 4269 389 4336 τόν
416 4267 559 4355 σταυρόν
591 4264 696 4336 αότοῦ
726 4268 785 4336 καί
817 4263 1046 4336 ἀκολουθείτω
1074 4291 1151 4354 μοι,
1180 4265 1265 4356 ὅπερ
1293 4269 1376 4354 ίστί,

106 4369 416 4456 παρεσκευασμένον
442 4366 497 4437 ἀεί
528 4362 615 4438 εἶναι
636 4371 737 4458 μέχρι
756 4364 908 4438 θανάτου
928 4368 1015 4458 πρός
1035 4374 1148 4436 πᾶσαν
1170 4366 1379 4460 ἐκπλήρωσιν

107 4477 172 4542 τῶν
201 4467 304 4540 αάτοῦ
331 4467 484 4540 όντολαῖν.
524 4469 596 4538 Καί
620 4470 682 4558 γὰρ
710 4477 871 4539 πεινῶσαν
891 4469 977 4555 όχεις
996 4469 1053 4538 καί
1075 4471 1221 4560 διψήσει
1239 4470 1298 4540 καλ
1317 4495 1376 4560 γυ-

107 4577 298 4666 μνητεῦσαι,
324 4567 528 4662 όρρισθήναί
554 4596 591 4640 τε
615 4571 673 4640 καί
696 4573 935 4661 χλευασθῆναι,
961 4568 1194 4660 όνειδισθῆναι
1217 4571 1275 4641 καί
1297 4573 1379 4642 διατι·

103 4679 230 4832 χθιήναι
248 4671 307 4744 καί
326 4674 469 4756 πολλοῖς
488 4668 605 4756 ἀλλοις
624 4679 852 4818 περιαχθῆναι
870 4673 1043 4764 λυπηροῖς,
1065 4663 1117 4753 οῖς
1137 4668 1265 4832 qam&
1288 4675 1375 4744 οχον
