3416 5290
702 415 775 492 673

91 615 176 664 στου
205 590 361 684 βήματος
386 602 448 666 τοῦ
467 602 629 685 Χριστοῦ,
658 593 728 686 ὸσηι
748 593 905 678 πλείονος
923 591 1059 685 χάριτος
1081 591 1266 676 δπολαδσις
1287 587 1375 684 άρτι.

92 695 167 766 Καὶ
188 693 300 766 καλὸν
325 721 382 778 σοι
406 689 448 788 ήν
472 694 520 778 σὸς
539 696 586 766 τὸ·
600 695 723 785 λκίγιον,
744 699 789 789 μή
812 693 989 782 εὐξασθαι,
1021 695 1044 789 ῆ
1065 693 1233 782 εὐξασθαι
1252 696 1310 769 καί
1328 695 1376 788 μή

93 791 304 869 άποδοῦναι.
347 799 449 890 Μηδὸ
461 797 579 868 ’πάλιν
605 795 753 892 νομίοης,
781 796 827 882 σὸς
848 799 907 878 διδ
925 805 987 870 τοῦ
1008 796 1239 887 προλαβόντος
1255 795 1378 886 χρόνου

92 904 152 988 τῆς
173 895 331 970 ἐνταῦθά
352 924 413 973 σου
436 902 619 990 διατριβῆς,
647 896 769 982 ίκανῶς
787 898 939 992 ἠγωνίσω
959 900 1047 990 πρὸς
1066 899 1128 982 τὸς
1149 896 1298 988 ὐορδτας
1318 900 1378 968 ὸυ-

92 997 215 1086 νάμεις
236 1006 298 1070 τοῦ
316 999 459 1092 ἐχθροῦ·
482 998 568 1072 άλλὸ
588 998 736 1090 γίνωσκε,
757 1000 812 1072 ὅτι
831 1003 960 1089 μᾶλλον
980 999 1052 1072 άπὸ
1072 1008 1134 1073 τοῦ
1146 1003 1247 1090 δεῦρο
1261 997 1379 1070 διαδί-

92 1099 213 1183 ξονταί
240 1124 282 1175 σε
307 1100 457 1190 μείζονες
482 1099 605 1192 άγιῦνες
624 1110 685 1193 τῆς
704 1103 792 1192 πρὸς
812 1101 913 1174 αὐτὸν
933 1101 1054 1195 πάλης.
1094 1099 1212 1188 ’ἐσχύει
1232 1102 1270 1172 δέ
1291 1095 1378 1172 κατά

91 1209 154 1276 σοῦ
184 1198 358 1290 οὐδαμῶς,
385 1205 621 1296 πεφραγμένον
646 1229 685 1278 σε
709 1203 870 1294 εὸρίσκων
890 1211 930 1296 τῇ
950 1229 987 1276 τε
1007 1205 1095 1294 πρὸς
1115 1204 1174 1274 τὸν
1192 1198 1380 1294 δδηγοῦντά

91 1327 130 1376 σε
156 1311 311 1398 κραταιή
335 1301 450 1375 πίστει
474 1307 533 1377 καί
554 1303 668 1398 ὐγάπη
689 1307 747 1378 καί
765 1312 806 1398 τῆ
827 1305 914 1396 πρὸς
933 1313 1048 1378 πᾶσαν
1068 1302 1221 1398 ὸπακοῆν
1240 1305 1297 1374 καὶ
1317 1327 1379 1373 τα·-

92 1403 264 1477 πείνωσιν
288 1403 459 1498 mmm*
500 1408 571 1478 Διὸ
597 1415 696 1478 τοῦτο
724 1405 861 1480 άπίστιο
889 1405 960 1478 ὐπὸ
986 1413 1049 1480 σοῦ
1070 1405 1218 1500 άνηκσΐα,
1244 1402 1381 1482 ὐντιλο,

93 1504 160 1595 ria,
190 1504 421 1600 ῧπωυφονίαι
449 1505 540 1596 ίοιτι,
557 1509 664 1598 ζῆλοι,
687 1507 829 1600 φθόνοι,
857 1509 978 1597 θυμὸς,
1005 1509 1141 1600 κραυγὴ,
1166 1504 1376 1600 βλασφημία

93 1609 337 1698 λαθρσφαγία,
364 1609 551 1704 παρρησία,
576 1611 693 1700 μερική
722 1607 839 1700 φιλία,
865 1608 1044 1699 περπερία,
1073 1607 1272 1702 φιλονεικία,
1299 1633 1379 1700 γεγ-

93 1709 235 1798 γυσμὸς,
258 1711 481 1802 ψιθυρισμὸς,
502 1709 675 1804 ἐπίκτησις
697 1708 872 1795 λδισίζουσα
893 1708 1027 1801 οἰκτροῦ
1047 1709 1244 1800 πράγματος
1262 1711 1320 1782 καί
1333 1709 1379 1780 τὸ

94 1805 183 1884 ὐλλα
211 1810 330 1884 πάντα
355 1820 415 1904 τῆς
439 1811 556 1896 κακίας
583 1809 666 1904 σίδη,
695 1809 742 1883 δι’
766 1806 789 1882 ὸ
815 1809 948 1902 ἔρχεται
971 1810 992 1903 ῆ
1021 1807 1101 1902 ὀργῆ
1121 1818 1184 1885 τοῦ
1206 1817 1295 1884 Θεοῦ
1316 1810 1378 1882 ἐπὸ

93 1916 174 1996 τοὺς
201 1913 250 1984 τὸ
276 1922 418 1988 τοιαῦτα
443 1915 657 2003 πράσσοντας
687 1915 745 1986 καί
771 1913 882 2005 ριζοῦν
909 1908 1047 2003 άρχεται
1072 1913 1108 1984 ἐν
1135 1910 1289 1996 αὐτοῖςὸ
1310 1918 1378 1987 τῶν

94 2022 217 2106 ψυχῶν
240 2015 402 2105 φθορεύς.
422 2019 569 2088 Μάλλοί
587 2018 626 2086 δέ
647 2013 716 2088 ἄντ’
732 2012 851 2100 αὐτῶν,
872 2022 993 2108 κτῆσαι
1008 2013 1241 2106 τάπρέποντα
1255 2011 1375 2102 άγίοις,
1399 2087 1402 2098 ,

95 2114 341 2208 φιλαδελφίαν,
362 2115 510 2208 ήσυχίαν,
531 2116 724 2200 ἐπιείκειαν,
745 2115 932 2208 εὐλάβειαν,
952 2115 1092 2208 μελετῆν
1112 2123 1179 2188 τῶν
1197 2113 1304 2187 θείων
1317 2117 1378 2186 λο-

95 2217 188 2304 γίων,
219 2213 415 2308 άνάγνωσιυ,
442 2217 579 2311 τήρησιν
604 2217 744 2309 καρδίας
770 2219 806 2290 ἐκ
831 2225 990 2311 ῥυπαρῶν
1015 2220 1194 2308 λογισμῶν,
1221 2216 1377 2308 ἐργασίαν

95 2317 155 2410 τήν
176 2319 266 2390 κατὰ
288 2318 437 2408 δύναμιν,
459 2317 661 2412 ἐγκράτειαν,
682 2317 856 2410 ὸπομυνῆν
876 2320 974 2408 μίχρι
994 2317 1157 2404 θανάτου,
1181 2316 1235 2411 ἐφ’
1258 2311 1286 2410 ᾧ
1306 2344 1379 2389 πα·

96 2421 150 2508 τρὸ
172 2421 237 2502 τὰς
257 2420 427 2511 συνθήκας
446 2444 508 2492 σου
531 2421 658 2504 ἔδωκας
678 2428 813 2511 πρῶτον
829 2422 889 2494 καί
901 2423 1091 2496 τελευταῖον
1105 2420 1298 2511 ἐξαγγίλιαυ
1310 2427 1378 2491 τῶν

5 2583 6 2588 ,
96 2529 157 2611 τῆς
178 2520 320 2611 καρδίας
341 2545 402 2596 σου
423 2530 587 2614 κρυπτῶν,
608 2523 725 2606 καθὼς
746 2521 781 2594 αί
804 2528 903 2594 θεῖαι
922 2520 1099 2614 ῦποθῆκαι
1114 2521 1378 2613 διαγορεύουσιν.

95 2619 337 2711 Ἕβαπτίζοντο
359 2623 432 2715 γάρ,
455 2649 567 2718 φησιν,
590 2623 889 2714 ἐξομολογούμενοι
908 2625 969 2707 τὸς
989 2621 1155 2716 ἁμαρτίας
1172 2621 1294 2696 αὐτῶν.

180 2719 372 2817 Ἐρώτησις.
416 2735 532 2798 Ταῦτα
559 2725 671 2800 πάντα
699 2725 787 2798 οὐτω
815 2729 1071 2816 καθομολογεῖς,
1099 2723 1154 2797 ἐτι)
1176 2725 1294 2797 ἐλπίδι
1318 2730 1377 2818 τῆς

77 2824 275 2912 ,δυνάμεως
299 2834 362 2898 τοῦ
384 2833 473 2898 Θεοῦ
478 2857 490 2911 ,·
515 2829 573 2898 καί
599 2826 635 2899 ἐν
661 2825 801 2909 ταύταις
827 2833 903 2908 ταῖς
927 2825 1129 2913 ὑποσχέσεσι
1150 2829 1378 2918 διακαρτερεῖν

95 2924 266 3017 συντάσση
287 2927 385 3016 μέχρι
404 2928 521 3009 τέλους
542 2929 637 3020 ζωῆς,
656 2927 770 3017 χάριτι
789 2934 941 3017 Χριστοῦ
946 2958 959 3014 3

182 3023 390 3117 Ἀπόκρισις.
431 3029 514 3109 Ναί,
534 3035 596 3098 τοῦ
618 3033 707 3100 Θεοῦ
728 3034 970 3116 συνεργοῦντος,
994 3026 1085 3117 τίμια
1105 3025 1225 3118 πάτερ.

378 3123 464 3200 Elea
484 3129 575 3217 λέγει
595 3128 614 3199 ὸ
637 3128 744 3219 ὸερεὸς
763 3129 822 3219 τὴν
844 3126 941 3214 εὐχὴν
961 3128 1094 3219 ταύτην.

183 3225 224 3300 ‘0
244 3231 491 3321 πανοικτίρμιυν
512 3225 570 3302 οὐν
585 3233 673 3314 Θεὸς
691 3231 750 3302 καί
769 3233 962 3314 πολυέλεος,
983 3228 1004 3302 δ
1025 3230 1069 3302 τὸ
1089 3221 1235 3318 άχραιτα
1247 3226 1377 3318 σπλάγ-

95 3357 159 3416 χνα
180 3338 244 3422 τῆς
262 3329 366 3402 αὐτοῦ
386 3327 632 3417 άνεξιχνιάστου
653 3329 866 3425 άγαθιίτηιος
886 3329 1076 3422 ὸπανοίγων
1092 3330 1197 3402 παντί
1209 3338 1258 3422 τηῦ
1271 3354 1377 3420 προς-

100 3435 269 3525 ερχομένψ
290 3431 390 3525 αὐτῆ,
418 3432 524 3526 πίθῳ
544 3435 601 3505 καί
623 3431 737 3528 ἀγάπη
758 3441 888 3528 θερμῇ·
916 3431 936 3506 ὸ
957 3431 1074 3516 εὐπιὸν,
1101 3429 1156 3503 ὅτι
1177 3429 1378 3528 ἐπιλήσεται

100 3536 179 3626 γυνή
202 3535 245 3606 τὸ
267 3532 384 3624 ἔκγονα
405 3533 517 3628 αὐτῆς,
539 3531 560 3626 ἢ
583 3536 647 3626 ἐγο)
673 3533 881 3627 ἐπιλήσομαί
901 3561 973 3608 σου.
1012 3532 1051 3604 Ὁ
1072 3533 1131 3604 καί
1150 3534 1209 3605 τὸν
1229 3534 1289 3606 σὸν
1308 3531 1377 3606 πί-

101 3635 168 3708 θον
196 3633 295 3718 εἰδὼς
319 3637 377 3706 καί
401 3643 442 3727 τῆ
463 3637 630 3727 προθέσει
650 3661 713 3708 σου
734 3637 907 3724 ἐπιβαλιὸν
926 3637 986 3730 τήν
1006 3633 1087 3724 παρ’
1111 3631 1213 3708 αὐτοῦ
1236 3633 1376 3724 δύναμιν

101 3737 189 3826 πρὸς
209 3736 418 3829 ἐκπλήρωσιν
436 3745 503 3808 τῶν
524 3735 627 3810 αὐτοῦ
647 3737 798 3821 ἐντολῶν,
819 3737 1019 3826 ἐπιλάβοιτο
1039 3737 1097 3808 καί
1113 3735 1377 3826 ἐπαγκσλίσαιτο

101 3839 158 3909 καί
178 3836 384 3929 ὸπερασπιεῖ
402 3840 462 3910 καί
479 3838 609 3929 γένοιτὸ
630 3865 687 3912 σοι
707 3846 816 3926 τεῖχος
827 3838 946 3928 ὀχυρὸν
959 3837 1030 3913 άπὸ
1044 3839 1227 3929 προςῶπου
1241 3839 1378 3928 ἐχθροῦ,

103 3937 213 4028 πέτρα
232 3932 414 4032 ὐπομονῆς,
435 3940 676 4032 παρακλήσεως
695 3938 846 4036 άφορμή,
866 3939 1017 4023 εὐτονίας
1036 3941 1185 4033 χορηγὸς,
1214 3937 1377 4033 εὐψυχίας

103 4041 281 4128 πορισμὸς,
303 4041 441 4132 ἀνδρίας
453 4043 706 4134 συναγωνιστὴς,
727 4041 1032 4133 συγκοπαζίμενος,
1052 4041 1233 4133 γλυκαίνων
1248 4041 1307 4114 καὶ
1320 4037 1378 4112 εὐ·

7 4197 8 4204 ,
105 4139 254 4230 φραίνων
280 4167 343 4216 σου
368 4143 429 4234 τήν
453 4142 593 4236 καρδίαν
613 4151 654 4236 τῆ
674 4143 884 4236 παρακλήσει
903 4150 964 4217 τοῦ
984 4141 1080 4235 ἁγίου
1103 4141 1205 4214 αὐτοῦ
1225 4139 1378 4230 πνεῦμα-

104 4266 171 4326 τος,
204 4240 307 4328 άξιῶν
325 4268 366 4316 σε
384 4245 442 4316 καί
462 4253 523 4338 τῆς
540 4244 678 4334 μερίδος
697 4251 763 4318 τῶν
784 4245 887 4337 ἁγίων
906 4247 963 4318 καὶ
984 4245 1086 4320 δαίων
1107 4243 1263 4333 πατέρων
1282 4240 1377 4335 ήμῶν

7 4405 9 4420 ,
102 4333 289 4430 Ἀντωνίου,
309 4343 497 4436 Βύθυμίου,
517 4347 637 4434 Σάββα
656 4347 715 4418 καί
734 4355 800 4418 τῶν
821 4350 881 4420 σὸν
901 4346 1025 4432 αὐτοῖς,
1052 4343 1132 4434 μεθ’
1154 4337 1201 4415 ὧν
1221 4345 1279 4416 καί
1297 4347 1377 4438 κλη-

106 4443 299 4535 ρονομήσας
318 4449 378 4539 τήν
396 4447 571 4536 βασιλείαν
591 4456 657 4518 τῶν
679 4447 836 4539 οὐρανῶν,
859 4449 895 4522 ὐν
914 4455 1053 4540 Χριστῷ
1071 4444 1178 4540 Ἰησοῦ
1197 4451 1246 4538 τῷ
1259 4445 1376 4538 Κυρίῳ

105 4539 206 4633 ήμῶν,
236 4537 265 4638 ιβ
287 4543 308 4639 ἡ
331 4547 414 4631 δόξα
439 4552 497 4621 καί
522 4551 562 4621 τὸ
588 4548 709 4640 κράτος
728 4548 827 4642 καὸῆ
847 4549 1005 4639 βασιλεία
1025 4546 1123 4640 καὸῆ
1146 4545 1295 4638 δίναμις,
1316 4549 1376 4620 σὸν

8 4703 9 4708 ,
104 4650 151 4735 τῷ
172 4648 279 4738 πατρί
297 4648 356 4720 καί
375 4657 423 4742 τῷ
444 4649 528 4743 άγίφ
548 4649 724 4740 πνεύματι.
