3388 5304
914 417 989 512 ὀεε

401 617 496 706 Πρὸς
518 619 773 699 Θεσσαλονικεῖς
794 615 976 708 ἐπιπολῆς
994 616 1137 688 Παύλου
1163 619 1202 688 τό
1226 615 1426 710 ἀνάγνωσμα
1455 627 1589 692 l‘l'hess.

316 743 345 790 c.
368 729 399 804 5,
424 725 589 802 14-24.¹)

393 820 619 920 Ἀλληλούϊα.
664 819 888 898 Ἐπακούσαι
916 848 957 897 σε
981 821 1107 921 κύριος
1133 827 1174 900 ἐν
1198 825 1327 923 ἡμέρᾳ.

401 953 604 1045 Εὐαγγέλιον
626 955 661 1024 ἐκ
681 963 742 1025 τοῦ
763 955 848 1025 κατὰ
868 962 1057 1026 Ματθαῖον
1079 979 1104 1024 ο.
1119 965 1151 1040 9,
1166 965 1283 1028 9-14.

393 1063 563 1158 Ἐλέησον
588 1059 686 1156 ἡμᾶς
712 1059 731 1136 ὃ
762 1059 849 1144 θεὸς
872 1060 969 1136 κατὰ
994 1059 1037 1136 τὸ
1061 1059 1158 1164 μέγα
1184 1057 1281 1148 ἐλεός
1306 1087 1386 1139 σου.

391 1163 469 1239 ”Eu
486 1159 654 1255 δεόμεθα
671 1160 765 1258 ὑπὲρ
782 1161 915 1250 ἐλέους,
937 1161 1043 1257 ζωῆς,
1064 1160 1220 1261 εἰρήνης,
1239 1162 1377 1267 ὑγείας,
1395 1163 1592 1264 σωτηρίας.

397 1263 501 1362 Ὑπέρ
527 1271 596 1340 τοῦ
623 1265 916 1363 συγχωρηθῆναι
943 1264 1047 1361 αὐτῷ
1071 1269 1150 1339 πάν
1174 1266 1432 1362 πλημμέλημα.

866 1393 1049 1486 Ἐκφώνως.
1135 1469 1137 1476 ⁴

346 1527 351 1544 ¹
393 1503 477 1581 Ὅτι
503 1497 666 1596 ἐλεήμων
691 1498 755 1574 καί
779 1496 1050 1598 φιλάνθρωπος
1079 1500 1166 1585 Θεὸς
1191 1499 1377 1602 ὑπάρχεις.

847 1628 886 1700 ‘0
908 1630 1071 1715 διάκονος.

407 1743 483 1814 Τοῦ
507 1735 652 1834 Κυρίου
676 1735 887 1832 δεηθώμεν.

666 1868 738 1936 Καί
758 1863 777 1937 ό
798 1863 910 1956 τρίτος
931 1865 1038 1956 ίερεύς
1057 1868 1117 1958 τήν
1141 1862 1246 1958 εύχήν.

400 1973 571 2048 Δέσποτα
597 1967 725 2065 Κύριε,
759 1970 779 2046 ὃ
809 1970 897 2055 Θεὸς
920 1969 1041 2069 ἡμῶν,
1075 1971 1177 2068 ἰατρέ
1210 1979 1347 2070 ψυχῶν
1372 1971 1438 2046 καί
1466 1967 1594 2062 σωμά-

317 2103 409 2166 των,
436 2074 456 2150 ὅ
481 2073 529 2148 τὰ
550 2071 687 2171 χρόνια
713 2069 820 2170 πάθη
846 2071 1094 2170 θεραπεύσας,
1123 2070 1317 2167 ὁίώμενος
1332 2082 1464 2150 πᾶσαν
1481 2071 1595 2149 νόσον

319 2206 383 2254 και
415 2185 542 2252 πᾶσαν
574 2174 764 2273 μαλακίαν
797 2177 917 2273 ἐντῷ
943 2182 1035 2272 λαῷ,
1071 2174 1090 2250 ὃ
1116 2173 1242 2251 θέλων
1266 2171 1411 2260 πάντας
1437 2171 1593 2270 ἀνθρώ-

319 2308 412 2363 πους
437 2281 611 2374 σωθῆναι
635 2276 699 2351 καί
725 2282 775 2360 εἰς
800 2274 1000 2380 ἐπίγνωσιν
1025 2275 1203 2374 άληθειας
1224 2279 1361 2365 ελθειν,
1389 2307 1409 2350 ο
1429 2306 1485 2373 μη
1500 2278 1594 2374 βου-

320 2377 474 2477 λόμενος
505 2378 573 2454 τὸν
598 2375 773 2454 θάνατον
798 2387 867 2454 τοῦ
893 2377 1119 2477 άμαρτωλοῦ
1146 2377 1196 2462 ώς
1219 2377 1262 2452 τὸ
1288 2377 1508 2474 ἐπιστρέψαι
1533 2378 1596 2452 καὶ

321 2483 389 2579 ζῆν
415 2479 542 2557 αὐτόν.
569 2480 633 2554 Σὺ
658 2479 745 2581 γάρ,
771 2477 898 2578 Κύριε,
924 2483 965 2558 ἐν
991 2487 1037 2578 τῇ
1062 2483 1202 2578 παλαιᾷ
1228 2474 1392 2577 διαθήκῃ
1415 2481 1514 2554 ἐθου
1530 2509 1594 2576 με·

319 2581 476 2660 τάνοιαν
499 2585 578 2664 τοῖς
603 2580 835 2678 ἁμαρτωλοῖς
859 2581 989 2677 Δαβίδ
1012 2581 1076 2657 καί
1091 2581 1301 2665 Νινευίταις
1324 2583 1389 2656 καὶ
1409 2587 1489 2666 τοῖς
1507 2583 1594 2674 πρίν

320 2685 486 2767 καὶτοῖς
510 2681 604 2779 μετὰ
629 2680 794 2768 τούτους.
815 2683 925 2756 Ἀλλὰ
949 2682 1012 2758 καί
1038 2687 1079 2757 ἐν
1104 2691 1148 2779 τῇ
1175 2682 1351 2780 ἐπιδημίᾳ
1377 2691 1444 2780 τῆς
1461 2682 1594 2776 ἐνσάρ-

319 2815 389 2864 κου
415 2810 483 2860 σου
510 2781 723 2880 οἰκονομίας
749 2784 817 2859 οὐκ
843 2783 1015 2868 ἐκάλεσας
1032 2783 1210 2874 δικαίους,
1238 2785 1331 2859 ἀλλὰ
1348 2783 1595 2882 ἁμαρτωλοὺς

321 2893 371 2973 εἰς
396 2883 612 2983 μετάνοιαν,
639 2885 690 2970 ώς
714 2885 781 2960 τὸν
807 2883 982 2985 τελώνην,
1010 2886 1060 2970 ώς
1085 2886 1153 2982 τὴν
1178 2883 1334 2985 πόρνην,
1361 2885 1429 2961 τὸν
1456 2887 1593 2983 λῃστὴν

312 2987 383 3064 ’καί
407 2986 636 3086 βλάσφημον
662 2984 835 3085 διώκτην,
861 2987 928 3063 τὸν
953 2987 1074 3090 μέγαν
1101 2993 1270 3078 Παῦλον,
1304 2986 1368 3063 διὰ
1394 2989 1594 3082 μετανοίας

320 3087 632 3188 προςδεξάμενος,
667 3089 815 3186 Πέτρον
847 3088 915 3164 τὸν
946 3095 1155 3189 κορυφαῖον
1187 3089 1255 3165 τὸν
1288 3089 1351 3164 καί
1384 3087 1593 3165 ἁπόστολόν

322 3217 391 3268 σου
423 3187 686 3288 άρνησάμενόν
720 3215 759 3264 σε
791 3193 931 3288 τρίτον,
967 3189 1032 3265 διὰ
1065 3191 1263 3278 μετανοίας
1294 3190 1500 3285 προςεδέξω
1531 3191 1594 3265 καί

320 3291 550 3392 προςελάβου
582 3291 645 3368 καὶ
677 3293 876 3394 ἐπηγγείλω
911 3291 1014 3391 αὐτῷ
1048 3293 1181 3394 λέγων·
1216 3292 1265 3367 σὺ
1295 3291 1327 3366 εἰ
1355 3293 1501 3390 Πέτρος
1529 3293 1594 3366 καὶ

321 3395 380 3470 ἐπὶ
404 3392 521 3490 ταύτῃ
546 3402 592 3492 τῇ
618 3393 732 3492 πέτρᾳ
763 3391 995 3490 οἰκοδομήσω
1020 3423 1095 3489 μου
1120 3393 1189 3491 τὴν
1214 3395 1409 3492 ἐκκλησίαν
1434 3397 1498 3469 καί
1520 3391 1593 3468 πύ-

321 3505 382 3576 λαι
408 3496 504 3596 ᾅδου
531 3496 576 3572 οὐ
600 3491 890 3591 κατισχύσουσιν
916 3498 1039 3592 αὐτῆς.
1084 3495 1158 3570 Καὶ
1183 3493 1295 3571 δώσω
1321 3521 1381 3571 σοι
1405 3495 1476 3582 τὰς
1499 3501 1596 3580 κλεῖς

320 3606 385 3695 τῆς
416 3598 606 3696 βασιλείας
637 3605 716 3673 τῶν
742 3597 928 3695 οὐρανῶν.
980 3594 1117 3695 Διόπερ
1142 3597 1205 3672 καὶ
1229 3597 1345 3696 ἡμεῖς,
1378 3596 1506 3702 ἀγαθὲ
1530 3599 1595 3672 καὶ

322 3697 583 3800 φιλάνθρωπε,
608 3699 703 3773 κατὰ
729 3698 795 3783 τὰς
820 3697 995 3797 ἀψευδεῖς
1020 3725 1089 3773 σου
1115 3699 1330 3802 ἐπαγγελίας
1351 3704 1595 3798 θαρροῦντες,

322 3795 489 3900 δεόμεθά
523 3826 605 3890 σου,
638 3801 702 3875 καὶ
733 3798 943 3896 ἱκετεύομεν
975 3807 1016 3875 ἐν
1042 3810 1086 3898 τῇ
1113 3800 1193 3901 άίρηι
1219 3800 1348 3898 ταύτῃ,
1382 3800 1595 3878 ἐπάκουσον

321 3909 385 3999 τῆς
418 3901 575 4000 δεήσεως
601 3901 711 4000 ἡμῶν
743 3901 807 3977 καὶ
838 3899 1031 4002 πρόςδεξαι
1057 3901 1175 3986 αὐτὴν
1201 3901 1251 3987 ὥς
1275 3905 1458 4000 θυμίαμα
1483 3932 1596 4001 προς-

323 4001 532 4105 φερόμενόν
558 4028 628 4080 σοι.
679 4004 754 4079 Καὶ
779 4002 972 4102 ἐπίσκεψαι
998 4007 1066 4080 τὸν
1092 4002 1229 4080 δοῦλόν
1256 4030 1337 4094 σου,
1371 4003 1498 4096 τόνδε,
1530 4005 1596 4079 καλ

323 4111 357 4182 εί
380 4137 415 4182 τι
442 4105 714 4202 ἐπλημμέλησεν
739 4111 780 4182 ἐν
805 4101 904 4208 λόγῳ
928 4105 952 4203 ἢ
978 4107 1087 4208 ἔργῳ,
1119 4105 1143 4202 ἢ
1167 4107 1263 4182 κατὰ
1289 4104 1478 4195 διάνοιαν,
1504 4105 1528 4204 ἢ
1553 4109 1597 4180 ἐν

321 4208 430 4286 νυκτὶ
455 4207 478 4305 ἢ
504 4211 546 4283 ἐν
569 4205 700 4305 ἡμέρη,
725 4206 749 4304 ἢ
773 4205 845 4284 ὑπὸ
871 4205 1017 4304 κατάρᾳ
1041 4207 1176 4305 ἱερέως,
1209 4205 1232 4306 ἢ
1257 4215 1310 4306 τῷ
1337 4207 1424 4306 ἰδίῳ
1451 4207 1596 4284 ἀναθέ-

322 4339 414 4409 ματι
439 4308 629 4398 ὑπέπεσεν,
653 4308 677 4405 ἢ
704 4307 803 4406 ὅρκῳ
827 4309 1076 4406 παρεπίκρανε
1097 4311 1161 4383 καί
1186 4308 1446 4406 ώρκομότησε,
1471 4338 1594 4402 παρα-

322 4413 508 4507 καλοῦμέν
533 4435 573 4487 σε
597 4409 661 4486 καί
685 4407 853 4506 δεόμεθά
870 4436 952 4501 σου,
979 4413 1076 4500 ἄνες,
1103 4412 1208 4510 άψες,
1226 4408 1473 4514 συγχώρησον
1490 4410 1596 4508 αὐτῷ

410 4618 434 4678 1)
451 4616 558 4668 Ecclesia
569 4617 674 4668 Romana
688 4616 793 4682 ηοίοηοε
807 4617 871 4668 iubet
887 4615 933 4680 Ιιςί
948 4615 1073 4681 ΕιιοςεΙίε
1091 4617 1116 4668 in
1126 4617 1263 4670 Visimione
1272 4617 1363 4670 Infirmi
1372 4618 1454 4668 Ιίιιιλ.
1465 4617 1489 4675 Β.
1500 4615 1597 4668 5-13.

321 4703 396 4756 Hm.
406 4701 448 4766 10,
458 4699 565 4780 14-105
583 4694 793 4764 Lame-4⁰.
809 4701 893 4754 ἰοεοιι.
904 4703 928 4765 5,
939 4700 1029 4754 1-14.
1049 4703 1083 4754 Ιο.
1095 4703 1219 4766 1,1-14.
1237 4701 1297 4754 flod.
1315 4703 1360 4754 ut.
1372 4703 1390 4754 Ι.
1408 4699 1502 4769 pm
