3360 5304
675 411 745 484 193
785 443 786 446 ¹

148 600 235 672 Alio.
271 598 474 671 Benedictus
501 597 546 670 sit
571 596 679 670 honor
706 607 782 670 tuus
809 595 1008 689 adorandus,
1037 620 1076 668 en
1101 595 1174 668 loco
1202 608 1258 670 tuo
1278 598 1347 694 glo·

78 705 162 776 rioso
200 702 344 792 Christo,
383 697 591 797 propitiator
613 699 808 773 delictorum
835 709 1036 800 nostrorum,
1070 709 1347 798 peccatorumque

79 815 265 878 nostrorum
300 803 422 898 quique
456 800 566 874 aufers
600 802 809 898 insipientias
844 811 976 872 nostras
1009 823 1069 897 per
1103 803 1258 896 mysteria
1291 816 1347 876 tua

80 907 253 1004 praeclara,
281 917 406 997 sancta,
433 903 558 975 vivifiea
587 914 621 974 et
646 903 772 976 divina:
801 902 953 974 Christus
980 925 1056 1000 spos
1084 913 1232 998 naturae,
1261 929 1346 977 sem·

81 1034 133 1106 per
158 1019 193 1081 et
217 1009 251 1079 io
280 1006 423 1078 saecula.
474 1005 590 1077 Amen.

380 1240 584 1336 obsignatio,
612 1265 671 1315 seu
698 1240 816 1312 ultime
842 1239 1045 1312 Benedictio.

149 1411 232 1484 xxt.
260 1410 423 1484 Dominus
450 1420 564 1482 noster
581 1407 674 1482 lesus
693 1409 844 1481 Christus
871 1410 922 1481 cui
950 1409 1219 1503 ministravimus,
1247 1435 1346 1508 quem

84 1515 241 1586 sensimus
276 1527 311 1584 et
344 1511 578 1584 honoravimus
613 1513 646 1583 in
682 1512 848 1607 mysteriis
883 1511 952 1582 suis
985 1512 1175 1609 praeclaris,
1210 1513 1346 1606 sanctis,

83 1614 315 1688 vivificantibus
343 1629 377 1686 ct
403 1614 534 1705 divinis,
563 1612 682 1709 dignos
709 1615 780 1710 ipse
807 1635 869 1684 nos
896 1613 1019 1685 efficiat
1044 1614 1148 1710 gioria
1175 1609 1348 1712 splendide

84 1717 168 1813 regni
203 1717 269 1810 sui,
304 1727 338 1789 et
370 1716 493 1789 taetitia
521 1738 596 1788 cum
622 1714 758 1810 Angelis
785 1715 855 1787 suis
882 1715 1017 1806 sanctis,
1052 1716 1150 1789 etad
1178 1717 1347 1789 confiden-

85 1822 153 1892 tiam
179 1843 291 1892 coram
320 1842 372 1909 eo,
399 1828 435 1890 ut
461 1827 586 1890 stemus
614 1817 652 1889 ad
682 1818 754 1890 eius
782 1816 959 1888 dexteram.
1012 1817 1056 1888 Et
1080 1841 1180 1914 super
1207 1843 1345 1914 congre·

85 1924 240 2016 gationem
281 1929 429 1992 nostram
464 1919 651 1991 universam
684 1919 916 1991 miserationes
951 1928 984 1989 et
1010 1920 1239 1993 misericordia
1274 1921 1346 1992 eius

85 2033 232 2120 perpetuo
262 2022 485 2114 effundantur,
512 2043 602 2092 nunc
628 2031 661 2092 et
687 2045 829 2117 semper,
857 2019 891 2091 in
918 2021 1058 2094 saecula.

439 2256 564 2331 Diebus
591 2255 774 2329 Dominicis
802 2266 833 2328 et
859 2257 981 2330 Fectio.

150 2428 223 2525 ipse
258 2427 316 2526 qui
350 2424 521 2499 benedixit
553 2449 615 2498 nos
643 2423 797 2497 omnibus
824 2425 1112 2498 benedictionibus
1141 2427 1285 2524 Spiritus
1312 2432 1345 2500 in

89 2530 188 2623 coelis,
223 2553 284 2628 per
317 2528 426 2601 lesum
460 2528 628 2600 Christum
660 2526 838 2598 Dominum
876 2538 1039 2620 nostrum,
1077 2540 1110 2600 et
1142 2531 1349 2627 praeparavit

89 2656 137 2704 nos
162 2633 203 2704 ad
229 2653 371 2727 regnum
399 2655 507 2722 suum,
533 2629 725 2726 vocavitque
752 2653 813 2700 nos
831 2629 870 2700 ad
888 2630 975 2702 hona
993 2622 1236 2724 desiderabilia,
1265 2657 1348 2730 quae

89 2759 138 2806 nec
161 2735 332 2824 desinunt,
360 2756 422 2804 nec
447 2741 600 2829 pereunt,
634 2731 722 2803 sicut
746 2729 911 2826 pollicitus
938 2741 989 2804 est
1015 2732 1111 2804 nobis
1138 2733 1172 2804 in
1199 2734 1348 2830 Evange-

88 2836 123 2907 lio
152 2861 212 2908 suo
247 2835 443 2926 vivificante,
481 2833 628 2930 dixitque
663 2833 913 2928 congregationi
939 2832 1134 2906 benedictae
1161 2834 1348 2933 Discipulo·

90 2962 147 3010 nuo
180 2961 338 3010 suorum:
374 2936 493 3028 Amen,
527 2959 622 3008 amen
653 2934 726 3007 dieo
755 2934 858 3027 vobis,
886 2937 963 3032 quia
990 2935 1098 3008 omnis
1126 2937 1181 3032 qui
1209 2939 1349 3010 mandu-

92 3050 131 3110 cat
161 3063 283 3136 eorpus
318 3061 441 3130 meum,
477 3047 511 3110 et
542 3037 627 3109 bibit
652 3036 849 3131 sanguinem
877 3061 988 3110 meum
1015 3038 1130 3111 inme
1157 3049 1281 3132 manet,
1316 3049 1349 3112 et

91 3163 139 3234 ego
170 3143 205 3214 in
233 3166 287 3233 eo,
323 3151 356 3212 et
383 3163 444 3234 ego
471 3139 676 3220 resuscitabo
705 3162 781 3210 eum
808 3139 842 3211 in
869 3140 1048 3211 novissimo
1078 3139 1143 3232 die,
1179 3151 1208 3212 et
1237 3142 1272 3212 in
1299 3141 1348 3212 iu·

92 3243 198 3317 dicium
232 3267 299 3315 non
327 3242 427 3334 venit,
461 3241 520 3314 sed
547 3241 689 3314 transire
716 3240 809 3311 illum
835 3240 953 3312 faciam
981 3241 1021 3313 de
1048 3252 1155 3312 morte
1182 3241 1348 3313 advitam

92 3357 261 3418 aeternam:
289 3345 361 3440 ipsc
388 3366 476 3415 nunc
503 3342 678 3415 benedicat
705 3342 953 3436 congregationi
982 3352 1127 3434 nostrae,
1155 3353 1189 3414 et
1215 3365 1348 3415 conser-

92 3457 132 3517 net
161 3459 282 3520 statum
317 3456 480 3537 nostrum,
511 3455 544 3516 et
577 3445 759 3540 gloriosum
785 3443 884 3515 iaciat
909 3444 1067 3540 populum
1095 3456 1257 3537 nostrum,
1293 3446 1348 3541 qui

93 3549 165 3621 renit
190 3561 223 3622 et
249 3549 389 3620 laetatus
417 3557 468 3620 est
493 3547 527 3619 in
555 3548 767 3643 susceptione
794 3547 1027 3642 mysteriorum
1054 3546 1138 3640 eius,
1166 3547 1350 3642 praeclaro·

93 3673 162 3743 rum,
188 3661 393 3742 sanctorum,
420 3648 652 3722 vivificantium
680 3657 713 3720 et
738 3648 935 3741 divinorum,
963 3649 1100 3745 vivoque
1128 3649 1223 3743 signo
1242 3650 1350 3722 crucis

95 3751 261 3826 dominicae
289 3752 362 3825 sitis
390 3750 555 3846 obsignati
583 3762 617 3822 et
642 3751 810 3844 custoditi,
849 3750 890 3822 ab
918 3750 1071 3823 omnibus
1098 3750 1271 3824 fraudibus
1298 3776 1350 3824 se·

94 3855 188 3948 cretis,
214 3866 248 3928 et
274 3854 398 3952 apertis
426 3877 514 3925 nunc
541 3864 574 3924 et
596 3876 739 3948 semper.
