3314 5304
313 607 516 708 σιαστηρίῳ
541 607 606 684 καί
630 612 846 708 προςπεσεῒν
870 611 948 692 τοῖς
972 610 1206 736 ολκτιρμοῖς
1200 628 1271 681 σου
1295 602 1391 734 ὑπερ
1409 606 1570 704 τιῦνὴμε-

312 713 432 812 τίρων
457 709 753 841 ἁμαρτημάτων,
779 709 946 784 καὶτῶν
971 717 1040 784 τοῦ
1066 707 1206 784 6666'
1185 737 1209 782 6
1260 704 1453 806 σημάτων·
1478 706 1570 804 πρός-

313 812 470 900 δεξαι
451 843 472 888 ο
501 812 589 896 Θεὸς
622 813 693 910 τὴν
728 809 911 908 δέησιν
890 819 1016 908 ημῶν
1053 811 1179 888 καίπ
1214 833 1309 908 ησον
1341 807 1441 908 ἡμᾶς
1463 809 1601 896 ἀξίους

313 916 493 1044 γενέσθαι
525 922 594 990 τοῦ
627 913 847 1042 προςφὲρειν
879 938 939 987 σοι
964 910 1116 1010 δεήσεις,
1151 911 1215 986 καὶ
1239 909 1391 1000 ἱκεσίας,
1426 940 1487 987 και
1474 911 1572 986 336
1651 965 1652 1016 }

315 1017 397 1102 σίας
423 1013 678 1112 ἀναιμάκτους
700 1013 795 1113 ὑπὲρ
821 1014 962 1099 παντὸς
986 1023 1054 1090 τοῦ
1080 1021 1173 1090 λαοῦ
1199 1039 1282 1104 666,
1314 1012 1378 1088 καὶ
1401 1011 1572 1090 ίκάνιοσον
1651 1021 1652 1056 3

313 1119 424 1215 6663,
452 1119 516 1202 063
540 1119 635 1194 εθου
661 1123 711 1202 εἰς
736 1117 807 1213 τὴν
831 1115 1028 1193 διακονίαν
1054 1139 1123 1191 σου
1148 1113 1302 1214 ταύτην,
1333 1119 1376 1192 ἐν
1400 1123 1445 1212 τῇ
1471 1112 1573 1192 δυνά·
1651 1151 1652 1156 “

314 1250 376 1318 μει
400 1250 469 1296 του
450 1215 696 1316 πνεύματός
714 1243 784 1294 σου
800 1226 869 1294 τοῦ
887 1217 1010 1321 ἁγίου,
1028 1215 1352 1346 ἀκαταγνιόστως
1363 1216 1429 1292 καὶ
1457 1217 1574 1316 ἀπρος-

314 1321 471 1412 κόπτως,
508 1325 549 1398 ἐν
584 1323 747 1418 καθαρῷ
781 1327 836 1418 τῷ
871 1318 1069 1419 μαρτυρίῳ
1104 1327 1185 1448 τῆς
1202 1315 1490 1416 συνειδήσεως
1469 1327 1574 1416 ημῶν,
1651 1349 1652 1380 ι

315 1421 573 1500 ἐπικαλεῖσθαί
604 1446 645 1498 σε
678 1425 719 1497 ἐν
751 1422 864 1497 παντὶ
895 1429 1026 1550 καιρῷ
1046 1421 1110 1497 καί
1142 1417 1259 1519 τόπῳ,
1295 1423 1360 1497 ἵνα
1392 1417 1575 1506 εἶςακοιίων
1651 1439 1652 1452 ’

315 1525 439 1622 ἡμῶν,
463 1523 614 1608 ἵλεως
593 1529 685 1622 ημῖν
709 1526 784 1621 είης
808 1526 849 1600 ἐν
873 1531 929 1624 τῷ
956 1519 1091 1620 πλήθει
1115 1531 1180 1621 τῆς
1206 1531 1272 1620 663
1294 1519 1535 1649 6763616163.

395 1628 633 1755 Ἆντιλαβοῦ,
660 1633 798 1715 σῶσον,
824 1626 971 1722 ἐλέησον
997 1655 1061 1700 και
1049 1621 1366 1726 “διαφιίλοιξον
1346 1633 1446 1722 ημᾶς
1466 1655 1485 1700 ο
1472 1621 1652 1708 ‘3663

317 1735 362 1828 τῇ
340 1737 436 1826 1⁰6
462 1723 599 1825 χάριτι.
652 1725 793 1827 Σοφία.

856 1855 1067 1950 Ἐκφιίνησις.

383 1963 468 2042 Ὅτι
498 1962 625 2064 πρέπει
658 1986 716 2038 σοι
748 1971 852 2037 6666
885 1960 996 2051 δόξα,
1036 1962 1124 2059 τιμὴ
1156 1961 1220 2036 καί
1253 1958 1505 2060 προςκύνησις,
1535 1967 1579 2056 τῷ
1651 1955 1652 1968 ’

318 2065 612 2166 πατρί,καὶτῷ
637 2066 723 2162 υἱῷ,
748 2064 891 2162 καὶτῷ
918 2063 1014 2165 ἁγίῳ
1039 2061 1236 2160 πνεύματι,
1262 2071 1336 2140 νῦν
1355 2063 1420 2139 καὶ
1437 2062 1505 2152 ἀεὶ,
1528 2061 1581 2136 καὶ
1651 2123 1652 2128 ,

318 2176 369 2256 εἰς
393 2167 481 2252 τοὺς
507 2173 648 2250 αἰῶνας
671 2173 751 2242 τῶν
777 2137 939 2241 αλοίνων.

836 2295 886 2365 ‘0
909 2295 1072 2378 διάκονος.

397 2405 474 2478 Ἔτι
497 2401 561 2478 καὶ
587 2403 652 2491 ἔτι,
679 2403 721 2477 ἐν
747 2399 882 2502 εἰρήνῃ.

806 2547 895 2640 6626
917 2548 1111 2636 6666663.

403 2650 531 2730 Πάλιν
555 2653 619 2728 καί
642 2651 816 2738 πολλάκις
842 2653 900 2728 σοί
926 2652 1212 2753 προςπίπτομεν,
1238 2655 1302 2730 καί
1326 2662 1398 2730 σοῦ
1417 2635 1652 2750 δεόμεθα,ἒ

260 2756 266 2764 ’
320 2755 445 2886 ἀγαθὲ
490 2755 554 2830 καί
597 2751 866 2855 φιλάνθρωπε,
902 2755 1002 2840 ὅπως
1036 2755 1288 2886 ἐπιβλέψαςέ
1289 2755 1331 2830 πί
1365 2757 1436 2854 τὴν
1470 2753 1586 2852 δέησιν
1651 2771 1652 2804 ¹

318 2857 441 2958 ἡμῶν,
476 2856 742 2953 663666663‘
720 2866 832 2954 ημῶν
865 2857 932 2942 τὰς
965 2857 1110 2987 ψυχας,
1146 2855 1210 2933 καὶ
1243 2857 1291 2932 τά
1328 2855 1487 2986 666666
1520 2855 1586 2931 666

320 2959 460 3044 παντὸς
483 2965 681 3055 μολυσμοῦ
707 2958 842 3059 σαρκὸς
865 2959 930 3034 καὶ
955 2957 1177 3055 πνεύματος,
1203 2989 1267 3034 και
1254 2956 1424 3058 366663‘
1403 2966 1494 3057 ηιιῖν
1511 2960 1586 3033 ἀνὲ-
1651 2947 1652 2992 3

320 3089 435 3159 νοχον
465 3062 529 3136 καὶ
565 3057 816 3190 ἀκατάκριτον
839 3062 909 3159 τὴν
933 3058 1171 3190 παράστασιν
1195 3069 1263 3136 τοῦ
1290 3061 1416 3188 ἁγίου
1428 3085 1496 3137 σου
1519 3063 1587 3135 36-

322 3163 549 3262 σιαστηρίου.
586 3159 753 3263 Χάρισαι
779 3162 868 3238 666
889 3163 988 3253 Θεος,
1015 3162 1180 3247 καὶτοῖς
1206 3163 1491 3258 συνευχομένοις
1506 3161 1588 3259 ἡμῖν

321 3263 513 3396 προκοπὴν
526 3263 639 3391 βίον,
664 3265 729 3340 καί
754 3265 922 3354 πίστεως,
948 3266 1012 3340 καί
1038 3263 1220 3349 συνέσεως
1240 3273 1505 3363 πνευματικῆς
1530 3261 1588 3346 663

322 3369 449 3451 αὐτοῖς
483 3364 641 3442 πάντοτε
676 3366 769 3462 μετὰ
805 3364 932 3465 φόβου
977 3366 1042 3441 καί
1078 3363 1235 3494 ἀγάπης
1269 3365 1491 3466 λατρεύουσί
1524 3389 1588 3453 σοι,
1651 3401 1652 3410 ¹

323 3467 510 3563 ἀνενόχιος
546 3467 610 3541 καὶ
636 3468 891 3564 ἀκατακρίτως
916 3467 1080 3564 μετέχειν
1104 3477 1183 3544 τῶν
1204 3467 1334 3598 ἁγίων
1360 3493 1433 3545 σου
1457 3492 1589 3565 μυστη-

323 3569 430 3670 ρίων,
455 3567 520 3642 καί
544 3576 609 3665 τῆς
633 3569 858 3665 ἐπουρανίου
884 3592 954 3643 σου
978 3569 1170 3695 βασιλείας
1195 3572 1419 3667 ἀξιωθῆναι.

399 3671 637 3768 Ἀντιλαβσῦ,
665 3678 801 3760 σῶσον,
828 3671 986 3768 ἐλέησον.
1040 3671 1182 3770 Σοφία.

858 3815 1069 3910 Ἑκφυίνρσις.

398 3920 579 4006 λίπως’
557 3921 630 3998 υπὸ
661 3931 732 3999 τοῦ
755 3921 916 4023 κράτους
942 3949 1011 3999 σου
1036 3921 1194 4000 πάντοτε
1221 3921 1508 4024 φυλαττόμενοι,
1540 3921 1590 3997 666
1651 3913 1652 3916 ,

323 4025 392 4124 τὴν
425 4021 593 4111 δόξαν’
574 4025 852 4124 αναπίμπομεν,
886 4035 940 4124 τῷ
974 4025 1106 4124 πατρί,
1139 4025 1205 4100 καὶ
1236 4035 1290 4124 τῷ
1324 4027 1419 4123 υἱῷ,
1450 4025 1515 4102 καὶ
1544 4030 1590 4120 τῷ

324 4126 420 4258 6666
453 4122 649 4222 πνεύματι,
683 4133 756 4204 νῦν
788 4128 852 4204 καί
885 4127 954 4217 ἀεί,
988 4130 1051 4203 καὶ
1083 4133 1135 4210 ελς
1158 4126 1245 4212 τοὺς
1272 4133 1413 4210 αἰῶνας
1437 4135 1517 4204 τῶν
1541 4131 1591 4200 6-

324 4258 447 4308 ωνων.

409 4345 512 4414 Μετὰ
530 4345 628 4436 6666
629 4341 796 4435 κφιίνρσιν
812 4369 845 4413 σι
834 4341 990 4435 (ψάλται
1005 4341 1225 4435 ψάλλουσι
1189 4368 1248 4414 τον
1262 4341 1504 4434 2666666‘*
1484 4360 1590 4430 υμνσν·

411 4449 458 4526 06
488 4447 537 4523 τὰ
562 4449 806 4577 Χερουβὶμρ
807 4457 980 4533 ιυστικῶς
1006 4447 1245 4539 ελκονίζοντες
1269 4447 1333 4523 καί
1358 4478 1403 4545 τῃ
1431 4447 1589 4542 ζωοποιιζ

324 4547 463 4674 τριάδι
490 4549 558 4626 τὸν
596 4548 785 4676 τριςοίγιον
819 4550 942 4648 ὕμνον
976 4549 1130 4650 ᾅδοντες
1161 4557 1289 4627 πᾶσαν
1320 4547 1389 4646 τὴν
1420 4547 1592 4672 βιωτικίμ

326 4647 645 4748 ἀποθώμεθαμε
601 4651 799 4752 μέριμναν,
834 4651 884 4736 663
915 4652 984 4728 τὸν
1007 4652 1164 4751 βασιλέα
1189 4661 1268 4729 τῶν
1295 4651 1392 4728 ὅλων
1416 4645 1589 4736 ὑποδεξά-
