3416 5290
930 389 1004 464 654

412 567 620 656 Ἅντιλαβοῦ,
642 573 760 650 σῶσον,
783 566 930 660 ίλίησον.

418 678 487 761 Τῆς
506 667 675 759 παναγίας
696 667 868 758 άχράνεου.
1403 719 1410 730 ·

418 770 554 842 Τούτων
575 773 771 859 λεγομένων,
793 769 811 842 6
835 769 942 862 ίερεύς
963 765 1104 856 εόχεται,
1125 771 1231 860 λόγων
1250 777 1426 858 μυστικῶς.

413 872 520 964 Κύριε
539 871 645 965 Ἰησοῦ
666 873 804 964 Χριστό,
833 870 852 942 ό
877 874 973 956 Θεὸς,
1002 870 1020 942 6
1047 874 1228 963 μονογενὴς
1253 873 1336 956 υἱός,
1364 870 1384 942 6
1414 870 1460 942 ῶν
1481 870 1531 953 είς
1551 873 1607 940 τόν

327 973 454 1045 κόλπον
481 981 543 1044 τού
569 974 714 1059 πατρὸς,
742 971 762 1044 ό
790 971 953 1066 άληθινδς
975 975 1072 1056 Θεὸς,
1099 971 1120 1065 ἡ
1148 975 1236 1066 πηγὴ
1265 981 1325 1065 τῆς
1352 975 1439 1064 ζωῆς
1465 975 1524 1043 καλ
1550 981 1607 1062 τῆς

329 1073 532 1159 άθανασίας,
554 1077 593 1144 τὸ
616 1082 690 1166 φῶς
708 1075 748 1144 τό
770 1074 808 1145 ἐκ
829 1076 952 1166 φωτός,
980 1073 1000 1146 6
1023 1076 1135 1146 ίλθών
1156 1075 1206 1158 εἷς
1226 1077 1285 1145 τόν
1305 1073 1429 1162 κόσμον
1449 1081 1513 1144 τοῦ
1534 1099 1607 1164 φω-

327 1178 422 1248 τίσαι
443 1174 560 1247 αὐτόν·
581 1175 789 1264 καταύγασον
810 1174 903 1262 ἡμῶν
924 1178 983 1266 τὴν
1004 1175 1157 1246 διάνοιαν
1177 1182 1224 1267 τῷ
1247 1175 1331 1268 άγίῳ
1352 1202 1414 1246 σου
1428 1174 1606 1263 πνεύματι,

328 1281 386 1350 καί
405 1277 588 1366 πρόςδεξαι
609 1275 705 1368 ἡμᾶς,
726 1277 960 1368 μεγαλωσύνην
979 1279 1037 1348 καὶ
1058 1276 1269 1367 εὐχαριστίαν
1288 1303 1345 1348 σοι
1365 1277 1604 1367 προςάγσντας,

328 1381 388 1451 δπί
415 1387 489 1464 τοῖς
516 1377 583 1449 ἀπ’
607 1377 729 1461 αἰῶνος
754 1386 967 1466 θαυμαστοῖς
994 1403 1056 1450 σου
1082 1379 1376 1470 μεγαλουργήμασι
1403 1379 1462 1448 καὶ
1489 1385 1532 1468 τῇ
1553 1375 1603 1446 ἐπ’

328 1480 476 1567 ἐσχάτων
495 1487 562 1550 τῶν
583 1477 713 1549 αἰώνων
733 1481 885 1572 σωτηρίῳ
907 1505 967 1550 σου
990 1480 1174 1573 οἰκονομοίη,
1196 1482 1231 1551 δν
1252 1473 1274 1572 ᾗ
1293 1483 1332 1550 τό
1353 1479 1448 1571 ἡμῶν
1463 1479 1605 1560 ἀσθενὲς

327 1584 385 1654 καί
411 1581 545 1666 πτωχόν
570 1579 854 1668 περιβαλλόμενος
881 1581 1020 1672 φύραμα
1046 1585 1104 1654 καί
1124 1589 1198 1666 τοῖς
1216 1591 1277 1672 τῆς
1297 1581 1453 1664 δουλείας
1471 1583 1606 1671 μέτροις

329 1685 522 1773 συγκατιῶν,
552 1680 572 1753 ό
592 1689 658 1750 τῶν
679 1679 838 1752 ἁπάντων
857 1685 1025 1769 βασιλεὺς,
1054 1682 1105 1754 ότι
1125 1688 1183 1754 καὶ
1205 1687 1340 1776 δουλικῇ
1360 1685 1447 1770 χειρί
1468 1683 1506 1752 δν
1525 1680 1604 1770 'qu-

330 1783 413 1878 δάνη
439 1791 675 1874 βαπτισθῆναι
703 1781 902 1871 όπίμεινσς·
930 1787 986 1854 ἵνα
1013 1786 1073 1874 τὴν
1098 1793 1164 1856 τῶν
1185 1783 1316 1856 όδάτων
1338 1785 1441 1877 φύσιν
1462 1783 1604 1874 ἁγιάσας

328 1884 348 1958 ό
369 1883 600 1976 άναμάρτητος
626 1883 834 1978 όδοποιήσης
860 1883 939 1977 ἡμῖν
960 1884 1011 1955 δι’
1035 1886 1158 1968 ύδατος
1177 1888 1236 1957 καί
1255 1886 1447 1974 πνεύματος
1468 1883 1605 1974 ἀναγίν-

327 2013 420 2080 νησιν
440 1989 498 2058 καί
519 1987 649 2077 πατρὸς
668 1988 728 2077 τὴν
749 1985 883 2078 πρῶτην
904 1985 993 2077 ἡμᾶς
1007 1984 1285 2082 άποκαταστήσης
1300 1987 1508 2076 ἐλευθερίαν.
1539 1980 1605 2056 06·-

326 2116 417 2172 τινος
437 2088 537 2160 θείου
559 2087 742 2178 μυστηρίου
762 2090 822 2178 τὴν
842 2086 1025 2178 ἀνάμνησιν
1047 2087 1258 2180 ἑορτάζοντες
1280 2088 1431 2176 δεόμεθά
1454 2114 1528 2170 σου,
1551 2089 1605 2158 δέ·

328 2217 440 2262 σποτα
463 2188 699 2280 φιλάνθρωπε,
722 2196 820 2280 ῥᾶνον
841 2191 898 2258 καὶ
920 2187 972 2280 ἐφ’
995 2187 1085 2280 ἡμᾶς
1104 2192 1184 2273 τοὺς
1204 2188 1360 2274 άναξίους
1380 2189 1526 2272 δούλους
1544 2214 1604 2260 σου

326 2293 412 2362 κατὰ
432 2293 492 2382 τὴν
513 2290 615 2362 θείαν
635 2315 696 2360 σου
720 2290 920 2380 ἐπαγγελίαν
940 2291 1029 2380 όδωρ
1051 2291 1250 2384 καθάρσιον,
1277 2300 1337 2384 τῆς
1357 2299 1419 2382 σῆς
1440 2290 1605 2380 εὐσπλαγ-

326 2393 420 2480 χνίας
440 2395 501 2484 τὴν
522 2393 660 2483 δωρεὰν,
683 2389 732 2474 εἰς
753 2394 792 2462 τὸ
813 2393 872 2484 τὴν
895 2391 955 2462 ἐπὶ
975 2399 1022 2484 τῶ
1044 2393 1144 2464 ὕδατι
1163 2394 1272 2485 τούτῳ
1288 2392 1419 2486 αἴτησιν
1432 2393 1605 2484 ἡμῶντῶν

328 2493 534 2584 ἁμαρτωλῶν
554 2491 794 2582 εόπρόςδεκτον
815 2494 975 2582 γενέσθαι
1001 2501 1046 2586 τῇ
1062 2504 1104 2586 σῇ
1125 2492 1324 2584 άγαθότητι,
1351 2497 1409 2565 καί
1429 2497 1491 2585 τὴν
1513 2493 1605 2564 εόλο-

326 2595 402 2685 γίαν
428 2621 490 2666 σου
518 2593 565 2664 δι’
590 2592 693 2664 αὐτοῦ
720 2592 800 2683 ἡμῖν
828 2597 948 2665 τεκαὶ
976 2599 1078 2666 παντί
1107 2603 1154 2687 τῷ
1182 2603 1293 2687 πιστῷ
1316 2622 1377 2668 σου
1398 2605 1603 2688 χαρισθῆναι

327 2701 408 2786 λαῷ,
432 2695 482 2779 είς
503 2695 604 2778 δόξαν
623 2701 684 2764 τοῦ
706 2692 802 2784 άγίου
823 2698 881 2765 καὶ
901 2706 1126 2790 προςκυνητοῶ
1146 2723 1208 2768 σου
1229 2695 1404 2782 ὀνόματος.

403 2796 483 2866 ’Ότι
508 2797 636 2885 πρέπει
663 2821 718 2867 σοι
739 2803 835 2866 πᾶσα
856 2797 950 2882 δόξα,
979 2802 1058 2890 τιμὴ
1080 2801 1139 2870 καί
1159 2800 1387 2890 προςκύνησις,
1417 2805 1467 2889 τῷ
1490 2801 1600 2887 πατρί,

326 2901 451 2989 καὶτῷ
474 2897 547 2988 vm,
569 2899 692 2988 καὶτῷ
715 2896 799 2989 άγίηι
820 2899 997 2988 πνεύματι,
1026 2910 1083 2982 νῦν
1101 2902 1160 2970 καί
1181 2900 1244 2984 ἀεὶ,
1272 2903 1330 2970 καὶ
1350 2901 1400 2984 εἰς
1420 2901 1503 2983 τοὺς
1524 2901 1600 2972 αίῶ-

328 3028 387 3083 νας
406 3008 472 3070 τῶν
496 2999 635 3070 αίοίνων.
675 2997 790 3090 Ἀμήν.

410 3103 481 3171 Καὶ
509 3101 615 3171 είπιόν
640 3099 720 3189 μεθ’
744 3099 862 3171 ἑαυτὸν
890 3102 928 3171 τό
951 3099 1048 3192 ἄμην,
1066 3111 1137 3172 τοῦ
1159 3102 1314 3173 διακόνου
1336 3097 1400 3194 ἤδη
1422 3108 1599 3196 πεπληρω-

325 3200 422 3327 κότος
448 3203 509 3293 τὴν
535 3202 721 3294 ουναπεήν,
752 3199 940 3293 άπάρχετσι
966 3201 985 3273 6
1015 3201 1122 3293 ἱερεὺς
1147 3203 1394 3296 μεγαλοφῶνως
1420 3207 1482 3298 τὴν
1510 3207 1599 3294 εύχὴν

324 3330 458 3394 ταυτην.

407 3404 530 3476 Ἰστύον
556 3403 612 3474 ότι
636 3403 658 3494 η
686 3412 844 3495 παροῦσα
871 3403 959 3496 εὐχὴ,
988 3399 1088 3496 ἤγουν
1118 3408 1157 3476 τὸ
1191 3409 1294 3495 Τριάς
1320 3405 1514 3497 όπεροόσιε,
1541 3405 1595 3476 οότ

326 3505 585 3595 ἀναγινώσκεται
611 3507 673 3594 μὲν
700 3507 795 3598 παρὰ
821 3506 919 3576 τισίν.
960 3505 1012 3575 Ἐν
1039 3510 1078 3578 δὲ
1104 3515 1144 3598 τῇ
1164 3508 1290 3600 μεγάλῃ
1311 3507 1469 3602 ἐκκλησίᾳ
1489 3509 1596 3580 καίλν

325 3613 372 3697 τῷ
402 3605 485 3698 ἁγίῳ
512 3605 585 3695 όρει
612 3608 753 3697 λέγεται.
795 3609 843 3677 Σύ
873 3610 911 3678 δί
939 3607 970 3678 εί
1002 3609 1119 3696 βούλει
1145 3609 1266 3702 ταύτην
1294 3609 1402 3680 εἰπεῖν
1428 3615 1518 3696 μετὰ
1543 3613 1598 3700 τὴν

326 3711 497 3799 συναπτὴν
517 3711 574 3779 καὶ
594 3711 653 3799 τὴν
675 3705 807 3780 άνωθεν
828 3707 933 3800 εύχὴν,
955 3711 1045 3800 λέγει
1066 3708 1232 3802 ἒκφῶνως.
1319 3777 1322 3785 ,

408 3810 547 3902 Ποίημα
567 3810 763 3902 Σωφρονίου
784 3810 1000 3901 Πατριάρχου
1018 3809 1265 3901 Ἶεροσολομῶν.

413 3913 517 4002 Τριὰς
537 3909 727 4003 όπεροόσιε,
749 3911 956 4002 όπεράγαθε,
989 3911 1147 4003 ύπύρθεε,
1169 3911 1411 4000 παντοδύναμε,
1434 3913 1597 4001 παντεπίς-

325 4039 440 4096 οκοπε,
469 4012 601 4104 άύρατε,
630 4013 854 4107 άκατάληπτε,
884 4016 1062 4104 δημιουργὲ
1082 4022 1148 4084 τῶν
1168 4024 1291 4104 νοερῶν
1312 4014 1436 4085 οὐσιῶν
1456 4017 1516 4086 καί
1536 4023 1596 4085 τῶν

324 4118 464 4204 λογικῶν
485 4114 628 4207 φύσεων,
650 4115 671 4207 ἦ
695 4115 844 4208 ἔμφυτος
865 4114 1046 4206 άγαθότης,
1068 4118 1107 4185 τὸ
1129 4124 1204 4207 φῶς
1223 4119 1263 4186 τὸ
1277 4113 1470 4204 άπρόςιτον,
1493 4115 1596 4208 όφω-

323 4215 422 4301 τίζων
449 4217 562 4287 πάντα
589 4213 772 4308 άνθρωπον
798 4216 971 4307 ἐρχόμενον
997 4215 1046 4300 είς
1072 4219 1131 4286 τόν
1155 4217 1294 4304 κόσμον·
1330 4217 1471 4309 λάμψον
1497 4216 1595 4306 κάμοί

324 4323 371 4407 τῷ
400 4316 524 4408 ἀναξίῳ
552 4318 661 4410 δούλῳ
682 4343 754 4402 σου,
783 4319 933 4412 φῶτισόν
952 4346 994 4408 με
1015 4325 1074 4409 τῆς
1095 4319 1247 4401 διανοίας
1266 4320 1309 4388 τὰ
1330 4315 1478 4406 όμματα,
1507 4319 1596 4399 ὅπως

324 4417 508 4511 άνυμνῆσαι
535 4418 690 4510 τολμήσω
719 4421 777 4510 τὴν
806 4416 948 4512 άμετρον
970 4419 1156 4513 εὐεργεσίαν
1176 4422 1233 4491 καὶ
1253 4420 1405 4508 δύναμιν.
1446 4418 1596 4510 Εύνιρός-

326 4525 440 4603 δεκτος
460 4521 609 4610 γενέσθω
630 4521 650 4612 ἡ
673 4521 753 4612 παρ’
778 4521 862 4610 ἐμοῦ
883 4527 996 4617 δέησις
1017 4527 1075 4594 διὰ
1096 4525 1154 4596 τόν
1169 4529 1368 4613 παρεστῶτα
1383 4521 1483 4592 λαόν·
1505 4521 1595 4602 ὅπως

323 4623 366 4690 τά
386 4622 653 4713 πλημμελήματά
673 4651 740 4713 μου
761 4627 807 4716 μὴ
829 4625 1020 4696 κωλύσωσιν
1042 4623 1165 4696 ἐνθάδε
1179 4625 1435 4715 παραγενέσθαι
1448 4625 1488 4694 τό
1505 4621 1595 4714 όγιόν
