3314 5304
660 425 731 500 341

140 605 268 736 ’Υπὲρ
277 614 348 682 τοῦ
380 614 674 736 συμπολεμῆσαι,
707 605 772 684 καὶ
802 602 985 692 ὑποτάξαι
1008 605 1083 684 ὑπὸ
1106 605 1195 692 τοὺς
1218 603 1339 695 πόδας

73 710 191 788 αὐτῶν
215 705 341 786 πάντα
366 707 509 806 ἐχθρὸν
533 709 597 784 καὶ
622 709 811 806 πολέμιον,
835 717 904 785 τοῦ
929 707 1073 838 Κυρίου
1099 707 1311 834 δεηθῶμεν.

141 809 245 940 Υπὲρ
270 817 336 908 τῆς
360 809 471 938 ἁγίας
477 815 624 939 ,Μανῆς
649 821 683 916 (6
704 831 764 915 τῆς
782 821 928 940 πόλεως)
949 807 1099 909 ταύτης,
1125 807 1245 938 πάσης
1269 809 1339 890 πό·

73 919 164 1002 λεως,
185 909 326 1010 χώρας,
351 911 417 987 καὶ
440 919 521 989 τῶν
546 909 665 989 πίστει
691 907 935 988 ολκυύντων’
922 941 964 988 εν
990 913 1133 1003 αὐταῖς,
1165 921 1236 990 τοῦ
1260 921 1339 990 Κυ-

74 1013 147 1114 ρίου
171 1013 383 1142 δεηθῶμεν.

141 1113 265 1216 Υπὲρ
288 1113 547 1245 εὐκρασίας
568 1115 718 1214 ἀέρων
743 1117 819 1211 (λος.
839 1119 913 1214 22),
940 1113 1119 1245 εάφορίας
1142 1125 1222 1195 τῶν
1246 1145 1339 1220 καρ-

73 1226 146 1294 πῶν
169 1226 235 1313 τῆς
258 1224 339 1319 γῆς,
363 1214 428 1292 καὶ
452 1224 596 1316 καιρῶν
620 1221 838 1346 εἰρηνικῶν,
861 1225 931 1292 τοῦ
958 1218 1100 1314 Κυρίου
1125 1217 1340 1317 δεηθῶμεν.

126 1316 269 1448 Ὑπὲρ
295 1314 553 1408 πλεόντων,
581 1315 988 1416 ὁδοιπορούντων,
1014 1318 1245 1411 νοσούντων,
1270 1351 1339 1397 κα-

74 1417 251 1517 μνόντων,
278 1415 592 1515 αλχμαλιότων
610 1423 725 1518 (elem.
739 1423 773 1498 8.
800 1423 864 1497 lac.
877 1425 952 1519 22),
977 1421 1042 1496 καὶ
1066 1429 1132 1519 τῆς
1155 1422 1340 1522 σωτηρίας

76 1522 202 1612 αὐτῶν,
228 1529 297 1597 τοῦ
323 1518 467 1618 Κυρίου
493 1519 703 1618 δεηθῶμεν.

141 1620 268 1719 ’Υπερ
303 1629 386 1699 τοῦ
412 1621 697 1722 66666vat·‘
676 1630 819 1720 ημᾶς
815 1623 908 1698 ἀπὸ
935 1620 1084 1750 πάσης
1109 1623 1338 1724 θλίψεως,

76 1723 220 1828 ἀργῆς,
253 1719 506 1814 κινδύνου,
539 1724 617 1800 καὶ
649 1721 876 1826 ἀνάγκης,
910 1734 995 1803 τοῦ
1021 1725 1200 1828 Κυρίου
1232 1727 1339 1827 δεη-

76 1828 385 2054 θῶξιύειύιλαβοῦ,
429 1933 611 2015 σῶσον,
634 1926 870 2055 ἐλέησον,
916 1927 994 2003 καὶ
1039 1926 1339 2028 διαφύλαξον

76 2027 199 2125 ἡμᾶς,
226 2027 247 2102 ὁ
277 2025 403 2118 Θεὸς,
428 2034 481 2124 τῇ
508 2035 562 2124 σῇ
585 2024 747 2156 χάριτι
774 2030 850 2125 (lac.
870 2033 944 2128 2.2)

150 2135 207 2205 T·
184 2158 235 2228 ης
269 2128 605 2256 Παναγίας,’
584 2126 843 2256 αχράντου,
880 2129 1337 2262 ύπερευλογημένης,
1427 2209 1431 2220 ,

77 2161 278 2320 ἐνδόξου,
310 2226 614 2328 δεσποίνης“
592 2239 724 2328 ημῶν
753 2229 1002 2321 Θεοτόκου,
1036 2231 1115 2309 καὶ
1141 2235 1340 2335 ἀειπαρ-

78 2333 208 2409 δίνου
244 2330 438 2434 Μαρίας
471 2329 587 2429 μετά
622 2329 812 2409 πάντων
846 2341 939 2409 τῶν
974 2331 1123 2436 ἁγίων
1157 2363 1340 2464 μνημο-

79 2432 347 2525 νεύσαντες,
389 2431 615 2523 ἑαυτούς,
656 2433 735 2509 καὶ
771 2427 1024 2534 ἀλλήλους,
1066 2437 1146 2511 καὶ
1183 2446 1341 2514 πᾶσαν

80 2535 148 2630 τὴν
172 2534 341 2634 ζωὴνε
319 2544 450 2632 ημῶν
474 2540 667 2634 Χριστῷ
693 2543 756 2634 τῷ
786 2541 878 2636 Θεῷ
904 2534 1235 2636 παραθεόμεθα
1262 2541 1338 2637 (lac.

520 2748 875 2843 Ὅιερεὺςέιιφύνως.

139 2855 219 2932 Ὅτι
252 2883 379 2953 πρεπει
412 2878 471 2929 σοι
505 2864 607 2930 πᾶσα
643 2852 750 2946 δόξα,
785 2852 881 2984 τιμὴ
905 2856 969 2931 καὶ
994 2854 1248 2956 προςκύνησις,
1285 2865 1341 2958 τῷ

81 2956 189 3055 πατρὶ,
213 2955 279 3032 καὶ
304 2963 358 3055 τῷ
384 2955 470 3054 υἱῷ,
495 2956 638 3056 καὶτῷ
665 2956 762 3060 ἁγίῳ
787 2953 984 3056 πνεύματι,
1011 2967 1084 3035 νῦν
1101 2958 1164 3034 καὶ
1181 2960 1251 3050 ἀεὶ,
1277 2960 1342 3036 καὶ

83 3061 122 3142 ελς
141 3058 226 3143 τοὺς
252 3061 394 3142 αλῶνας
417 3065 497 3135 τῶν
523 3029 685 3134 υλοίνων.

149 3261 220 3337 XV·
263 3273 336 3344 Καὶ
361 3271 531 3367 ψάλλωαι
558 3274 598 3344 τὸ
624 3281 759 3364 πρῶτον
781 3269 969 3364 ἀντίφωνον
988 3273 1084 3364 παρὰ
1104 3279 1170 3340 τῶν
1191 3278 1341 3363 ψαλτῶν,

82 3374 127 3443 καὶ
144 3373 162 3445 6
184 3374 291 3468 ἱερεὺς
311 3374 402 3465 λέγει
421 3377 481 3468 τὴν
501 3372 598 3466 εὐχὴν
618 3381 679 3444 τοῦ
700 3371 907 3465 ἀντιφάνου·
929 3373 947 3443 6
971 3373 1009 3443 δέ
1031 3370 1185 3456 διάκονος
1197 3400 1342 3462 προςιιυ-

82 3472 167 3564 ιήσας
190 3474 398 3565 μεθίσταται
425 3477 461 3548 ἐκ
487 3483 548 3547 τοῦ
568 3474 678 3546 τόπου
700 3473 813 3558 αὐτοῦ,
840 3475 898 3545 καί
920 3471 1082 3545 ἀπελθὼν
1102 3477 1238 3545 ἵσταται
1259 3473 1342 3547 ἀνά·

83 3599 148 3646 πιω
166 3586 225 3670 τῆς
245 3577 374 3660 είκόνος
395 3583 455 3647 τοῦ
468 3585 630 3670 Χριστοῦ,
651 3578 787 3667 βλέπων
807 3577 895 3668 πρὸς
917 3577 1053 3663 δυσμὰς,
1075 3585 1204 3668 κρατῶν
1222 3579 1281 3649 καὶ
1300 3579 1341 3649 τό

95 3673 103 3702 1
131 3677 139 3703 ύ

201 3797 291 3891 Εύχὴ
312 3807 373 3870 τοῦ
395 3797 438 3870 α’.
467 3795 666 3890 άντιφύνου,
688 3825 729 3888 ην
749 3795 878 3888 λέγει
861 3823 879 3868 ο
903 3795 1010 3887 ιερεάς
1028 3804 1206 3886 μυστικῶς.

152 3902 330 4003 Κύριε,”
312 3933 332 3978 ο
360 3902 500 3988 Θεὸς
478 3911 602 4032 ημῶν,
635 3896 681 3978 οὗ
712 3902 756 3977 τὸ
788 3899 924 4030 κράτος
956 3901 1189 3991 ἀνείκαστον,
1223 3903 1287 3978 καὶ
1317 3903 1342 4002 6

84 3999 161 4130 δόξα
175 4001 456 4138 ἀκατάληπτος·
485 4034 531 4082 ου
513 3998 598 4078 τὸ
623 4003 765 4088 ελεος’
745 4032 964 4134 αμετρητον,
991 4004 1053 4078 καὶ
1078 4005 1343 4132 ἡφιλανθρω-

85 4105 140 4181 πία
169 4111 330 4210 ἀφατος·
365 4107 490 4197 αυτὸς,
522 4105 697 4195 δέσποτα,
733 4103 830 4181 κατὰ
862 4104 932 4204 τὴν
965 4103 1240 4207 εὐσπλαγχνίαν
1272 4129 1342 4181 σου

87 4261 374 4274 b—

158 4349 216 4400 cuv.
234 4349 280 4401 ΧΥ.
314 4348 370 4399 Yon.
384 4347 435 4399 68¹1
458 4340 529 4398 κατὰ
551 4343 601 4410 την
623 4341 676 4406 σὴν
697 4338 795 4394 εύσπλ.
830 4345 856 4398 C.
882 4333 1039 4412 ἑκιρωνήσει
1061 4343 1209 4395 sucerdotis:
1232 4333 1275 4394 ότι
1297 4341 1345 4394 σολ

87 4427 171 4497 πρέπει
186 4434 268 4499 (quum
286 4433 390 4484 omioni
407 4434 502 4498 ριλωιο
520 4431 664 4496 ιοιλρλιυσιι
683 4430 802 4496 adsignat)
819 4430 942 4494 subiungit
959 4437 1054 4480 ωιιιοω
1072 4429 1171 4493 populi:
1189 4421 1302 4492 ἀγαθόν
1313 4422 1344 4479 τό

87 4505 299 4600 λξιμιλογεῒσθαι
321 4513 360 4582 τῷ
375 4517 471 4584 Κυρίῳ
494 4514 542 4566 καλ
565 4507 683 4579 ψάλλειν
701 4513 739 4578 τῷ
755 4503 875 4582 ὀνόματί
889 4525 951 4577 σου,
970 4503 1078 4575 ὕψισιε.
1116 4503 1164 4562 Τό
1173 4503 1240 4561 ιιάιό
1257 4509 1297 4567 ελς
1312 4525 1343 4562 το

89 4581 142 4648 ἀλλο
155 4601 239 4668 μέρος
254 4599 304 4651 τοῦ
315 4597 404 4668 χοροῦ
421 4592 755 4666 ψάλλειαι.11ρεσβείοις
771 4596 817 4658 τῆς
833 4597 974 4662 ποναγλας
989 4585 1125 4646 θεοτόκυυ
1141 4588 1232 4664 σωτὴρ
1250 4594 1343 4648 σιάσον

87 4669 156 4744 ἡμᾶς·
188 4684 246 4738 Τοῦ
265 4679 450 4753 ἀναγγέλλων
471 4680 551 4750 πρυλ
567 4677 598 4734 τὸ
620 4677 695 4740 ἔλεός
717 4695 770 4734 σου
791 4680 839 4732 καλ
863 4674 911 4745 τὴν
933 4671 1068 4744 ἀλήθειαν
1089 4689 1142 4728 σου
1164 4667 1269 4735 πάσαις
1285 4679 1345 4738 ταις

115 4765 146 4818 λλ.
1106 4763 1139 4816 23
