3378 5302
917 413 988 486 172

388 599 515 674 Diebus
549 599 784 674 commonibus.
837 597 1015 694 hdoretur,
1053 597 1270 694 glorificetur,
1306 597 1472 694 laudetur,
1511 600 1601 673 cele·

312 701 439 796 bretnr,
466 703 628 776 exaltetur
654 711 688 774 et
713 699 931 776 benedicatur
957 702 991 773 in
1019 701 1112 774 coelo
1141 711 1174 773 ct
1205 702 1239 773 in
1259 711 1346 774 terra
1372 725 1496 775 nomen
1517 702 1600 776 ado·

312 802 454 922 randum
482 816 516 878 et
542 805 726 900 gloriosum
751 803 924 877 Trinitatis
950 815 1039 898 tuae,
1073 827 1206 900 semper
1233 803 1410 899 gloriosae,
1449 803 1599 878 Domine

311 929 516 1082 omnllliclbus
542 1006 767 1081 commonibus
794 1006 910 1078 dicunt
935 1005 1117 1094 Perimam,
1151 1005 1294 1080 Domino
1329 1007 1404 1105 quis
1430 1005 1601 1080 habitabit

312 1111 347 1183 in
381 1109 594 1183 tabernaculo
621 1119 691 1203 tuo,
727 1110 896 1204 integrum
921 1132 997 1180 cum
1022 1133 1083 1181 auo
1110 1133 1246 1199 conone,
1279 1109 1435 1206 mysterii
1461 1109 1599 1182 Sacro·

311 1221 541 1388 menlihlbbllio
566 1312 668 1386 nocie
721 1310 804 1396 Quis
830 1310 1005 1408 praebebit
1029 1310 1170 1384 iubilum
1198 1321 1260 1385 etc.

801 1564 805 1574 .
830 1569 832 1574 ,
894 1495 1023 1572 Oratio.
1063 1499 1068 1514 ⁸

389 1634 429 1706 ll.
468 1633 585 1707 Coram
614 1632 748 1726 throno,
774 1631 929 1727 Domine,
956 1632 1126 1729 praeclaro
1153 1631 1336 1716 maiestatis
1363 1641 1451 1722 tuae,
1479 1640 1515 1702 et
1541 1655 1601 1702 so·

312 1737 357 1808 lio
386 1735 516 1808 excelso
552 1745 649 1831 atque
690 1734 824 1807 sublimi
852 1733 978 1830 gloriae
1006 1746 1093 1827 tuae,
1128 1744 1163 1806 et
1188 1733 1223 1805 in
1249 1735 1330 1807 sede
1357 1730 1497 1807 terribili
1527 1730 1600 1804 lor·

312 1837 466 1911 titudinis
494 1836 641 1910 caritatis
668 1846 745 1909 tuae
771 1837 933 1934 altarique
960 1835 1204 1934 propitiatorio,
1243 1834 1331 1932 quod
1358 1835 1509 1908 voluntas
1539 1844 1601 1906 tua

311 1938 481 2031 stabilivit,
518 1939 551 2010 in
580 1939 719 2033 regione
745 1962 887 2035 pascuae
914 1949 1003 2031 tuae,
1039 1963 1113 2011 cum
1141 1937 1288 2012 millibus
1315 1935 1496 2011 Cherubim
1524 1935 1601 2010 lau·

224 2086 228 2092 -
312 2033 469 2114 dantibus
495 2051 540 2132 te,
578 2048 612 2112 et
639 2042 750 2113 decies
775 2039 922 2113 millibus
949 2041 1127 2138 Seraphim
1154 2039 1440 2113 sanctificantibus
1466 2047 1512 2132 te,
1541 2063 1602 2110 ac·

311 2144 475 2235 cedimus,
502 2143 690 2235 adoramus,
726 2142 924 2214 confitemur
951 2152 985 2214 et
1010 2142 1235 2240 glorificemus
1262 2153 1307 2236 te,
1342 2160 1486 2242 semper,
1524 2164 1602 2212 om·

311 2244 404 2318 nium
432 2244 585 2316 Domine.

388 2345 429 2418 ht
453 2343 634 2431 memoriis,
662 2353 695 2416 et
721 2346 828 2418 sectis
852 2345 963 2444 [eriis.
1016 2343 1145 2417 Nomen
1174 2355 1268 2418 tuum
1288 2367 1447 2442 magnum
1466 2351 1611 2436 cisen-¹

313 2457 415 2539 ctum,
448 2445 654 2544 praeclarum
689 2458 723 2520 ct
756 2447 988 2520 benedictum:
1025 2445 1159 2520 beatum
1196 2457 1230 2520 et
1255 2445 1602 2546 incomprehensibile

310 2549 485 2623 'l'rinitatis
519 2558 595 2621 tuae
630 2547 807 2643 gloriosae,
843 2558 876 2621 et
903 2549 1042 2643 gratiam
1070 2559 1162 2623 tuam
1189 2572 1268 2644 erga
1295 2573 1412 2645 genus·
1428 2559 1602 2642 nostrum,

312 2651 473 2724 debemus
507 2673 717 2748 quocumque
753 2665 901 2749 ternpore
937 2651 1109 2745 conliteri,
1152 2652 1292 2725 adorare
1326 2661 1362 2725 et
1394 2647 1602 2746 glorificare,

311 2753 461 2848 omnium
487 2753 641 2825 Domine.

387 2855 649 2952 desponsos-ium
674 2853 720 2926 od
745 2853 922 2939 cancellos,
949 2864 988 2926 ot
1016 2879 1131 2952 supra.
1174 2853 1258 2939 Quis
1284 2854 1464 2952 praecepit.
1505 2851 1602 2924 Pon·

310 2955 402 3028 tifici.
438 2957 546 3042 Quam
573 2956 678 3053 spirat
703 2956 739 3027 in
764 2954 862 3028 nobis
889 2955 1031 3028 Domine
1059 2968 1093 3028 ct
1112 2957 1204 3030 Deus
1231 2960 1347 3030 noster
1373 2953 1456 3028 odor
1482 2955 1601 3028 suavis

312 3058 499 3131 dulcedinis
532 3059 680 3131 caritatis
714 3069 807 3131 tuac:
846 3057 1050 3131 illuminatae
1084 3069 1163 3132 sunt
1196 3059 1326 3132 animae
1352 3068 1499 3150 nostrae,
1535 3081 1603 3154 per

312 3161 538 3255 cognitionem
571 3159 720 3233 veritatis
755 3163 847 3233 tuae:
887 3161 980 3255 digni
1008 3159 1192 3233 efficiamur
1218 3161 1423 3258 suscipiendi
1452 3159 1600 3232 manile-

310 3265 488 3336 stationem
516 3262 628 3335 dilecti
656 3263 717 3356 tui,
745 3261 786 3336 de
814 3262 906 3335 coelo
934 3273 1049 3335 sancto
1077 3274 1152 3336 tuo:
1180 3264 1248 3336 illic
1267 3262 1501 3336 corrfitebimur
1519 3260 1602 3354 tibi,

310 3373 345 3436 et
377 3366 528 3461 (interea)
564 3362 826 3460 glorificabimus
858 3374 893 3436 te
919 3365 1151 3438 indesinenter
1177 3365 1212 3437 in
1238 3357 1388 3438 Ecclesia
1414 3375 1470 3438 tua
1499 3387 1601 3437 coro·

302 3476 388 3570 *nata
415 3476 450 3539 et
474 3467 573 3563 plena
599 3466 755 3540 omnibus
782 3465 912 3540 auxiliis
940 3477 974 3538 et
999 3467 1155 3542 omnibus
1179 3467 1291 3562 bonis,
1318 3467 1395 3567 quia
1416 3475 1453 3540 tu
1470 3490 1508 3540 es
1526 3465 1601 3540 Do·

310 3567 422 3640 minus
449 3581 483 3638 et
509 3577 639 3640 creator
665 3568 814 3640 omnium
841 3567 949 3640 Pater.

380 3681 441 3789 lll.
488 3716 608 3792 Oratio
633 3719 773 3793 incensi
826 3717 1024 3793 Referemus
1051 3719 1210 3818 hymnum
1226 3721 1391 3820 'Trinitati
1419 3705 1495 3794 tuae
1522 3721 1600 3816 glo·

309 3819 432 3913 riosae,
456 3818 566 3913 Pater,
592 3819 718 3895 Fili'ct
744 3821 889 3919 Spiritus
915 3834 1040 3896 sancte.

396 4092 456 4158 Cap.
473 4091 514 4142 ill.
551 4091 768 4143 Renaldotins
786 4091 803 4143 l.
815 4109 836 4143 c.
855 4093 924 4144 Tem.
935 4093 965 4144 li.
982 4109 1007 4159 p.
1018 4093 1083 4146 stt:
1102 4091 1276 4144 Pancierarbis
1287 4091 1443 4156 significatur,
1461 4101 1599 4158 sequentes

310 4177 432 4228 orationes
456 4176 571 4227 dicendas
595 4191 659 4238 eoae,
684 4177 780 4241 quando
800 4177 860 4228 dunt
878 4177 995 4228 lectiones
1014 4191 1098 4228 sacrae
1116 4179 1261 4245 scripturae,
1285 4177 1409 4228 arietari
1426 4176 1597 4240 Testamenta,

308 4266 360 4314 tona
378 4275 406 4310 aa
423 4260 487 4311 totis
499 4261 681 4326 Apostolorum,
698 4261 824 4326 Epistolis,
842 4262 909 4313 Parti
927 4263 1107 4314 etcatholicis:
1125 4269 1182 4314 sont
1199 4270 1278 4312 autem
1297 4261 1386 4312 multae
1404 4263 1527 4312 oratiorum
1547 4277 1598 4312 aen

307 4343 491 4396 benedictiones
509 4346 580 4397 hntna
598 4346 695 4410 generis
712 4346 737 4396 ia
755 4347 868 4396 omnibns
886 4346 999 4410 liturgiis
1017 4348 1191 4413 cuiuscumque
1202 4348 1276 4398 ritas.
1311 4347 1339 4396 ln
1356 4345 1430 4398 blitea
1447 4345 1599 4398 ltalabarica

239 4455 247 4468 .
309 4427 368 4476 nihil
394 4430 500 4479 occurrit
522 4432 585 4480 eirea
611 4430 727 4481 lectiones
746 4430 919 4494 Epistularum,
943 4431 992 4482 imo
1017 4447 1062 4482 nec
1085 4433 1115 4483 ad
1140 4431 1270 4481 lectionem
1287 4431 1418 4494 Evangelii,
1441 4430 1507 4496 qnod
1531 4432 1597 4481 satis

310 4510 407 4572 mirum,
431 4527 485 4563 cnm
505 4527 533 4564 ea
551 4513 605 4564 aliia
623 4514 717 4566 Otllciia
735 4522 838 4576 constet,
864 4525 956 4580 partem
976 4515 1032 4566 illas
1049 4515 1170 4578 liturgiae
1188 4517 1273 4577 luisse,
1297 4529 1376 4582 neque
1393 4515 1447 4565 aine
1465 4527 1598 4564 caeremo-

310 4593 357 4642 niis
376 4601 400 4644 et
417 4595 487 4646 thure
504 4606 636 4662 peractam.
673 4599 731 4650 Eam
751 4599 912 4664 disciplinam,
931 4599 988 4651 licet
1005 4601 1101 4652 breriua
1119 4615 1190 4665 quam
1210 4600 1446 4666 optandumluissat,
1464 4599 1599 4660 designant

308 4680 389 4728 tamen
408 4680 486 4730 nostri
504 4681 609 4732 codices.
646 4681 672 4732 ln
690 4697 720 4733 ea
737 4685 847 4735 oratione
865 4699 937 4750 qnam
956 4692 1011 4736 ante
1028 4685 1182 4751 Apostolum,
1200 4686 1247 4737 boc
1264 4692 1302 4736 eat
1317 4683 1441 4751 Epistulae
1458 4683 1598 4734 lectionem
