3388 5304
924 419 996 494 642

291 753 303 780 ι
374 706 634 830 Σταθεριὺς
648 702 737 796 τοὺς
762 665 914 830 ἀγωνας
937 651 1218 798 ἐπιδειξάμενοι,
1244 710 1299 800 τῷ
1319 711 1385 799 τῆς
1399 701 1508 799 νίκης
1527 727 1605 777 στε-

328 800 440 904 φάνῳ
466 801 780 902 κατεκοσμήθτμε,
805 801 996 910 μάρτυρες
1004 811 1176 903 Χριστοῦ
1202 801 1415 903 ἀθλοφόροι
1434 800 1604 906 κραυγά-

318 905 465 1004 ζοντα,
493 905 532 982 σε’
557 905 838 1004 ὑπερυψοῦμιν,
860 896 1031 1002 Χρὶστέ,
1043 913 1097 1014 εἰς
1118 906 1208 1035 τσὺς
1230 909 1382 1035 666669.

408 1008 526 1137 Ἱερεύς
551 1005 619 1084 τάν
643 1007 711 1086 τὸν
735 1009 824 1104 βίον
851 996 1097 1089 ἀπολιπόντα
1104 1002 1249 1087 πιστὸν
1263 1007 1326 1084 καὶ
1352 1007 1445 1138 πρὸς
1471 1005 1513 1082 σὲ
1538 1006 1604 1084 τὸν

320 1097 512 1208 ’δεσπότην
527 1105 858 1208 μεταχωρήσαντα,
884 1097 1018 1196 δέξαι
1010 1109 1236 1240 προςηνῶς,
1240 1107 1449 1186 ἀναπαύων
1476 1107 1530 1194 ιὺς
1547 1110 1605 1185 εύ-

329 1221 551 1314 σπλαγχνος,
574 1210 614 1287 σε’
639 1211 907 1318 ὑπερσψοῦντα
933 1217 984 1304 εἰς
1008 1210 1152 1297 πάντας
1172 1211 1260 1296 τοὺς
1284 1211 1463 1295 αἰῶνας.

415 1321 498 1390 Νῦν
524 1316 565 1388 ἐν
542 1321 639 1415 νγῇ
663 1321 742 1388 τῶν
768 1313 924 1406 πραέων
952 1311 1107 1390 πάντων
1132 1313 1415 1423 αὐλίζεσθαι
1378 1341 1447 1388 τον
1473 1341 1605 1434 προκε·

328 1422 569 1512 κσιμημενον,
587 1421 735 1512 Σῶτορ,
754 1411 1019 1511 ἑύδόκησσν’
977 1442 1095 1491 πιστει
1112 1445 1160 1545 τη
1141 1408 1225 1499 είς
1242 1414 1295 1504 σί,
1321 1409 1531 1498 δικαιώσας
1545 1407 1606 1488 καὶ

325 1515 490 1616 χάριτι,
487 1514 582 1592 Ὓσί
559 1523 850 1616 υπερυψοῦντα
854 1522 904 1600 είς
929 1514 1073 1602 πάντας
1097 1518 1185 1602 τοὺς
1210 1522 1361 1602 αἰῶνας.

769 1669 773 1678 “
876 1647 1066 1719 Θεοτόκισν.
1228 1711 1232 1722 .

414 1749 689 1852 Μακαρίζομεν
721 1748 857 1836 πάντες
889 1751 929 1828 σε’
952 1741 1261 1850 παμυακάριστε,
1297 1751 1367 1850 τὴν
1397 1752 1468 1826 τὸν
1495 1748 1606 1878 λόγον

328 1853 401 1930 τὸν
432 1855 552 1938 ὄντως
583 1857 675 1930 ὄντα
700 1850 888 1951 μακάριον
915 1852 1035 1950 σάρκα
1063 1854 1164 1930 δι’*
1139 1862 1242 1984 ημᾶς
1266 1851 1448 1956 γεγονότα
1474 1848 1607 1956 γεννή-

332 1980 468 2046 σασαν,
494 1957 540 2032 ὃν
553 1955 831 2056 ὑπερυψοῦμεν
856 1961 907 2040 εἰς
931 1956 1074 2057 πάντας
1099 1957 1187 2042 τοὺς
1214 1963 1365 2041 αἰῶνας.

850 2085 957 2179 Ὠιόν)
966 2075 1093 2182 ἐννότη.

407 2191 530 2276 Ἐλπὶς
553 2188 759 2290 μαρτύρων
781 2191 919 2292 χοροὺς
943 2191 1122 2294 ἕνεύρωσε
1148 2192 1212 2269 καὶ
1229 2190 1322 2321 πρὸς
1336 2192 1406 2288 τὴν
1424 2189 1498 2287 σὴν
1516 2187 1607 2319 676-

331 2321 406 2390 πην
438 2291 631 2392 διαπύροις
660 2297 855 2392 ἐπτέρωσε,
888 2303 968 2369 τῶν
999 2293 1242 2391 μελλόντων
1236 2292 1382 2377 τούτοις
1407 2290 1606 2390 προτυπιό-

323 2407 432 2470 σασα
463 2395 532 2526 τὴν
564 2396 616 2493 μὴ
650 2396 949 2493 σαλευομένην”
928 2425 1046 2482 οντως
1071 2393 1299 2484 ἀνάπαυσιν),
1328 2389 1371 2492 ἧς
1397 2394 1467 2469 τὸν
1491 2423 1605 2490 μετα-

332 2498 488 2586 στάντα,
507 2495 662 2599 Ᾱγαθὲ,
676 2497 821 2573 πιστὸν
846 2497 1018 2583 ἀξίωσον.

415 2601 606 2696 Λαμπρᾶς
637 2597 700 2674 καὶ
732 2599 842 2683 θείας
865 2606 993 2695 τυχεῖν
1018 2594 1232 2695 ἐλλάμψεως
1256 2606 1320 2694 τῆς
1347 2603 1426 2694 σῆς,
1453 2595 1605 2692 Χριστέ,

331 2699 408 2774 τὸν
426 2697 545 2774 πίστει
569 2696 808 2797 μεταστάντα
828 2699 1050 2876 εὑδόκησον.
1099 2700 1214 2797 ‘6'666
1216 2727 1240 2775 ν
1264 2697 1413 2782 κόλποις
1431 2697 1608 2828 Ἀβραάμ

323 2797 563 2891 ἀνάπαυσιν,
596 2798 773 2896 μόνος
744 2831 798 2886 ως
828 2801 1005 2900 ἐλεήμων,
1037 2800 1159 2901 τούτῳ
1192 2797 1432 2902 δωρούμενος
1456 2830 1524 2876 και
1547 2809 1608 2897 τῆς

333 2905 491 2979 αἰωνίου
505 2904 639 3034 ἀξιῶν
662 2901 944 3031 μακαριότητος.

414 3004 514 3082 ‘²0
491 3004 547 3080 τόν
578 3014 625 3102 τῇ
658 3002 769 3105 φύσει
798 3005 958 3103 χρηστὸς
989 3005 1053 3081 καὶ
1085 3006 1338 3135 εύσπλαγχνος
1362 3002 1426 3078 καὶ
1453 3002 1605 3100 θελητὴς

333 3107 465 3196 ἐλέους,
499 3107 822 3234 εὐσπλαγχνίας
801 3139 824 3204 6
858 3109 1042 3236 ἄβυσσος·
1077 3107 1194 3182 ὑνκ
1153 3109 1194 3182 ἐκ
1225 3104 1343 3181 τόπου
1375 3102 1516 3180 τούτου
1548 3113 1605 3200 τῆς

332 3205 530 3294 κακώσεως
553 3208 617 3284 καὶ
644 3217 749 3294 σκιᾶς
769 3218 838 3285 τοῦ
859 3206 1048 3300 θανάτου,
1075 3215 1221 3305 Σωτερ,
1246 3207 1485 3304 μετίστησας,
1513 3208 1605 3283 ἔνθα

333 3308 567 3407 καταλάμπει
593 3323 662 3386 σου
687 3311 731 3386 τὸ
758 3319 852 3409 φῶς,
878 3319 1016 3388 τοῦτον
1041 3308 1262 3395 κατάταξον.

883 3441 1072 3513 Θεστόκισν.

418 3545 714 3676 Σκηνὴνάγίαν
735 3546 831 3675 ἀγνὴ
848 3545 1095 3676 γινώσκομεν,
1121 3575 1185 3621 και
1172 3543 1378 3646 κιβωτὸν,
1405 3573 1471 3618 και
1459 3539 1605 3618 πλάκα

323 3641 391 3722 ’σε’
408 3653 477 3723 τοῦ
510 3645 631 3746 νόμου
663 3655 729 3746 τῆς
757 3646 922 3746 χάριτος,
957 3647 1022 3724 διά
1048 3655 1117 3723 σού
1141 3646 1216 3749 γάρ
1244 3649 1374 3746 ἀφεσις
1400 3643 1605 3742 δεδώρηται

334 3753 413 3836 τοῖς
444 3747 745 3880 δεδικαιωμένοις
776 3749 840 3825 διὰ
873 3759 942 3826 τού
969 3755 1009 3825 αἱ
1005 3754 1125 3847 ὐατος
1150 3757 1218 3829 τοῦ
1245 3749 1605 3844 σωματωθὲντοςίιι

334 3859 401 3949 τῆς
425 3859 491 3949 σῆς
509 3852 683 3954 γαστρὸς,
713 3850 947 3951 Πανάμωμε.

864 3980 1089 4064 Ὁδιάκσνσς.

409 4088 486 4162 ”Eu
511 4087 576 4164 καὶ
601 4090 653 4162 ἔτι
679 4091 720 4164 ἐν
746 4075 871 4188 εἰρήνῃ
896 4101 1018 4171 καὶτὰ
1039 4097 1124 4190 εξῆς.

419 4203 522 4274 Μετὰ
543 4203 581 4274 66
602 4203 661 4294 τὴν
682 4202 868 4296 ἒκφώνησιν
890 4199 1064 4294 ἀρχόμεθα
1084 4207 1149 4276 τῶν
1164 4186 1352 4290 ἲδισμίλων.
1379 4195 1536 4269 Ἰωάννου
1549 4223 1605 4288 μα

335 4311 436 4390 ταχοῦ
458 4311 592 4388 (loannis
613 4251 815 4390 I6amasceni).
824 4310 845 4390 Ἰ

420 4407 524 4486 Ποία
555 4417 625 4486 τοῦ
656 4410 746 4540 βίου
778 4408 904 4508 τρυφὴ
937 4406 1116 4505 διαμένει
1133 4402 1249 4503 λύπης
1281 4405 1484 4502 ἀμέτοχος,·
1524 4401 1607 4480 ποία

336 4506 429 4596 δόξα
455 4513 606 4609 ἕστηκεν
630 4507 689 4587 ἐπὶ
712 4519 780 4615 γῆς
806 4508 1055 4608 ἀαετάθετοςς
1081 4505 1205 4614 πάντα
1222 4515 1327 4593 σκιᾶς
1343 4507 1606 4607 ἀσθενέστερα,

423 4684 448 4746 1)
466 4684 502 4735 Cf.
521 4684 605 4737 Daniel
622 4647 739 4738 Mur.
756 4684 869 4752 Ηρωιιολ.
880 4685 922 4738 111.
940 4701 965 4752 ρ
974 4683 1016 4737 96
