3394 5308
929 398 976 474 62

397 596 469 666 Καὶ
493 593 512 666 ὅ
535 592 717 686 ἀρχιερεύς·
745 582 825 656 ἀνω
851 580 919 659 τὸν
943 589 1048 690 νοῦν.

397 716 468 784 Καὶ
488 711 626 795 πάντες·
652 701 784 796 ἔχομεν
809 700 900 799 πρὸς
924 700 992 777 τὸν
1016 696 1159 796 κύριον.
1168 701 1191 798 ¹)

397 834 468 902 Καὶ
493 830 512 902 ὁ
535 829 718 922 ἀρχιερεύς·
744 817 1069 918 εὐχαριστήσωμεν
1093 826 1147 920 τῷ
1173 815 1303 918 κυρίῳ.

397 951 470 1020 Καὶ
490 947 632 1031 πάντες·
659 937 765 1021 ἄξιον
788 935 851 1010 καὶ
877 935 1035 1013 δίκαιον.

306 1055 314 1074 ’
397 1069 469 1139 Καὶ
489 1065 508 1138 ὁ
530 1065 700 1159 ἀρχιερεὺς
726 1065 874 1138 εἰπάτω·
898 1057 1022 1142 ’Ἀξιον
1055 1055 1107 1140 ὥς
1141 1055 1295 1152 ἀληθῶς
1326 1053 1390 1128 καὶ
1426 1053 1590 1144 δίκαιον,

313 1173 385 1274 πρὸ
417 1171 572 1250 πάντων
604 1173 788 1272 ἀνυμνεῖν
820 1197 860 1249 σε
892 1173 960 1249 τὸν
993 1175 1111 1258 ὄντως
1143 1175 1235 1250 ὄντα
1270 1169 1381 1262 Θεὸν,
1413 1171 1482 1248 τὸν
1515 1171 1592 1270 πρὸ

312 1301 391 1369 τῶν
415 1300 606 1396 γεννητῶν
631 1293 736 1382 ὄντα,
773 1295 811 1377 ἐξ
836 1286 881 1368 οὗ
906 1301 1008 1368 πᾶσα
1034 1291 1172 1392 πατριδι
1198 1294 1239 1367 ἐν
1265 1291 1415 1391 οὐρανῷ
1439 1290 1503 1368 καὶ
1529 1289 1593 1366 ἐπὶ

312 1420 380 1516 γῆς
406 1407 627 1507 ὀνομάζεται
653 1429 740 1512 (Eph.
754 1432 857 1508 3‚15)‚
889 1409 958 1487 τὸν
990 1408 1110 1508 μόνον
1146 1410 1351 1513 ἀγέννητον
1379 1409 1444 1484 καὶ
1470 1411 1592 1508 ἀναρ-

309 1559 382 1628 χον
406 1531 470 1605 καὶ
496 1529 757 1628 ἀβασίλευτον,
782 1529 847 1605 καὶ
873 1530 1092 1620 ἀδέσποτον,
1118 1527 1187 1605 τὸν
1213 1527 1382 1626 ἀνενδεῆ,
1408 1527 1475 1604 τὸν
1492 1556 1593 1604 παν-

312 1649 377 1734 τὸς
408 1649 563 1752 ἀγαθοῦ
590 1646 768 1749 χορηγὸν,
799 1647 867 1724 τὸν
893 1645 1012 1744 πάσης
1038 1647 1159 1732 αλτίας
1183 1647 1247 1722 καί
1271 1647 1446 1747 γενέσεως
1468 1644 1594 1744 κρείτ-

312 1797 418 1857 τονα,
450 1767 519 1842 τὸν
550 1763 708 1841 πάντοτε
739 1766 837 1841 κατὰ
869 1765 916 1842 τὰ
950 1765 1048 1843 αὐτὰ
1078 1765 1142 1841 καὶ
1175 1763 1350 1851 οὑςαύτως
1373 1767 1522 1862 ἔχοντα·
1551 1767 1596 1851 ἐξ

313 1881 359 1962 οὗ
383 1886 431 1962 τὰ
457 1884 594 1973 πάντα,
621 1880 794 1982 καθάπερ
820 1886 861 1959 ἔκ
884 1913 984 1969 τινος
1010 1883 1224 1985 ἀφετηρίας,
1250 1889 1302 1969 εἰς
1320 1884 1364 1959 τὸ
1382 1881 1476 1958 εἶναι
1492 1913 1594 1984 παρ-

312 2007 473 2102 ἢλθενά)
527 2001 575 2079 σὺ
606 2001 680 2106 γὰρ
714 2001 746 2076 εἶ
776 2001 799 2099 ἡ
826 2004 989 2102 ἀναρχος
1021 2011 1171 2104 γνῶσις,
1203 2002 1226 2101 ἦ
1253 2001 1374 2086 ἀΐδιος
1399 2001 1538 2101 ὅρασις,
1566 2001 1591 2100 ἡ

313 2124 513 2228 ἀγέννητος
546 2121 651 2218 ἀκοὴ,
685 2119 708 2217 ή
742 2119 944 2205 ἀδίδακτος
977 2120 1109 2220 σοφία·
1148 2120 1168 2196 ὃ
1204 2129 1350 2221 πρῶτος
1381 2129 1426 2217 τῇ
1463 2118 1592 2220 φύσει,

311 2242 376 2320 καὶ
401 2237 516 2338 νόμος
541 2247 594 2338 τῷ
622 2237 730 2328 εἶναι,
756 2238 820 2313 καὶ
843 2237 1022 2336 κρείττων
1047 2239 1187 2324 παντὸς
1207 2241 1389 2336 ἀριθμοῦ.
1421 2238 1475 2312 T&
1491 2235 1593 2316 ποίν-

312 2390 360 2436 τα
393 2363 433 2436 ἐκ
464 2366 533 2434 τοῦ
557 2355 609 2456 μὴ
635 2359 743 2441 ὄντος
768 2363 819 2442 εἰς
843 2357 886 2432 τὸ
913 2355 1008 2434 εἶναι
1033 2357 1265 2461 παραγαγὼν
1290 2356 1355 2433 διὰ
1379 2365 1448 2433 τοῦ
1472 2385 1596 2453 μονο-

312 2486 444 2580 γενοῦς
476 2500 546 2551 σου
578 2476 681 2551 υἱοῦ·
716 2474 834 2552 αὐτὸν
866 2475 909 2552 δὲ
941 2477 1013 2575 πρὸ
1045 2476 1200 2554 πάντων
1232 2472 1384 2553 ἀλαίνων
1407 2473 1595 2578 γεννήσας

312 2593 501 2696 βουλήσει,
535 2594 598 2672 καὶ
630 2589 810 2690 δυνάμει,
841 2592 907 2670 καὶ
939 2590 1170 2697 ἀγαθότητι,
1204 2592 1468 2692 ἀμεσιτεάτως,
1501 2595 1594 2672 υἱὸν

313 2719 519 2818 μονογενῆ,
554 2709 666 2817 λόγον
703 2710 813 2802 Θεὸν,
846 2711 985 2812 σοφίαν
1019 2711 1165 2804 ζῶσαν,
1197 2709 1436 2813 πρωτότοκον
1467 2708 1593 2812 πάσης

312 2837 464 2917 κτίσεως
488 2851 609 2928 (Coki,
628 2852 691 2926 15),
726 2832 883 2933 ἄγγελον
907 2839 972 2928 τῆς
996 2828 1157 2935 μεγάλης
1179 2834 1319 2930 βουλῆς
1343 2856 1415 2907 σου
1437 2851 1488 2926 (Is.
1502 2853 1535 2927 9,
1544 2855 1593 2932 6),

314 2949 484 3051 ἀρχιερέα
519 2948 600 3038 σὸν,
631 2949 787 3046 βασιλέα
821 2947 862 3024 δὲ
895 2949 958 3024 καὶ
982 2947 1114 3049 κύριον
1139 2947 1258 3048 πάσης
1282 2959 1415 3048 νοητῆς
1439 2949 1502 3025 καὶ
1529 2957 1594 3026 αλ-

315 3075 457 3167 σθητῆς
483 3065 643 3168 φύσεως,
668 3065 736 3143 τὸν
761 3065 833 3166 πρὸ
859 3063 1026 3156 πάντων,
1053 3067 1105 3144 δι’
1135 3061 1181 3144 οὗ
1202 3069 1249 3144 τὰ
1265 3065 1406 3145 πάντα·
1434 3067 1482 3145 σὺ
1498 3069 1593 3172 γὰρ,

317 3188 380 3265 θεὲ
414 3186 553 3278 αῑαίνιε,
590 3185 640 3261 δι’
680 3186 797 3261 αὐτοῦ
830 3183 877 3260 τά
906 3183 1030 3262 πάντα
1056 3186 1266 3284 πεποίηκας,
1298 3188 1361 3262 καὶ
1387 3186 1438 3261 δι’
1469 3188 1594 3265 αὐτοῦ

312 3316 377 3407 τῆς
408 3300 658 3408 προςηκούσης
682 3303 860 3404 προνοίας
883 3304 930 3378 τὰ
947 3305 1025 3380 ’ὅλα
1050 3305 1177 3391 ἀξιοῖς.
1216 3304 1267 3380 δι’
1298 3299 1345 3381 οὗ
1368 3303 1441 3410 γὰρ
1467 3305 1510 3381 τὸ
1536 3305 1593 3381 εἶ-

313 3456 376 3504 ναι
409 3426 584 3523 ἐχαρίσω,
618 3423 669 3499 δι’
700 3424 818 3499 αὐτοῦ
850 3423 914 3498 καὶ
945 3423 988 3499 τὸ
1022 3423 1063 3498 εὖ
1088 3422 1184 3501 εἶναι
1209 3421 1397 3522 ἐδωρήσω.
1449 3421 1470 3499 ὁ
1500 3425 1594 3512 Θεὸς

313 3543 376 3619 καὶ
402 3542 522 3639 πατὴρ
548 3549 616 3616 τοῦ
641 3547 869 3644 μονογενοῦς
892 3541 981 3615 υἱοῦ
1006 3566 1092 3614 σου·
1120 3541 1140 3616 ὅ
1167 3540 1219 3618 δι’
1249 3542 1367 3618 αὐτοῦ
1393 3542 1464 3641 πρὸ
1490 3541 1592 3619 πάν-

313 3689 391 3737 των
423 3655 577 3756 ποιήσας
607 3655 655 3733 τδι
680 3657 878 3755 Χερουβὶμ
902 3656 966 3733 καὶ
991 3657 1037 3732 τὰ
1064 3660 1256 3760 Σεραιμὶμ,
1293 3656 1434 3748 αἰῶνοίς
1458 3691 1497 3738 τε
1522 3663 1591 3738 καὶ

313 3775 492 3878 θρόνους,
532 3776 782 3879 ἀρχαγγέλους
815 3805 855 3850 τε
892 3777 956 3850 καὶ
995 3777 1188 3880 ἀγγέλους·
1229 3778 1293 3854 καὶ
1332 3779 1425 3876 μετὰ
1465 3785 1590 3856 ταῦτα

313 3895 449 3988 πάντα,
482 3892 636 3993 ποιήσας
669 3893 720 3972 δι’
758 3894 875 3972 αὐτοῦ
906 3894 974 3972 τὸν
1006 3894 1237 3994 φαινόμενον
1267 3905 1404 3974 τοῦτον
1428 3893 1588 3996 κόσμον,

400 4155 424 4217 1)
442 4154 604 4218 chrysost.
629 4152 718 4203 Ηοοτλ.
742 4149 806 4216 περὶ
828 4151 992 4219 μετανοίαςι
1017 4145 1186 4220 ἀνασχῶμεν
1207 4145 1289 4221 ἡμῶν
1311 4146 1359 4204 τὸν
1382 4151 1451 4205 νοῦν
1472 4151 1521 4204 καλ
1538 4149 1590 4214 τὰς

313 4234 437 4307 καρδίας.
473 4235 581 4303 cyrill.
600 4237 616 4287 1.
631 4252 652 4288 ο.
669 4229 740 4304 μετὰ
756 4237 835 4285 τοῦτο
851 4235 905 4300 βοᾷ
922 4228 937 4286 ὁ
954 4229 1055 4305 ἱερεύς·
1074 4229 1132 4285 ἀνω
1150 4230 1198 4294 τὰς
1214 4233 1330 4305 καρδίας
1347 4263 1379 4275 -
1396 4225 1588 4304 είταδποκρί-

313 4324 410 4374 rme·
429 4319 532 4390 ἔχομεν
549 4315 618 4386 πρὸς
635 4317 682 4370 τὸν
698 4311 803 4386 κύριον.
820 4310 889 4370 Εἶτα
907 4314 922 4372 ὅ
939 4315 1028 4388 ἱερεὺς
1044 4319 1131 4387 λέγει·
1149 4315 1392 4392 εὐχαριστήσωμεν
1410 4319 1586 4390 τῷκυρλρ-

314 4395 372 4458 εἶτα
388 4405 489 4472 λέγετε.
513 4393 592 4463 ἀξιον
608 4403 656 4454 καλ
674 4399 790 4456 δίκαιον.

398 4490 424 4550 2)
442 4507 463 4542 τ.
482 4491 566 4556 Drey.
585 4491 601 4542 Ι.
614 4507 634 4542 τ.
654 4507 678 4555 p.
689 4489 752 4540 125:
778 4489 908 4551 „Romam
924 4505 952 4540 τα
971 4491 1067 4540 werden
1084 4491 1191 4544 τειδίιολ
1208 4490 1251 4543 ἀει
1268 4491 1358 4554 nomm
1372 4491 1415 4542 der
1433 4492 1586 4558 Schoptnng,

314 4577 357 4628 der
375 4575 436 4625 ωΙιε
455 4591 484 4626 το
502 4576 548 4626 σεο
567 4574 826 4638 Εωεοειίοοι-Βιρεῐλῐ
840 4576 921 4626 ειτείῐι
939 4575 993 4626 οοδ
1010 4575 1055 4626 mit
1072 4574 1110 4626 ein
1129 4575 1219 4628 Βεαείι
1236 4591 1281 4628 τοο
1299 4576 1353 4628 λεια
1372 4575 1437 4627 Alter
1454 4575 1500 4628 der
1518 4579 1589 4630 Con·

314 4661 453 4712 ιιίιοῑίοοεο
472 4661 511 4714 ἰοί.
