3388 5304
926 387 1000 462 620

322 580 389 668 τῆς
414 578 536 668 ψυχῆς
559 568 625 645 καί
648 578 717 645 τοῦ
744 567 928 664 σώματος,
952 573 1017 648 ἵνα
1043 567 1155 670 πόθῳ
1181 568 1318 669 δοξάζρ
1346 598 1401 662 σε,
1436 571 1595 676 μεγαλύ-

322 699 404 750 νων
429 671 472 747 τὸ
498 668 633 767 κράτος
658 698 739 748 σου.
1309 731 1312 738 .

407 773 541 874 Χρίσει
574 780 644 849 τοῦ
668 772 793 849 ἐλαίου
820 798 889 855 σου
913 774 977 848 καί
1002 773 1144 870 ἱερέων,
1178 771 1440 874 φιλάνθρωπα,
1474 779 1596 874 ἐπαφῇ

321 875 411 960 τοὺς
436 876 577 961 οἰκέτας
602 899 671 950 σου
697 873 857 977 ἁγίασον
883 875 1050 964 ἀνωθεν,
1077 873 1301 973 νοσημάτων
1326 883 1452 975 ῥῦσαι,
1479 886 1598 975 ψυχῆς

321 1007 361 1052 τε
393 976 460 1053 τὸν
492 982 612 1074 ῥῦπον
641 974 837 1076 κάθαρον,
872 977 1067 1067 ίκπλυνον,
1100 979 1223 1076 σωτήρ
1256 979 1321 1054 καί
1353 979 1597 1055 πολυπλάκων

322 1078 549 1158 σκανδάλων
573 1075 773 1175 λύτρωοαι,
807 1077 895 1162 τοὺς
919 1075 1059 1164 πόνους
1082 1078 1370 1178 παραμύθησαι,
1404 1079 1474 1166 τὰς
1499 1111 1597 1178 περι-

323 1177 468 1266 στάσεις
500 1180 678 1267 ἐκδίωξον
710 1181 775 1256 καί
807 1179 874 1266 τὰς
907 1181 1057 1279 θλίψεις
1081 1177 1284 1280 ἀφάνισον,
1317 1180 1368 1266 ἁς
1394 1183 1597 1282 οἰκτίρμων

321 1282 386 1358 καί
410 1285 675 1386 εὕσπλαγχνος.

688 1395 802 1488 Δόξα,
828 1397 892 1474 καὶ
915 1406 1000 1474 νῦν.
1040 1411 1231 1485 θιιτόειιι.

406 1517 461 1592 Σὲ
487 1517 530 1592 τὸ
555 1515 834 1614 καθαρώτατον
858 1523 926 1590 τοῦ
950 1518 1133 1613 βασιλέως
1150 1515 1331 1593 παλάτων
1349 1516 1515 1603 δυςωποῖ
1533 1549 1597 1594 πο-

321 1615 521 1716 λυίμνητε,
548 1619 617 1695 τὸν
632 1627 728 1695 νοῦν
744 1645 820 1713 μου
837 1613 1065 1716 καθάρισον,
1091 1618 1161 1693 τὸν
1184 1621 1437 1714 ἐσπιλωμένον
1463 1619 1596 1705 πάσως

321 1720 531 1818 ἁμαρτίαις.
585 1720 658 1796 Καί
689 1716 928 1821 καταγώγιον
958 1717 1119 1819 τερπνὸν
1143 1729 1208 1818 τῆς
1232 1721 1421 1819 ὑπερθέου
1446 1720 1597 1819 τριάδος

320 1822 489 1918 ποίησον,
525 1823 624 1906 ὅπως
656 1821 726 1918 τὴν
758 1819 986 1896 δυναστείαν
1012 1846 1081 1896 σου
1107 1821 1240 1898 καὶτὸ
1268 1824 1479 1921 ἀμέτρητον
1504 1827 1596 1909 ἔλεος

320 1923 519 2027 μεγαλιίνω
546 1921 768 2017 σωζόμενος,
796 1922 816 1997 ὃ
842 1923 987 2018 ἀχρεῖος
1012 1923 1151 2020 οἰκέτης
1176 1947 1256 2001 σου.

408 2041 455 2108 Τὸ
482 2022 688 2128 Τριςάγιον.
743 2039 791 2108 Τὸ
816 2024 995 2126 Παναγία
1020 2023 1136 2118 τριάς.

407 2141 456 2211 Τὸ
483 2125 608 2226 Πάτερ
634 2126 754 2224 ἡμῶν.
797 2124 882 2202 Ὅτι
908 2133 978 2202 σοῦ
1002 2128 1115 2200 ἐστιν.

857 2255 1059 2347 Ἰησπὰριοτ.

408 2361 531 2456 Ταχὺς
561 2367 612 2446 εἰς
645 2361 857 2458 ἀντίληψιν,
891 2359 1007 2456 μόνος
1037 2359 1220 2458 ὑπάρχων
1251 2359 1405 2460 Χριστὲ,
1441 2369 1592 2458 ταχεῖαν

318 2462 388 2558 τὴν
423 2463 578 2540 ἀνωθεν
613 2463 736 2550 δεῖξον
770 2463 962 2561 ἐπίσκεψιν
997 2468 1074 2548 τοῖς
1109 2461 1294 2560 πάσχουσι
1329 2461 1480 2548 δούλοις
1513 2493 1595 2553 σου,

318 2560 506 2657 λάτρωσαι
540 2561 765 2662 νοσημάτων
799 2566 864 2640 καί
896 2573 1041 2664 πικρῶν
1075 2563 1296 2667 ἀλγηδόνων
1327 2566 1491 2667 ἔγειραν·
1526 2575 1595 2642 τοῦ

318 2663 452 2759 ὑμνεῖν
478 2691 518 2740 σε
543 2666 607 2742 καί
633 2663 804 2756 δοξάζειν
829 2663 1042 2756 ἀπαύστως,
1069 2667 1281 2765 πρεσβείαις
1305 2674 1371 2764 τῆς
1398 2665 1594 2756 θεοτάκου,

318 2763 410 2860 μένε
437 2765 696 2866 ψιλάνθρωπε.

402 2881 474 2950 Καὶ
494 2880 598 2964 εὐθὺς
618 2882 679 2973 τήν
699 2881 870 2973 συναιτιήν
890 2879 909 2952 ἁ
932 2878 1085 2963 διάκονος
1105 2878 1127 2972 ἢ
1148 2879 1168 2950 δ
1189 2889 1324 2974 πρῶτος
1343 2889 1411 2952 τῶν
1431 2881 1559 2973 ἱερέαν.

395 2983 458 3060 Ἕν
483 2986 622 3085 εἰρήνῃ,
648 2994 717 3062 τοῦ
742 2987 886 3084 Κυρίου
912 2985 1122 3084 δεηθῶμεν.

396 3085 502 3182 Ὑπὲρ
527 3097 593 3186 τῆς
619 3091 773 3164 ἀνωθεν
799 3085 954 3186 εἰρήνης.

396 3187 501 3286 Ὑπὲρ
526 3199 591 3287 τῆς
615 3186 761 3288 εἰρήνης
783 3198 853 3266 τοῦ
879 3188 1106 3285 σύμπαντος.

396 3289 501 3388 Ὑπὲρ
526 3301 595 3368 τοῦ
621 3292 732 3393 ἁγίου
759 3296 864 3368 οίκου
889 3288 1038 3367 τούτου.

388 3389 493 3492 Ὑπὲρ
523 3403 593 3472 τοῦ
622 3396 875 3497 εὐλογηθῆναι
903 3391 946 3468 τδ
975 3394 1099 3468 ἐλαων
1127 3398 1238 3468 τοῦτο
1265 3399 1312 3487 τῇ
1340 3388 1505 3490 δυνάμει
1527 3390 1593 3467 καί

315 3493 491 3594 ἐνεργείᾳ,
520 3496 584 3571 καί
614 3493 842 3596 ἐπιφοιτήσει
866 3501 937 3571 τοῦ
964 3492 1076 3598 ἁγίου
1104 3489 1326 3590 πνεύματος,
1351 3501 1421 3569 τοῦ
1445 3495 1591 3596 Κυρίου

315 3591 526 3690 δεηθῶμεν.

393 3693 497 3794 Ὑπὲρ
522 3705 591 3774 τοῦ
617 3694 756 3774 δούλου
782 3703 850 3772 τοῦ
879 3699 972 3771 Θεοῦ
997 3695 1131 3784 δεῖνος,
1156 3695 1309 3792 καὶτῆς
1335 3697 1375 3772 ἐν
1406 3699 1487 3796 Θεῷ
1513 3699 1590 3772 ὲπι-
1688 3715 1689 3718 ’

315 3797 478 3895 σκέψεως
511 3799 641 3890 αὐτοῦ,
673 3798 737 3875 καί
768 3797 861 3896 ὑπὲρ
893 3805 963 3873 τοῦ
995 3800 1120 3872 ἐλθεῖν
1152 3797 1208 3872 ἐπ’
1238 3797 1355 3874 αὐτὸν
1382 3797 1453 3896 τήν
1475 3796 1591 3898 χάριν

313 3907 383 3974 τοῦ
409 3897 520 4002 ἁγίου
546 3899 769 3997 πνεύματος,
795 3908 867 3977 τοῦ.
889 3897 1033 3997 Κυρίου
1059 3897 1271 3995 δεηθῶμεν.

386 3997 491 4101 Ὑπὲρ
516 4011 586 4079 τοῦ
611 4007 800 4100 ῥυσθῆναι
828 4000 945 4076 αὐτὸν
969 4001 1034 4076 καί
1057 3999 1165 4098 ἡμᾶς.

393 4101 629 4201 Ἀντιλαβοῦ,
658 4113 796 4194 σῶσον,
822 4104 980 4201 ἐλέησον.

404 4209 476 4302 Τῆς
500 4205 686 4309 πανσγίας
711 4201 913 4302 ἀχράντου.

399 4311 485 4388 Εἰτσ
506 4322 595 4411 λέγει
614 4317 633 4392 ἁ
656 4325 790 4410 πρῶτος
809 4327 875 4390 τῶν
892 4317 1007 4410 ἱερέων
1020 4318 1079 4410 τήν
1093 4313 1189 4408 εὐχήν
1202 4321 1262 4388 τοῦ
1276 4311 1402 4400 ἐλαίου,
1426 4311 1589 4386 ἀπενάντι

313 4405 373 4492 τῆς
392 4402 567 4494 κανδήλας.
576 4411 597 4488 ¹)

402 4563 426 4624 1)
452 4565 585 4616 ῦοττοιε
604 4566 690 4618 Oleum
708 4563 809 4614 infirmis
827 4561 944 4628 τορετιίἰι
961 4563 985 4612 in
1005 4575 1060 4612 τιετ
1077 4567 1189 4627 tepente
1207 4573 1257 4612 σοσ
1274 4568 1400 4610 mmm
1417 4557 1512 4622 Gnaei,
1537 4558 1586 4610 αἰεί

313 4649 397 4700 rotun
415 4649 439 4700 ἰο
458 4639 542 4710 mint
560 4651 661 4702 ειιΙειίι
680 4649 704 4700 iu
723 4662 768 4700 οτι
787 4662 815 4700 ex
832 4649 946 4714 ιρρειιιίι
964 4646 1125 4714 Ιιιτριέἰίιοε,
1143 4659 1171 4697 οι
1189 4645 1312 4708 niman,
1330 4658 1393 4711 qun
1401 4642 1587 4698 mmchfisu
1685 4665 1686 4680 ι
