3388 5304
711 429 781 503 561

110 604 145 672 ἐκ
166 611 228 672 τοῦ
250 605 363 688 δεξιοῦ
383 609 514 708 μέρους.
546 605 585 677 ‘O
606 609 645 678 δὲ
664 609 909 701 χαρταφύλαξ’)
937 612 1056 682 διττοῦ
1088 611 1262 704 ἀριστεροῦ
1285 619 1386 690 δίδω-

108 729 162 773 σιν
184 703 277 794 αύτῷ
296 705 417 798 χάρτην
438 708 474 776 ἐν
496 700 523 797 ᾦ
543 712 737 798 γέγραπται,
761 710 793 781 ελ
812 713 873 798 μὲν
894 713 1101 806 πατριάρχης
1122 717 1213 786 ἐστίν
1233 717 1253 787 δ
1276 745 1386 810 χειρο-

108 831 225 890 τονων,
245 815 366 876 ταῦτα·

170 909 320 1011 ’Ψήφῳ
352 914 414 987 καὶ
448 913 649 1012 δοκιμασίᾳ
674 923 753 992 τῶν
778 914 990 1016 ἱερωτάτων
1016 929 1297 1015 μητροπολιταῖν
1322 924 1385 999 καὶ

110 1012 411 1108 ἀρχιεπισκόπων
452 1018 517 1092 καὶ
557 1017 776 1092 ἐπισκόπων.
828 1031 872 1101 Εἰ
899 1034 938 1102 δὲ
963 1033 1227 1128 μητροπολίτης,
1263 1045 1383 1106 ταῦτα·

116 1116 235 1214 Ψήφιμ
261 1115 324 1190 καὶ
350 1116 551 1215 δοκιμασίᾳ
575 1127 654 1194 τῶν
678 1119 983 1218 θεοφιλεστάτων
1002 1121 1211 1198 ἐπισκόπων
1227 1126 1290 1197 καὶ
1306 1135 1385 1200 τῶν

108 1215 328 1293 ὁσιωτάτων
363 1220 669 1318 πρεσβυτέρων.’)
717 1221 767 1294 Ἡ
798 1223 886 1296 θεία
918 1221 1049 1319 χάρις,
1083 1223 1106 1322 ἦ
1142 1223 1301 1300 πάντοτε
1336 1226 1385 1302 τά

108 1322 257 1415 ἀσθενῆ
282 1319 558 1418 θεραπεύουσα,
585 1321 720 1397 καὶτὰ
747 1323 958 1400 ἐλλείποντα
986 1327 1266 1422 άναπληροῦσα,
1291 1355 1381 1426 προ·

104 1420 306 1516 χαρίζεται
337 1421 406 1496 τὸν
439 1421 558 1511 δεῖνα,
589 1424 656 1499 τὸν
682 1427 973 1523 θεοφιλέστατον
1006 1428 1272 1524 πρεσβύτερον,
1306 1430 1383 1504 ε’πί-

107 1550 251 1601 σκοπον
276 1532 341 1619 τῆς
365 1521 582 1598 θεοσιύστου
609 1522 758 1614 πόλεως,
785 1527 902 1622 τῆςδε.
959 1526 1169 1622 iterumue
1196 1527 1265 1604 οὖν
1290 1529 1383 1629 ὑπὲρ

107 1626 243 1712 αὐτοῦ,
278 1627 342 1700 ἵνα
374 1626 467 1720 ἔλθη
500 1627 557 1699 ἐπ’
589 1627 705 1701 αὐτὸν
729 1625 752 1722 ἡ
776 1627 886 1723 χάρις
910 1635 979 1704 τοῦ
1004 1631 1192 1730 παναγίου
1217 1629 1384 1722 πνεύμα-

106 1755 180 1810 1⁰9·
235 1739 307 1808 Καὶ
329 1737 363 1808 οῖ
383 1737 617 1828 τοιῖβήματσς,
638 1742 695 1810 καῖ
717 1740 751 1810 σῖ
772 1742 866 1824 ἐκτὸς
885 1728 928 1811 τά
959 1728 1074 1828 Κύριε
1100 1732 1247 1828 ἐλέησον
1258 1789 1270 1822 ,
1303 1745 1383 1835 τρίς.

102 1840 364 1927 Ἐπιδιδομίνσυ
385 1840 496 1911 τοίνυν
515 1849 576 1910 τοῦ
595 1841 751 1912 τοιούτου
770 1843 893 1932 χάρτου
914 1851 963 1934 τῷ
984 1843 1138 1935 άρχιερεῖ,
1161 1847 1217 1917 καί
1231 1855 1292 1916 τοῦ
1303 1874 1385 1937 χαρ-

104 1941 299 2034 τοφύλακος
313 1940 334 2031 ἢ
348 1949 410 2010 τοῦ
424 1938 654 2032 άρχιδιακάνου
673 1944 826 2033 λέγοντας
846 1946 885 2013 τὸ
911 1932 1158 2029 Πράσχωμεν,
1180 1945 1386 2039 ὁάρχιερεὺς

105 2043 327 2133 ἀναγινώσκει
347 2045 390 2112 τά
409 2045 622 2133 γεγραμμένα
639 2043 689 2125 είς
709 2044 854 2134 ἐπήκοον
874 2055 940 2116 τῶν
960 2049 1201 2137 περιεστώτων,
1227 2053 1284 2120 καὶ
1298 2050 1385 2120 πάν-

104 2173 174 2214 των
196 2144 396 2236 φωνούντων
416 2147 454 2214 τά
486 2131 599 2230 Kriou
624 2133 784 2230 ἐλέησον,
817 2145 862 2228 ὡς
883 2149 1147 2242 προδεδήλωται,
1178 2148 1385 2221 ἀναπτύσσει

105 2249 145 2314 τὸ
169 2244 361 2335 εῖαγγὲλισν
383 2244 401 2316 ὁ
423 2243 601 2336 ἀρχιερεῖς,
623 2249 680 2317 καὶ
700 2247 878 2340 ἐπιτίθησι
898 2259 938 2342 τῇ
959 2255 1087 2343 κεφαλῇ
1101 2255 1156 2322 καί
1171 2260 1218 2342 τῷ
1232 2251 1384 2342 τραχήλῳ

106 2356 169 2416 τοῦ
194 2349 498 2436 χειροτονουμένου,
527 2350 829 2439 συνεφαπτομένων
855 2352 1003 2420 καὶτῶν
1032 2349 1141 2434 ἄλλων
1164 2351 1396 2444 άρχιερέων.’),

105 2446 194 2518 Εἶτα
222 2456 331 2520 ποιεῖν
357 2451 520 2538 σταυροὺς
545 2458 634 2540 τρεῖς
654 2451 715 2520 ἐπὶ
734 2458 793 2538 τῆς
814 2454 962 2544 κεφαλῆς
984 2450 1095 2535 αὐτοῦ,
1125 2457 1181 2523 καί
1204 2455 1285 2540 ἔχων
1307 2457 1386 2526 ἐπι-

107 2551 263 2641 κειμένην
284 2547 373 2641 αύτῷ
395 2551 454 2641 τὴν
474 2559 579 2641 χεῖρα,
601 2547 731 2636 εὔχεται
752 2551 867 2634 οὕτως.

195 2656 366 2731 Δέσποτα
392 2653 504 2753 Κύριε
538 2661 559 2729 ὁ
588 2656 674 2739 Θεὸς
706 2655 828 2752 ἡμῶν,
866 2658 1171 2758 ὁνομοθετήσας
1203 2659 1294 2758 ἡμῖν
1319 2662 1385 2737 διὰ

109 2767 178 2832 τοῦ
212 2755 460 2855 πανευφήμσυ
495 2783 563 2833 σου
591 2757 798 2834 ἀποστόλου
826 2757 997 2850 Παύλου,
1031 2763 1204 2858 βαθμῶν
1230 2765 1294 2837 καὶ
1318 2793 1386 2838 τα-

108 2857 268 2960 γμάτων
304 2857 411 2944 τάξιν
446 2865 497 2944 ελς
531 2859 574 2936 τὸ
611 2861 910 2956 ἑξυπηρετεῖσθαι
950 2865 1013 2938 καὶ
1049 2871 1273 2966 λειτουργεῖν
1309 2874 1385 2952 ταῖς

110 3015 417 3030 ——u———u———u

199 3084 222 3143 i)
248 3083 421 3143 Caueeiiariue,
446 3085 485 3147 qui
514 3083 543 3132 ub
562 3083 741 3132 commentariis
759 3093 804 3132 εει.
839 3084 982 3134 Simeon:
1001 3077 1016 3132 ά
1034 3080 1064 3134 δὲ
1084 3078 1115 3132 τά
1134 3083 1188 3132 τῶν
1205 3081 1302 3149 ίερίων
1320 3083 1385 3136 ἐπι-

109 3167 206 3216 στατεῖ
227 3164 274 3214 καλ
297 3161 421 3215 εδιακτεῖ
443 3156 555 3220 τούτους
578 3165 625 3214 καὶ
642 3163 742 3229 ἐρευνᾷ
760 3158 790 3215 τά
810 3165 874 3230 περὶ
891 3159 995 3214 αὐτῶν·
1020 3169 1247 3233 προςαγομίνους
1269 3163 1383 3228 ἐξετάζει

109 3251 157 3298 zai
182 3243 252 3315 πρὸς
276 3243 305 3298 τὸ
329 3248 459 3314 ἱερᾶσθαι
476 3245 616 3317 πραιάγει,
640 3250 687 3298 καλ
705 3245 735 3298 τιὶ
754 3247 809 3300 ταῖν
824 3241 926 3316 γάμων
943 3253 1070 3317 νομίμως
1086 3250 1224 3315 φροντίζει
1241 3253 1385 3316 γίνεσθαι·

109 3331 142 3384 ιιῖ
167 3333 223 3384 τιῖν
247 3329 406 3384 ίπισιιόπων
427 3331 456 3383 δὲ
481 3333 528 3382 καὶ
546 3329 578 3384 τά
596 3335 650 3384 τῶν
666 3335 783 3398 κρίσεων
801 3331 974 3396 ἐξυπηρετῶν
991 3327 1178 3402 δικαιώματα·
1203 3330 1319 3402 γνυίμην
1336 3338 1385 3386 τοῦ

109 3413 243 3488 ιἐράρχον
260 3417 308 3468 καὶ
325 3413 357 3468 τά
373 3407 561 3487 ὑπομνήματα
580 3413 730 3485 φυλάσσει·
747 3417 793 3467 τιιλ
810 3417 865 3484 γάρ
883 3413 953 3474 ὅλως
969 3411 984 3480 ἡ
1002 3416 1079 3476 δεξία
1095 3416 1153 3468 ἔστι
1168 3418 1217 3470 rori
1228 3415 1384 3488 δρχιρρίαις.

196 3504 222 3564 2)
241 3505 343 3555 Grandis
361 3513 398 3554 εει
415 3512 439 3554 et
456 3505 582 3554 sollemnis
601 3505 769 3554 Maronitarum
788 3507 856 3556 ritus.
892 3503 1028 3554 Potriorchu
1046 3505 1183 3567 genuflectit
1201 3519 1282 3554 eorum
1300 3506 1384 3558 Ελεελυ

109 3591 184 3640 etita
210 3589 282 3639 dicit:
308 3589 411 3652 Spiritus
430 3589 531 3639 Sanetus
549 3597 615 3639 uocat
634 3598 665 3647 te,
684 3599 709 3638 ut
726 3591 760 3638 sis
780 3590 913 3654 Episcopus
932 3597 972 3638 τοι
990 3589 1139 3654 Metropolim
1158 3604 1202 3653 pro
1222 3589 1275 3640 toeo
1293 3591 1321 3641 tt.
1356 3592 1386 3645 Et

109 3675 275 3735 genuflectunt
292 3688 377 3722 omues
395 3699 428 3710 -
447 3673 533 3723 deinde
552 3675 622 3723 etiarn
642 3673 738 3723 Electus
757 3675 859 3738 prouidit
876 3674 900 3722 io
919 3674 1003 3722 taciem
1022 3688 1090 3722 suom
1110 3689 1190 3724 corum
1207 3674 1343 3726 Potriorchu
1361 3683 1385 3726 et

109 3761 182 3809 dicit:
202 3758 333 3809 Consentio
352 3768 375 3808 et
393 3767 501 3822 accepto.

197 3842 224 3902 3)
239 3843 381 3892 Simeon:
406 3867 437 3878 —
457 3837 605 3902 δηλοῦντος
621 3839 670 3890 τοῦ
687 3839 769 3906 ἔργον
787 3833 823 3898 αῖς
840 3838 889 3892 τὸν
905 3834 1029 3906 Χριστὸν
1046 3839 1102 3905 ἔχει
1119 3836 1252 3906 κεφαλὴν,
1277 3837 1385 3910 κεφαλὴ

110 3926 156 3989 τῆς
179 3924 325 3986 ἐκκλησίας
347 3919 497 3993 γενόμενος
519 3927 567 3975 καλ
589 3918 681 3974 πάνιιι
706 3925 737 3974 uri
763 3926 809 3976 τοῦ
828 3925 949 3988 Χριστοῦ
971 3923 1075 3976 ελδίναι
1098 3924 1195 3976 τοδιον
1218 3925 1266 3976 καλ
1288 3927 1384 3977 πᾶσαν

109 4009 185 4076 ἔχειν
210 4005 260 4072 τὴν
285 4007 389 4074 γνῶσιν
415 4003 508 4071 αὐτοῦ,
533 4001 570 4066 ὠς
592 4007 709 4074 δγχιυρεῖ
732 4011 778 4058 καλ
802 4009 865 4074 περὶ
884 4003 912 4059 τὸ
932 4001 1097 4075 ἡγεμονικὸν
1115 4004 1200 4058 αὐτοῦ
1217 4013 1320 4059 τίθεται
1337 4009 1385 4060 καλ

110 4086 202 4144 πάντα
221 4092 290 4142 νοεῖν
307 4092 354 4141 καλ
370 4084 457 4158 λόγον
474 4093 521 4142 καὶ
539 4088 586 4150 τάς
604 4091 747 4156 αἰσθήσεις
764 4094 869 4143 ευποῡν
886 4093 933 4143 καλ
950 4091 1092 4160 ῥυθμίζειν
1109 4087 1177 4143 κατά
1197 4091 1320 4161 Χριστὸν
1336 4094 1384 4144 καλ

108 4173 165 4230 ouri
183 4173 232 4230 τὸν
250 4170 333 4238 ζυγὸν
349 4176 397 4227 τοῦ
410 4177 532 4242 Χριστοῦ
549 4173 652 4241 αὐχένα
669 4177 717 4226 καλ
732 4173 822 4243 μηδὲν
840 4172 969 4243 πράττειν
986 4173 1062 4245 παρά
1079 4169 1195 4243 γνύμην
1211 4175 1304 4230 αὐτοῦ.
1322 4179 1382 4230 Cod.

111 4267 185 4316 Liui.
204 4263 335 4329 μλλθτη.
371 4264 447 4314 Latini
466 4263 634 4314 erttestoriaut
653 4264 734 4314 iubent
751 4263 858 4314 corticem
870 4263 1033 4327 urengetteum
1053 4263 1187 4313 orrtiuourio
1205 4263 1296 4326 imponi
1315 4271 1384 4314 toto-

110 4365 182 4415 quour
202 4358 297 4400 εειετιι
315 4347 509 4398 ευιιεεετιλοιῖτε
528 4363 612 4411 preces
630 4351 773 4400 recitentur:
793 4351 877 4400 Graeci
895 4365 959 4407 τετε,
976 4349 1038 4412 Syri,
1053 4347 1181 4398 tterouitoe
1200 4361 1252 4396 euru
1265 4350 1384 4398 coerimo-

111 4437 174 4485 uiom
193 4443 244 4484 turo
264 4433 315 4481 sseri
334 4434 509 4496 praeteribunt.
529 4442 655 4496 postquam
674 4435 835 4484 Consecratur
854 4448 949 4482 ιιιιιιιοιιι
969 4434 1039 4496 cupiti
1058 4433 1184 4480 ordinandi
1203 4433 1326 4496 imposuit,
1345 4434 1383 4482 ut-

111 4533 183 4570 erus:
203 4517 285 4568 Diriuu
304 4519 378 4580 gretia
398 4526 442 4568 ιιι.
466 4517 602 4566 Nestoriuoi
622 4517 703 4579 tegunt
720 4532 748 4567 ετ
759 4517 880 4579 euangelio
891 4519 970 4567 tiottlr.
986 4515 1023 4576 tu,
1035 4515 1140 4566 13-18.
1161 4515 1264 4576 tot.2t‚
1276 4516 1382 4568 to-tt.

112 4604 253 4669 impositum
272 4601 424 4663 Euangeliou
443 4609 533 4662 teneor,
557 4603 634 4652 donec
661 4615 745 4665 preces
772 4615 857 4651 omnes
884 4603 1052 4666 compleantur
1074 4609 1234 4666 ρειοειιιηοε
1253 4615 1383 4653 consecro-

111 4689 181 4742 tiouis
200 4685 364 4754 proeirmutio
381 4687 429 4739 tter.
