3368 5308
925 389 998 468 ⁶10

725 577 801 650 Τοῦ
827 573 969 672 Κυρίου
995 571 1205 671 δεηθῶμιν.

407 707 577 786 Δέσποτα
609 703 734 804 Κύριε,
769 707 790 784 ὸ
819 707 963 792 Θεὸςε
941 715 1062 806 ημῶν,
1096 737 1116 782 ο
1102 705 1207 783 δια
1231 735 1298 791 τις
1321 703 1598 804 κολυμβήθρας

324 808 393 907 τὴν
419 806 597 940 οὐράνιον
621 811 805 906 έλλαμψιν
828 815 905 894 τοῖς
929 808 1212 939 βαπτιζομένοις
1237 809 1425 939 παρέχων·
1455 807 1476 882 ὅ
1501 809 1598 886 ἀνα-

323 907 505 1040 γεννήσας
535 910 603 988 τὸν
636 909 774 986 δοῦλόν
800 938 869 986 σου
895 909 962 986 τὸν
985 907 1237 1010 νεοφοίτιστον
1276 909 1328 986 δι’
1357 909 1499 994 ὕδατος
1534 910 1599 985 καὶ

324 1010 547 1107 πνεύματος,
572 1012 636 1088 καὶ
660 1012 729 1110 τὴν
753 1021 832 1088 τῶν
857 1013 1038 1089 ἑκουσίων
1062 1012 1126 1088 καὶ
1152 1012 1340 1088 ἀκουσίων
1371 1009 1599 1110 ἁμαρτημά-

325 1143 403 1190 των
429 1115 566 1212 ἄφεσιν
577 1114 693 1243 αὐτῷ
721 1113 996 1211 δωρησάμενος,
1023 1114 1150 1198 ἐπίθες
1175 1114 1279 1212 αὐτῷ
1304 1114 1373 1210 τὴν
1395 1111 1507 1213 χεῖρά
1530 1139 1599 1190 σου

324 1215 395 1313 τὴν
428 1212 623 1314 κραταιάν.
675 1216 749 1294 Καὶ
782 1214 950 1316 φύλαξον
975 1215 1092 1292 αὐτὸν
1117 1220 1159 1293 ἐν
1182 1223 1227 1344 τῇ
1254 1185 1415 1313 δυνάμει
1439 1223 1509 1312 τῆς
1535 1225 1600 1312 σῆς

325 1315 597 1446 ἀχαθάτητος,
600 1319 741 1394 ἄσυλον
764 1317 833 1394 τὸν
858 1317 1060 1416 ἀρραβῶνα
1081 1315 1327 1418 ἀιαφύλαξον,
1352 1347 1416 1393 και
1403 1317 1599 1402 ἀξίωσον

327 1419 444 1496 αὐτὸν
476 1425 527 1504 είς
558 1417 627 1516 τὴν
661 1418 760 1516 ζωὴν
791 1417 861 1516 τὴν
894 1417 1061 1509 αίιάνιον,
1095 1419 1159 1494 καὶ
1192 1424 1243 1503 είς
1274 1419 1346 1518 τὴν
1372 1418 1442 1517 σὴν
1469 1419 1599 1518 εὐαρε-

326 1520 446 1596 στίοιν.

399 1620 483 1698 Ὀτι
518 1619 565 1697 σὸ
598 1619 680 1695 εί
663 1653 682 1697 ο
717 1619 900 1750 ἁγιασμὸς
932 1620 1054 1718 ἡμῶν,
1087 1620 1149 1698 καὶ
1183 1619 1242 1697 σοὶ
1267 1619 1335 1717 τὴν
1361 1617 1528 1708 δόξαν’
1507 1652 1599 1698 ανοι-

325 1722 530 1820 πέμπομεν,
562 1731 616 1821 τῷ
649 1724 775 1822 πατρὶ,
808 1727 949 1822 καὶτῷ
975 1724 1060 1822 υἱῷ,
1090 1721 1154 1800 καὶ
1178 1731 1232 1852 τρί’
1265 1722 1361 1826 ἁγίῳ
1400 1726 1597 1822 πνεύματι,

327 1833 401 1904 νῦν
425 1824 488 1900 καὶ
514 1823 583 1913 ἀεὶ,
609 1825 673 1900 καὶ
699 1831 749 1909 είς
773 1823 859 1910 τοὸς
886 1795 1026 1909 αίίῦνας
1049 1833 1129 1900 τῶν
1155 1822 1315 1905 αἰώνων.

406 1924 549 2106 ΕΟίρήνη
575 1935 676 2002 πᾶσι.
733 1925 807 2010 Τάς
803 1925 1039 2056 κεραλάς
1017 1935 1128 2022 υμῶν
1152 1935 1205 2025 τῷ
1232 1925 1362 2026 Κυρίῳ
1387 1925 1549 2004 κλίνατε.

417 2025 736 2126 Οένὸυσάμενος
771 2027 810 2104 σὲ
845 2057 913 2104 τον
938 2028 1118 2128 Χριστὸν,
1153 2027 1217 2108 καὶ
1253 2027 1401 2104 Θεὸν
1366 2036 1506 2155 ημῶν,
1542 2029 1597 2104 σοί

326 2127 493 2206 ἀπέκλινε
521 2129 592 2205 σὸν
616 2129 708 2226 ἡμῖν
733 2129 802 2226 τὴν
827 2119 963 2205 ἑαάτοῦ
988 2129 1211 2229 κεφαλὴν,“
1193 2160 1238 2206 ον
1257 2125 1559 2229 ἀιαφάλαξον’
1512 2161 1598 2227 αητ-

326 2260 438 2328 τητον
472 2232 683 2361 ἀγωνιστὴν
718 2230 908 2327 διαμεῖναι
939 2233 1036 2306 κατὰ
1060 2239 1139 2309 τῶν
1163 2228 1288 2332 μάτην
1314 2233 1463 2361 ἔχθραν
1489 2262 1597 2363 φερο

325 2333 452 2430 μένων
476 2362 546 2409 κατ
590 2334 720 2422 αὐτοῦ,
746 2333 809 2408 καὶ
833 2333 952 2431 ἡμῶν.
984 2340 1045 2429 Τῷ
1071 2332 1113 2408 ἀὲ
1140 2342 1194 2436 σῷ
1212 2330 1403 2434 ἀφθάρτῳ
1423 2333 1596 2435 στεφάνῳ

325 2434 433 2562 μέχρι
458 2439 583 2519 τέλους
607 2435 758 2534 νικητάς
782 2433 926 2520 πάντας
950 2405 1158 2564 ἀνάδειξον.

400 2535 485 2612 Ότι
518 2533 635 2610 σάνέ
619 2541 695 2612 ἐστι
721 2537 764 2612 τὸ
790 2540 913 2626 ἐλεεῖν,
946 2566 1010 2611 και
998 2535 1197 2627 σώζειν,
1213 2537 1276 2612 καὶ
1303 2535 1362 2612 σοὶ
1386 2535 1459 2634 τὴν
1484 2533 1596 2622 δόξαν

327 2634 606 2762 ἀνρπίμπομεν,
647 2637 719 2713 σὸν
743 2646 797 2736 τῷ
825 2636 978 2737 ἀνάρχιρ
1005 2665 1073 2713 σου
1089 2637 1224 2766 πατρὶ,
1257 2637 1398 2735 καὶτῷ
1391 2637 1596 2768 παναγίιρ

326 2737 391 2812 καί
423 2738 562 2867 ἀγαθῷ
600 2739 664 2814 καὶ
704 2739 872 2830 ζωοποιῶ
905 2762 973 2815 σου
1007 2736 1202 2835 πνεύματι,
1235 2748 1309 2816 νῦν
1340 2738 1403 2815 καὶ
1431 2740 1504 2830 ἀεὶ,
1540 2739 1598 2816 καί

327 2844 378 2924 είς
402 2839 490 2924 τοὸς
514 2843 655 2926 αίῶνας
679 2848 758 2917 τῶν
784 2847 945 2916 αίωνων.
990 2838 1119 2940 Ἀμήν.

411 2955 484 3024 Καὶ
502 2953 630 3024 λάει“
596 2981 634 3025 το
657 2955 816 3046 ζωνάριον
836 2964 897 3026 τοῦ
917 2954 1069 3039 παιδίον,
1090 2957 1147 3026 καί
1168 2957 1206 3026 τὸ
1224 2954 1379 3043 σάβανον,
1402 2953 1493 3026 ιιοὶ“
1478 2955 1599 3037 ενοίσσς

326 3055 387 3137 τὸς
407 3051 511 3146 ἀκρας
532 3053 649 3138 αὐτῶν,
670 3057 782 3147 βρέχει
801 3059 887 3144 μετὰ
907 3057 1030 3138 ἀάατος
1049 3065 1203 3147 καθαροῦ
1225 3055 1338 3140 αὐτὸς,
1358 3057 1416 3127 καὶ
1437 3055 1548 3148 ῥαίνει
1563 3059 1598 3126 τὸ

327 3156 477 3242 παιδίον,
500 3159 619 3247 λέγων·

404 3261 663 3362 'mmmmm
690 3263 915 3363 ἕφωτίσθης,
946 3277 1004 3347 καί
1030 3277 1072 3348 τὸ
1098 3274 1214 3348 λοιπά.
1257 3275 1328 3346 Και
1353 3276 1469 3364 λαβὼν
1496 3275 1599 3366 σπόρ-

327 3403 386 3467 μον
411 3379 525 3448 καινὸν
550 3380 635 3466 μετὰ
661 3378 792 3461 ἀάατος,
822 3376 1064 3504 ἀπρσπογγίζει
1090 3380 1129 3448 τὸ
1150 3375 1395 3470 πρόςωπον’
1354 3385 1461 3448 αυτοῦ
1482 3379 1544 3448 σὸν
1562 3384 1599 3468 τῇ

328 3481 466 3570 κεφαλῇ,
487 3481 544 3549 καὶ
564 3481 604 3550 τὸ
626 3487 754 3570 στῆθος
773 3480 889 3549 καί“
850 3506 894 3549 τα
914 3481 1030 3562 λοιπὰ,
1053 3479 1171 3568 λέγων·

405 3583 679 3682 Ἕβαπτίσθης,
712 3585 962 3712 ἕφωτίσθης,
973 3581 1185 3681 ἐμυριάθης,
1218 3580 1416 3712 ἡγιάσθης,
1450 3580 1598 3660 ἐπελοά-

329 3685 439 3781 σθης,
466 3690 516 3770 είς
540 3686 729 3783 τὸόνομα
754 3695 822 3762 τοῦ
828 3684 999 3816 πατρὸς,
1024 3685 1088 3762 καί
1113 3693 1181 3762 τοῦ
1198 3689 1297 3775 υἱοῦ,
1323 3686 1474 3762 καὶτοῦ
1492 3684 1598 3812 ἁγίου

328 3782 548 3880 πνεύματος,
582 3797 655 3867 νῦν
686 3787 750 3866 καὶ
783 3788 853 3877 ἀει,
884 3787 948 3864 καὶ
981 3797 1031 3871 είς
1054 3787 1142 3870 τοὺς
1168 3792 1309 3872 αἰῶνας
1331 3795 1410 3864 τῶν
1438 3785 1598 3866 οάιιίνων

324 3884 451 3984 Ἀμήν.

624 4127 663 4200 G.
716 4125 838 4222 Εὐχὴ
864 4129 929 4208 είς
954 4121 1303 4223 τριχοκουρίαν.

413 4308 583 4385 Δέσποτα
609 4307 793 4408 Κύριε,
776 4341 795 4385 ο
824 4310 957 4394 Θεὸς
936 4337 1057 4406 ημυιν,
1092 4309 1114 4384 ὸ
1138 4317 1184 4406 τῇ
1209 4306 1325 4386 εὶκάνι
1348 4333 1419 4388 σου
1444 4307 1596 4408 τιμήσας

329 4407 398 4484 τὸν
432 4411 651 4507 ἄνθρωπον,
686 4416 726 4486 ἐκ
758 4421 892 4540 ψυχῆς
913 4419 1059 4538 λογικῆς
1091 4411 1155 4486 καὶ
1189 4409 1361 4508 σώματος
1398 4413 1597 4542 εὐπρεποῦς

330 4510 609 4643 κατασκευάσας
635 4513 771 4646 ριάτὸν,
792 4513 842 4599 ὡς
868 4511 917 4588 ἀν
940 4511 984 4588 τὸ
1010 4521 1120 4610 σωμα
1137 4513 1398 4612 ἐξυπηρετῆται
1414 4523 1460 4612 τῇ
1480 4520 1596 4612 ψυχῇ

329 4613 494 4710 κεφαλὴν
526 4645 596 4714 μεν
629 4616 687 4692 ἐπὶ
719 4623 797 4694 τῶν
829 4611 1076 4715 ὑψηλοτάτων
1108 4615 1202 4708 θεὸς,
1236 4615 1300 4694 καὶ
1332 4617 1373 4694 ἐν
1407 4617 1502 4714 αὐτῇ
1534 4615 1598 4696 τὰς
