3388 5304
919 385 993 462 640

318 566 473 658 στάντα,
500 569 612 656 ἔνθα,
625 565 791 662 ’Χριστὲ,
817 577 896 644 τῶν
921 567 1231 666 εὐφραινομένων
1248 567 1351 646 ἐστὶν
1374 567 1399 667 ἡ
1423 570 1591 646 κατοικία

316 669 382 748 καὶ
407 669 515 768 φωνὴ
539 671 715 768 καθαρᾶς
743 666 1004 772 ἀγαλλιάσεως.

398 771 605 868 Ὑμνοῦντα
641 767 836 868 πρόςδεξαι
867 772 912 848 τὸ
944 774 1053 846 θεῖον
1077 767 1214 868 κράτος
1248 795 1339 861 σου,
1373 773 1420 847 ὃν
1455 775 1496 848 ἐκ
1527 781 1591 874 γῆς

317 869 560 972 προςελάβου,
586 873 718 948 τέκνον
743 872 869 973 φωτὸς
886 881 1024 950 τοῦτον
1040 871 1299 974 ἐργαζόμενος,
1324 882 1390 972 τῆς
1407 873 1593 971 ἁμαρτίας

316 975 386 1072 τὴν
412 975 532 1075 ἀρχὴν
556 974 809 1074 ἐκκαθαίρων,
835 971 1012 1051 πολυέλεε.

859 1104 1049 1178 Θεοτόκιοι.

401 1215 557 1306 Δοχεῖον
583 1212 785 1307 ἄχραντον,
810 1211 906 1287 ναόν
926 1207 1176 1305 πανάμοιμον,
1202 1207 1368 1307 κιβωτόν
1387 1211 1592 1313 παναγίαν,

316 1312 549 1407 παρθενικόν
580 1311 698 1388 τόπον
729 1310 971 1414 άγιάσματος,
1005 1312 1045 1388 σε’
1077 1311 1261 1409 καλλονῆν
1292 1319 1361 1388 τοῦ
1386 1312 1541 1409 Ἰακῶβ,
1573 1313 1592 1388 ό

317 1411 496 1512 δεσπότης
521 1412 713 1501 ἐξελέξατο.
852 1411 856 1420 ’

823 1523 914 1616 Ὠιδῆ
937 1527 1087 1620 πέμπτη.

265 1719 270 1728 ,
398 1629 463 1717 Ὡς
495 1629 748 1729 ὁλοκάρπωσις
781 1633 862 1728 ἱερά
894 1631 958 1706 καὶ
991 1631 1043 1718 ὡς
1075 1631 1223 1732 ἀπαρχὴ
1256 1639 1321 1730 τῆς
1348 1631 1592 1732 ἀνθρωπίνης

318 1735 353 1809 οἱ
378 1734 565 1834 μάρτυρες
589 1733 746 1834 φάσεως.
804 1741 864 1832 Τῷ
882 1732 1142 1834 δεδοξασμένφ
1167 1735 1475 1833 προςενεχθέντες
1504 1739 1593 1832 θεῷ,

316 1835 409 1934 ἡμῖν
433 1837 503 1934 τὴν
529 1836 716 1935 σωτηρίαν
742 1837 800 1911 ἀεὶ
824 1833 1093 1933 βραβεύουσιν.

405 1945 477 2036 Τῆς
502 1939 682 2035 οὐρανίου
708 1937 909 2041 διαγωγῆς,
934 1946 1000 2034 τῆς
1024 1935 1206 2034 διαμονῆς
1230 1945 1309 2014 τῶν
1330 1931 1592 2034 χαρισμάτων,

318 2039 492 2130 ἀξίωσον,
520 2039 646 2138 Κύριε,
672 2040 740 2116 τόν
756 2039 1058 2139 προκοιμηθέντα
1075 2038 1209 2114 πιστὸν
1227 2039 1371 2136 οἰκέτην
1388 2064 1473 2129 σου,
1500 2069 1594 2136 παρ-

318 2140 414 2236 έχων
438 2150 518 2218 τῶν
542 2138 789 2238 πταισμάτων
813 2141 882 2238 τὴν
907 2137 1176 2237 ἀπολύτρωσιν.

397 2242 441 2321 Ὁ
465 2241 582 2340 μόνος
608 2241 718 2344 φύσει
745 2241 923 2336 ζωοποιὸς
939 2242 981 2316 τὸ
1000 2249 1065 2338 τῆς
1082 2236 1318 2344 ἀγαθότητος
1336 2241 1456 2325 ὄντως
1474 2241 1562 2328 ἀνεξ
1575 2289 1593 2298 -

313 2343 497 2440 χνίαστον
529 2349 697 2448 πέλαγος,
731 2346 799 2422 τὸν
831 2343 1074 2420 τελειωθέντα
1107 2353 1172 2440 τῆς
1202 2344 1395 2441 βασιλείας
1427 2351 1494 2440 τῆς
1530 2352 1593 2441 σῆς

318 2446 494 2537 ἀξίωσον,
520 2449 725 2549 οέκτίρμον,
747 2445 840 2545 μόνε
863 2442 1046 2523 ἀθάνατε.

864 2576 1054 2649 Θεοτόκιον.

394 2681 516 2778 Ἰσχάς
538 2681 603 2758 καὶ
627 2681 785 2779 ὕμνησις
811 2683 830 2757 ὃ
857 2686 898 2758 ἐκ
923 2693 1006 2773 σοῦ,
1032 2681 1210 2758 δέσποινα
1235 2688 1304 2758 τοῦ
1320 2679 1482 2778 κόσμου,
1510 2711 1593 2784 γεν-

317 2782 447 2879 νηθεὶς
477 2785 541 2859 καὶ
574 2785 737 2882 σωτηρία
770 2785 912 2887 ἐγένετο
938 2793 1016 2868 τοῖς
1041 2783 1320 2879 ἀπολλυμένοις,
1353 2785 1393 2860 ἐκ
1418 2793 1502 2860 τῶν
1525 2792 1592 2860 τοῦ

317 2884 416 2984 ῆίδου
440 2893 570 2962 πυλῶν
595 2879 774 2984 ῥυόμενος
798 2889 885 2971 τοὺς
910 2887 1028 2961 πίστει
1055 2913 1094 2961 σε
1119 2885 1406 2981 μακαρίζοντας.

854 3015 946 3107 Ὠιόῆ
970 3019 1056 3109 ἕκτη.

402 3130 568 3220 Σταυρῷ
594 3123 912 3220 προςηλουμένους
928 3130 1007 3198 τῶν
1024 3119 1230 3217 μαρτύρων
1246 3119 1333 3205 τοὺς
1346 3120 1488 3217 χοροὺς
1504 3121 1592 3214 πρὸς

318 3224 478 3300 σεαυτὸν
510 3222 717 3325 συνήγαγες
747 3226 1002 3321 μιμουμένους
1026 3224 1071 3298 τὸ
1096 3219 1222 3307 πάθος
1247 3247 1329 3312 σου,
1356 3221 1497 3324 ἀγαθέ,
1534 3222 1591 3298 διὸ

317 3333 388 3403 σοῦ
413 3323 594 3423 δεόμεθα,
620 3327 689 3401 τὸν
714 3325 807 3422 πρὸς
831 3326 871 3400 σε’
897 3323 1134 3422 μεταστάντα
1160 3333 1235 3402 νῦν
1254 3321 1492 3402 ἀνάπαυσον.

394 3425 595 3526 Ἀφράστφ
628 3435 673 3524 τῇ
707 3426 797 3524 δόξη
824 3453 893 3502 σου
919 3427 1012 3502 όταν
1037 3429 1151 3523 έλθης
1176 3429 1349 3526 φοβερῶς
1373 3432 1502 3520 κρῖναι
1527 3427 1590 3501 τὸν

317 3526 461 3624 κόσμον
494 3530 653 3606 ἅπαντα·
676 3533 717 3605 ἐν
748 3530 937 3628 νεφέλαις,
978 3526 1184 3625 εὐδόκησον
1216 3528 1386 3624 λυτρωτά
1420 3527 1593 3626 φαιδρῶς

316 3627 529 3726 ἀπαντῆσαί
554 3657 626 3720 σοι,
651 3632 697 3707 ὃν
721 3635 762 3705 ἐκ
786 3639 853 3733 γῆς
879 3627 1109 3726 προςελάβου
1122 3632 1144 3729 ¹)
1172 3630 1307 3708 πιστὸν
1330 3627 1472 3706 δοῦλόν
1498 3655 1578 3705 σου.

404 3731 514 3832 Πηγῆ
556 3732 651 3830 ζωῆς
666 3733 868 3832 πέφυκας,
901 3736 942 3810 ἐν
975 3731 1130 3830 ἀνδρείᾳ
1163 3736 1272 3827 θεϊκῆ
1306 3731 1591 3828 πεπεδημένους,

317 3830 493 3922 δέσποτα,
521 3833 541 3910 ὁ
566 3833 710 3937 ἐξάγων
735 3835 804 3910 τὸν
827 3832 966 3911 δοῦλόν
992 3860 1061 3911 σου
1087 3833 1155 3909 τὸν
1187 3835 1279 3930 πρὸς
1305 3831 1343 3908 σε’
1369 3841 1514 3920 πιστῶς
1536 3837 1592 3908 έκ-

316 3932 553 4034 δημήσαντα,
579 3940 620 4013 ἐν
645 3945 772 4036 τρυφῇ
797 3933 1027 4033 παραδείσου
1052 3934 1352 4034 κατασκῆνωσον.

865 4067 1056 4139 Θεοτόκιον.

400 4176 464 4256 Ελς
495 4180 568 4275 γῆν
601 4170 891 4272 ἀπεστράφημεν
916 4168 1155 4271 παραβάντες
1179 4179 1247 4250 τοῦ
1275 4176 1368 4247 θεοῦ
1393 4171 1465 4269 τῆν
1490 4175 1590 4249 ἐντο-

318 4273 386 4370 λῆν
418 4273 487 4371 τὴν
520 4277 667 4351 ἔνθεον.
715 4276 788 4350 Διά
816 4284 883 4350 σοι’
912 4274 966 4365 δέ,
999 4275 1193 4374 Παρθένε,
1229 4271 1321 4374 πρὸς
1353 4274 1524 4368 οὐρανὸν
1553 4279 1590 4350 ἐκ

316 4383 385 4476 γῆς
410 4373 687 4475 ἀνυφαίθημεν,
713 4377 782 4474 τὴν
807 4377 965 4478 φθοράν
989 4385 1058 4452 τοῦ
1086 4373 1259 4457 θανάτου
1285 4376 1553 4464 ἐκτινόξαντες.

404 4565 429 4626 1)
454 4566 494 4616 Vir
511 4565 602 4618 ὓοωει
619 4567 771 4628 vammum,
790 4567 830 4631 qui
848 4569 954 4620 Graeco·
972 4567 1097 4618 Thesauro
1115 4581 1170 4620 ωεο
1189 4567 1292 4631 hymnos
1315 4567 1420 4620 sollicita
1446 4581 1506 4619 em
1529 4565 1592 4617 ἰιει·

319 4645 375 4711 τκίι,
394 4648 451 4714 legit
467 4642 626 4716 πρόςλσρες.
