3368 5308
910 367 982 441 492

395 546 479 620 Εἶτα
499 548 621 639 είςόγει
644 547 724 620 6666
747 550 850 639 ἐντῷ
870 555 949 640 ναῷ,
972 547 1090 636 λόγων·
1669 537 1670 628 ᾗ

399 651 641 738 Ελςελεόσεται
674 660 724 737 ελς
755 652 822 729 τὸν
856 650 959 728 οἶκόν
984 677 1066 740 σου,
1104 648 1344 748 προςκυνήσει
1369 650 1459 745 πρὸς
1483 653 1571 728 ναὸν

312 754 422 859 ἅγιόν
449 781 529 830 σου.

395 888 466 956 Καὶ
488 886 666 974 εἶςέρχεται
689 887 792 976 ἐντῷ
812 885 905 974 μέσῳ
927 892 986 954 τοῦ
1007 890 1098 964 ναοῦ,
1122 883 1240 971 λέγων·

387 990 677 1086 Ἕκκλησιάζεται
706 991 725 1065 6
751 989 885 1073 δοῦλος
908 997 977 1063 τοῦ
1006 992 1108 1062 Θεοῦ.
1145 995 1229 1070 Εἶτα
1251 1000 1355 1088 λέγει·
1669 983 1670 1002 ’

390 1095 452 1166 Ἔν
476 1093 576 1189 μέσῳ
603 1090 793 1189 ἐκκλησίας
817 1089 974 1188 ὑμνήσω
1001 1117 1051 1164 σε.

396 1219 480 1292 Εἶτα
502 1221 626 1313 είςόγει
646 1221 727 1292 6666
749 1224 816 1312 πρὸ
838 1223 1038 1291 τῶνπυλῶν
1060 1227 1119 1289 τοῦ
1140 1218 1393 1309 θυσιαστηρίου,
1416 1219 1526 1308 λόγων·

389 1326 680 1424 Ἐκκλησιοίζεται
707 1326 726 1401 6
754 1326 886 1410 δοῦλος
911 1335 978 1401 τοῦ
1008 1330 1111 1400 Θεοῦ.
1147 1338 1217 1406 Καὶ
1238 1335 1362 1426 είςάγει
1383 1334 1463 1406 6666
1479 1337 1522 1419 εἰς
1534 1340 1574 1406 66

311 1441 562 1564 θυσιαστήριον,
585 1439 614 1511 εἰ
634 1442 696 1528 μὲν
717 1440 778 1532 τίηΙ
791 1437 896 1532 ἀῤῥεν,
920 1440 950 1511 εί
973 1442 1010 1510 66
1032 1443 1130 1529 θῆλυ,
1154 1440 1217 1519 ἕως
1230 1446 1295 1506 τῶν
1310 1436 1442 1528 ὡραίων
1455 1443 1573 1522 πυλῶν,

312 1546 474 1634 λέγωντὰ

399 1655 454 1721 Ν
436 1677 481 1722 W
508 1643 685 1730 ἆπθλνεις·
730 1661 802 1730 Καὶ
827 1662 913 1748 μετὰ
933 1667 1039 1784 ταῦτα
1059 1656 1195 1748 τίθησιν
1218 1654 1298 1726 6666
1321 1657 1415 1742 παρὰ
1437 1658 1495 1738 τὰς
1513 1655 1575 1726 θό-

311 1789 373 1848 ρας
405 1769 464 1830 τοῦ
497 1757 748 1850 θυσιαστηρίου.
791 1762 862 1830 Καὶ
890 1760 995 1842 οὕτως
1022 1757 1041 1830 ὁ
1072 1756 1234 1844 ἀνάδοχος
1260 1757 1486 1847 προςκυνήσας
1509 1759 1576 1846 τρίς
1669 1729 1670 1816 ᾗ

312 1864 475 1950 λαμβάνει
498 1863 589 1945 6666,
612 1864 669 1931 καὶ
691 1862 867 1953 ἐξέρχεται.
1669 1857 1670 1870 ’

466 2123 503 2193 6.
543 2117 663 2214 Εὐχή
690 2123 755 2202 ελς
780 2116 829 2192 τὸ
855 2125 1047 2213 ποιῆσαι
1072 2113 1437 2213 κατηχούμενον.

396 2302 487 2370 Λόοι
509 2299 527 2370 ό
551 2299 657 2386 ἱερεὺς
676 2301 735 2392 τήν
758 2297 859 2390 ζώνην
880 2306 939 2368 τοῦ
959 2299 1138 2384 μέλλοντος
1159 2304 1384 2390 φωτισθήναι,
1419 2300 1476 2367 καὶ
1498 2297 1578 2366 ἀπο-

312 2400 395 2483 δόοι,
417 2403 473 2472 καὶ
495 2400 636 2472 ἀπολύει
657 2402 767 2471 αὐτόν.
810 2401 880 2469 Καὶ
900 2403 1029 2491 ἵστησιν
1052 2397 1152 2470 αὐτὸν
1172 2400 1257 2469 κατὰ
1278 2397 1453 2482 ἀνατολὰς,
1484 2425 1577 2486 μονο-
1669 2413 1670 2426 ’

310 2501 434 2586 χίτωνα
455 2502 649 2596 λυσόζωνον,
683 2501 813 2592 ἀσκεπῆ
834 2501 891 2570 καὶ
913 2498 1130 2583 ἀνυπόδετον,
1153 2499 1269 2586 ἔχοντα
1284 2501 1345 2580 τὰς
1357 2508 1471 2589 χεῖρας
1484 2501 1576 2570 κάτω.
1669 2515 1670 2538 ³

312 2604 383 2671 Καὶ
410 2604 546 2694 ἐμφυσᾷ
573 2603 623 2685 είς
648 2605 686 2673 τὸ
714 2602 896 2690 πρόςωπον
917 2600 1020 2672 αὐτοῦ
1040 2605 1121 2693 τρὶς,
1147 2603 1204 2672 καὶ
1225 2600 1400 2693 σφραγίζει
1423 2601 1523 2672 αάτοῦ
1542 2604 1576 2670 66

311 2703 470 2789 μέτωπον
490 2705 547 2772 καλ
568 2706 606 2774 τὸ
628 2712 756 2794 στῆθος
778 2705 814 2773 ἐκ
833 2703 957 2791 τρίτου.

311 2859 314 2868 ’
398 2839 469 2908 Καὶ
490 2837 667 2987 ἐπιτίθησι
688 2839 747 2928 τήν
766 2845 860 2927 χεῖρα
882 2837 941 2908 ἐπὶ
961 2838 1020 2930 τήν
1041 2839 1187 2930 κεφαλήν
1211 2835 1322 2922 αὐτοῦ,
1345 2839 1465 2927 λέγων·

390 2959 472 3033 Ἐπὶ
505 2969 558 3058 τῷ
585 2957 743 3054 ὀνόματί
769 2988 850 3051 σου,
883 2958 1009 3058 Κύριε,
1047 2959 1066 3034 ὃ
1097 2959 1183 3043 Θεὸς
1208 2969 1271 3058 τῆς
1298 2959 1490 3090 ἀληθείας,
1522 2960 1577 3035 καὶ
1669 3017 1670 3020 λ

312 3067 380 3134 666
417 3071 645 3188 μονογενοῦς
680 3088 749 3190 606
785 3065 882 3152 υἱοῦ,
919 3063 982 3136 καὶ
1016 3069 1084 3136 τοῦ
1122 3061 1233 3190 ἁγίου
1266 3087 1335 3136 σου
1361 3061 1577 3186 πνεύματος,
1669 3061 1670 3064 '

313 3161 505 3262 ἐπιτίθημι
537 3162 607 3260 τήν
636 3161 744 3288 χεῖρρί
776 3193 852 3260 μοι·
886 3164 945 3238 ἐπὶ
977 3161 1043 3237 τὸν
1078 3161 1216 3289 δοῦλόν
1241 3187 1310 3239 σου
1338 3161 1488 3292 (τόνδε),
1522 3163 1577 3289 τήν
1669 3251 1670 3256 ¹

312 3265 592 3349 καταξιωθέντα
620 3271 755 3393 φυγεῖν
780 3266 838 3340 ἐπὶ
863 3267 905 3341 τὸ
932 3265 1040 3368 ἅγιον
1066 3262 1186 3358 όνομοί
1213 3291 1295 3353 σου,
1328 3265 1393 3340 καὶ
1417 3265 1493 3340 ὑπὸ
1519 3265 1578 3360 τήν
1669 3265 1670 3268 ’

314 3365 450 3493 σκέπην
482 3373 561 3441 τιῦν
586 3365 812 3495 πτερύγων
807 3392 875 3442 σου
902 3366 1221 3494 διαῳυλαχθήναι.
1267 3363 1542 3496 Ἀπόστησρν’
1525 3367 1574 3441 66’
1669 3413 1670 3418 κ

314 3467 432 3596 αὐτοῦ
457 3467 526 3596 τήν
551 3469 756 3545 παλαιὰν
741 3469 884 3564 εκείνην
909 3465 1065 3596 666666,
1091 3468 1154 3542 καὶ
1180 3469 1366 3600 ἔμπλησον
1387 3467 1508 3544 αὐτὸν
1525 3475 1579 3564 τῆς
1669 3565 1670 3570 ¹

313 3573 364 3650 εἰς
390 3567 429 3642 σέ
455 3570 622 3658 πίστεως,
654 3569 717 3644 καὶ
749 3569 915 3696 ἐλπίδος
925 3569 988 3644 καὶ
1024 3567 1180 3696 ἀγάπης,
1215 3571 1279 3644 ίνα
1303 3577 1421 3696 γνῷ,
1445 3571 1503 3644 ὅτι
1538 3568 1578 3643 σὺ

313 3666 429 3760 μόνος
457 3669 543 3754 θεὸς
576 3671 767 3767 ἀληθινὸς,
801 3671 863 3746 καὶ
897 3669 916 3745 ὃ
922 3668 1153 3800 μονογενής
1179 3696 1248 3746 σου
1274 3671 1367 3761 υἱὸς,
1402 3671 1422 3745 6
1450 3670 1579 3800 Κύριος
1669 3747 1670 3762 ,

312 3769 432 3898 ήμῶν
440 3773 580 3870 Ἰησοῦς
605 3773 779 3871 Χριστὸς,
805 3771 936 3848 καὶτὸ
962 3769 1071 3874 ἅγιόν
1098 3799 1166 3848 σου
1192 3781 1351 3900 πνεῦμα.
1378 3773 1455 3857 Δὸς
1481 3775 1577 3867 αῦτιῦ
1669 3771 1670 3796 ’

313 3876 355 3947 ἐν
379 3867 515 3956 πόσαις
540 3879 621 3958 ταῖς
646 3878 810 3958 ἐντολαῖς
836 3897 904 4003 666
931 3878 1175 3970 πορευθῆναι,
1202 3875 1265 3948 καὶ
1290 3875 1338 3950 66
1364 3871 1505 4002 ἀρεστρί
1528 3899 1578 3948 σοι
1669 3933 1670 3966 ,

314 3972 546 4071 φυλοίξαι,”
525 4005 581 4050 οτι
607 3973 674 4050 ἐὰν
700 3973 831 4072 ποιήση
859 3975 956 4051 6666
981 3977 1197 4073 ἄνθρωπος,
1226 3972 1370 4072 ζήσεται
1389 3976 1494 4052 ἐν
1448 3981 1578 4058 αυτοῖς.

314 4073 474 4202 Γράψον
506 4075 622 4152 αὐτὸν
655 4081 695 4151 ἐν
728 4077 852 4175 βίβλῳ
886 4075 981 4173 ζωής
1007 4103 1088 4166 σου,
1122 4079 1264 4153 ἐνωσον
1290 4075 1408 4208 66666
1432 4086 1479 4176 66
1506 4075 1580 4152 ποί·
1669 4125 1670 4162 ;

314 4203 389 4305 μνη
415 4186 480 4306 663
487 4175 750 4305 κληρρνομίας
776 4203 857 4267 σου,
881 4176 1130 4306 δοξασθήτω
1124 4178 1207 4254 66²
1187 4175 1308 4274 ονομά
1327 4202 1396 4254 σου
1415 4180 1459 4254 66
1479 4179 1579 4307 6766
1669 4259 1670 4262 Ἴ

314 4279 369 4352 ἐπ’
401 4279 518 4376 αὐτῷ,
555 4281 618 4354 καὶ
654 4287 722 4354 τοῦ
758 4281 965 4381 ἀγαπητοῦ
987 4303 1056 4355 σου
1091 4281 1189 4370 6606,
1226 4279 1367 4377 Κυρίου
1404 4281 1500 4356 66
1479 4287 1578 4377 ημιῦν
1669 4355 1670 4370 η

307 4379 430 4506 Ιησοῦ
454 4386 636 4478 Χριστοῦ,
662 4381 818 4456 καὶτοῦ
844 4381 1026 4472 ζωοποιοῦ
1053 4407 1122 4511 666
1149 4412 1368 4478 πνευματος.
1395 4384 1579 4457 Ἔστωσαν

315 4481 352 4554 66
364 4480 580 4612 ὃφθαλμρί
611 4508 681 4559 σου
715 4481 941 4575 ἀτενίζοντες
974 4488 1024 4570 είς
1049 4483 1167 4560 αὐτὸν
1192 4489 1233 4560 ἐν
1257 4483 1344 4568 ἐλέει
1369 4483 1578 4568 διαπαντὸς,
1669 4571 1670 4574 ¹

314 4609 378 4656 και
364 4579 503 4658 66
475 4582 554 4659 666
580 4610 649 4661 σου
674 4593 742 4660 τοῦ
767 4580 917 4662 ἀκούειν
941 4593 1006 4685 τῆς
1030 4593 1159 4686 φωνῆς
1182 4595 1247 4690 τῆς
1272 4582 1429 4683 δεήσεως
1454 4587 1577 4662 αὑτοῦ.
