3368 5308
699 415 770 488 491
855 463 857 466 -

105 597 269 696 Συμεῶν
302 597 545 695 βασταχθεὶς,
580 596 692 683 αὐτὸς
724 597 885 674 δέσποτα
918 597 1203 694 παντοδιίναμε,
1236 599 1300 675 καὶ
1330 601 1374 676 τὸ

104 698 316 826 πρρςαχθέν
340 703 451 775 τοῦτο
475 699 616 828 βρέφος
640 703 925 797 ἐμφανισθῆναί
943 725 1009 776 σοι
1034 730 1088 799 τῳ
1115 701 1270 778 πάντων
1294 731 1374 778 ποι

105 805 185 898 ητῇ,
220 799 434 903 εὐλόχησον,
468 801 531 876 καὶ
563 806 614 884 εἰς
638 806 716 877 πᾶν
718 803 851 930 ἐρχον
877 801 1042 904 ἀγαθὸν,
1073 803 1137 877 καὶ
1163 801 1222 877 σοὶ
1248 801 1375 900 εὐόρε·
1385 872 1386 881 ,

105 929 193 978 στον
227 905 400 998 αὔξησον,
435 903 692 998 ἀποσοβῶν’
672 902 729 977 απ’
761 904 880 1029 αὐτοῦ
904 909 1031 978 πᾶσαν
1056 905 1232 979 ἐναντίαν
1258 902 1377 980 δόνα-

102 1033 168 1100 μιν
201 1001 266 1078 διὰ
299 1008 364 1100 τῆς
396 1001 628 1130 σημειῶσεῳς
659 1009 728 1080 τοῦ
760 1002 880 1080 τύπου
912 1008 981 1079 τοῦ
1015 1010 1180 1103 σταυροῦ
1206 1029 1292 1080 σου·
1329 1006 1376 1082 σύ

103 1105 175 1232 χὰρ
202 1104 234 1180 εἷ
270 1104 290 1178 5
318 1102 524 1201 φυλάσσων
548 1105 595 1179 τὰ
622 1102 749 1202 νήπια,
775 1103 899 1201 Κύριε.
941 1106 1022 1181 Ἵνα
1046 1107 1283 1191 καταξιωθέν
1307 1117 1376 1182 τοῦ

105 1205 214 1332 ἁχίου
240 1208 498 1303 βαπτίσιιατος
523 1204 616 1335 τύχῃ
641 1215 707 1303 τῆς
731 1205 882 1334 μερίδος
905 1215 984 1282 τῶν
1009 1210 1189 1284 ἐκλεκτῶν
1213 1218 1279 1304 τῆς
1302 1210 1376 1306 βα-
1436 1276 1438 1284 .

104 1308 240 1434 σιλείρις
274 1333 355 1394 σου,
394 1305 676 1436 φυλαττόμενον
710 1307 782 1383 οὐν
813 1307 904 1403 ἡμῖν
936 1320 983 1404 τῇ
1012 1305 1137 1434 χάριτι
1178 1321 1242 1408 τῆς
1268 1309 1377 1412 άχίας

102 1409 166 1484 καὶ
192 1409 396 1504 ὑμοουσίου
422 1409 485 1482 καὶ
511 1407 723 1536 ἀδιαιρέτου
748 1408 909 1504 τριάδος.
951 1409 1025 1484 Σοὶ
1040 1409 1114 1540 χὰρ
1132 1410 1255 1507 πρέπει
1274 1423 1377 1486 πᾶσα

104 1509 208 1599 δόξα,
237 1509 464 1605 εὐχαριστία,
494 1511 556 1583 καὶ
582 1507 826 1638 προςκύνησις
851 1512 924 1587 οὐν
948 1540 1001 1608 τῳ
1030 1510 1184 1610 ἀνόρχῳ
1210 1538 1279 1641 <105
1306 1541 1377 1587 πα-

103 1611 175 1738 τρὶ,
202 1611 266 1685 καὶ
283 1619 338 1708 τῶ
337 1611 539 1739 πανρχίῳ,
565 1639 629 1738 και
617 1611 799 1713 ἀχαθιῦ,
825 1641 888 1686 και
877 1611 1075 1709 ζωοποιῳ
1095 1638 1163 1687 σου
1180 1613 1376 1712 πνεύματι,

103 1723 175 1788 νῦν
200 1713 265 1787 καὶ
292 1711 361 1800 ἀεὶ,
387 1712 451 1786 καὶ
476 1717 526 1796 είς
550 1712 638 1796 τούς
664 1717 805 1794 αἰῶνας
828 1718 907 1788 τῶν
935 1711 1096 1788 αέῶνων.

191 1826 328 1927 Εέρήνη
354 1833 457 1905 πᾶσι.
513 1829 587 1913 Τὰς
611 1830 820 1974 5555559‘
798 1835 909 1926 υμῶν
933 1859 986 1928 τῳ
1013 1829 1142 1928 Κυρίῳ
1168 1829 1325 1906 κλίνατε.

181 1947 226 2024 Ὁ
239 1947 405 2036 Θεὸς,ε
388 1979 408 2022 ο
442 1947 575 2045 πατὴρ,
609 1948 628 2021 5
661 1946 944 2043 παντοκράτωρ,
979 1947 999 2023 5
1035 1947 1098 2022 διδι
1125 1957 1194 2023 τοῦ
1211 1959 1378 2078 μεχαλρ-

105 2047 328 2178 ῳωνοτάτου
354 2058 433 2124 τῶν
445 2059 662 2177 προφητῶν
681 2051 839 2125 Ἠσαίου
864 2049 1224 2176 προκαταχχείλριςὴ
1226 2056 1293 2140 μῖν
1309 2050 1378 2146 τὴν

103 2157 142 2226 ἐκ
174 2149 371 2246 παρθένου
406 2147 595 2246 σόρκωσιν
619 2159 688 2226 τοῦ
712 2157 941 2277 φονοχενοῦς
966 2177 1035 2226 σου
1061 2151 1160 2240 υἱοῦ,
1192 2151 1256 2225 καὶ
1285 2155 1378 2227 Θεοῦ

104 2253 227 2378 ἡῳῶν,
262 2253 302 2336 ός
335 2253 384 2326 ἐπ
414 2249 582 2348 ἐσχάτων
606 2259 686 2327 τῶν
710 2251 860 2350 ἡμερῶν
886 2251 1036 2350 εὐδοκίρι
1063 2258 1123 2349 σῇ,
1156 2253 1219 2326 καὶ
1246 2277 1378 2347 συνερ-

102 2353 186 2482 χίᾳ
200 2361 272 2427 τοῦ
294 2352 418 2480 ἆχίου
452 2351 670 2448 πνεύματος,
706 2353 836 2428 διὰ
796 2382 865 2450 την
889 2353 999 2475 ἡμῶν
1024 2359 1102 2427 τῶν
1126 2355 1277 2449 βροτῶν
1304 2377 1379 2427 σω-

103 2455 250 2552 τηρίαν,
285 2453 434 2583 ἀμέτρῳ
470 2454 720 2582 εὐσπλαγχνίῳ
754 2459 793 2540 ἐξ
825 2456 939 2551 αὐτῆς
971 2461 1149 2551 νηπιᾶσαι
1174 2452 1378 2584 καταδεξά-

104 2585 228 2646 μενος,
254 2554 437 2630 καὶκατὰ
464 2556 506 2682 τό
533 2558 789 2642 εὐθισιιὲνον’
775 2585 815 2631 εν
840 2555 947 2654 νόοιο
973 2555 1069 2657 ἁγίῳ
1092 2582 1173 2682 σου,
1199 2556 1292 2652 μετὰ
1309 2555 1378 2653 τὴν
1455 2557 1459 2568 ’

103 2656 335 2753 ἐκπλήρωσιν
367 2663 446 2732 τῶν
478 2657 628 2754 ἡαερῶν
660 2663 728 2732 τοῦ
761 2627 1024 2787 καθαριόμρῦ,
1060 2663 1115 2756 τῷ
1147 2658 1236 2783 ἱερῳ
1269 2685 1376 2753 προς-

104 2760 317 2884 αχθῆναι’
299 2758 484 2854 ηνέσχετο,
512 2758 655 2886 ὐιληθέχς
679 2759 925 2855 νομοθέτης’
904 2757 1097 2855 υπάρχων,
1123 2759 1243 2834 καὶέν
1262 2757 1379 2887 ὐχκά-

104 2869 184 2946 λαις
218 2861 287 2934 τοῦ
320 2859 470 2935 δικαίου
503 2861 669 2955 Συμεῶν
699 2862 967 2986 βασταχθῆναι
1000 2859 1231 2949 κατεδέξατο,
1265 2854 1377 2954 οὗπερ

103 2963 314 3089 μυστηρίου
339 2960 408 3058 τὴν
434 2959 672 3059 προτόπωσιν
704 2966 745 3036 ἐν
770 2967 825 3059 τῶ
850 2962 1090 3057 προλεχθέντι
1117 2959 1292 3091 προφήτη
1314 2960 1378 3087 διά

104 3075 169 3160 τῆς
202 3061 358 3158 λαβίδος
390 3070 459 3137 τοῦ
493 3063 686 3191 ἄνθρακος
718 3032 956 3190 δηλόιθεῖφαν
989 3063 1213 3187 ἐπέχχωαεν,
1246 3057 1292 3137 οὗ
1316 3063 1379 3138 καὶ

104 3165 211 3262 ἡυεῖς
247 3165 281 3238 οἱ
315 3163 439 3238 πιστοὶ
456 3163 541 3289 τὴν
576 3165 733 3292 μίιρησιν
768 3192 809 3238 εν
842 3160 967 3291 χάριτι
1002 3190 1213 3258 κατεχομεν.
1255 3162 1380 3246 Αὐτὸς

104 3265 168 3340 καὶ
201 3273 277 3341 νῦν
310 3264 330 3337 5
364 3259 570 3390 φυλάσσων
601 3265 649 3338 τὰ
674 3261 800 3384 55755,
836 3262 961 3359 Κύριε,
996 3262 1200 3391 εὐλόγησαν
1221 3263 1265 3338 τὸ
1292 3291 1376 3338 παι

104 3367 191 3442 διον
225 3375 357 3455 τοῦτο,
391 3363 470 3494 ἅμα
503 3371 580 3450 τοῖς
612 3370 784 3494 χονεῦρι,
816 3365 880 3440 καὶ
913 3361 1113 3459 ἀναδόχοις
1146 3364 1280 3439 αὐτοῦ·
1315 3361 1379 3440 καὶ

104 3468 339 3594 καταξίωσον
373 3467 465 3542 αὐτὸ
497 3471 538 3543 ἐν
563 3475 683 3567 καιρῷ
707 3467 863 3564 εὐθέτῳ,
896 3469 959 3542 καί
984 3470 1049 3562 τῆς
1073 3464 1124 3539 δι’
1133 3464 1311 3596 555559
1315 3464 1380 3590 καὶ

105 3566 318 3664 πνεύματος
350 3566 639 3696 ἅναχεννήσεως.
694 3568 1067 3696 Συχκαταρίθμησον
1100 3567 1192 3642 αὐτὸ
1217 3569 1264 3663 τῇ
1290 3565 1380 3693 5755

104 3699 177 3796 σου
205 3671 342 3765 ποίμνη
369 3681 448 3744 τῶν
474 3677 634 3777 λοχικῶν
659 3667 875 3800 προβάτων,
907 3675 986 3744 τῶν
1011 3670 1299 3796 ἐπικεκλημένων
1325 3678 1380 3768 τῳ

107 3771 267 3868 ὀνόματι
299 3773 367 3896 τοῦ
393 3777 563 3866 Χριστοῦ
595 3797 675 3848 σου.
717 3770 801 3847 ’Ότι
833 3771 881 3846 οὐ
907 3770 982 3844 εἶ’
964 3802 984 3846 ο
1010 3774 1052 3846 ἐν
1076 3769 1232 3897 ῦφηλῳῖς
1255 3798 1379 3846 κατοι-

106 3881 200 3963 κῶν,
226 3872 361 3948 καὶτὰ
386 3873 541 4000 ταπεινά
567 3877 730 3972 ἐφορῶν,
755 3872 818 3946 καὶ
845 3871 903 3947 σοὶ
928 3900 997 3965 την
1023 3868 1185 3957 δόξαν’
1165 3871 1380 3959 αναπέμπο-

107 4003 191 4069 μεν,
228 3981 281 4071 τῷ
318 3975 442 4101 πατρὶ,
477 3974 539 4102 καὶ
570 3983 623 4070 τῳ
656 3973 742 4070 υἱῷ,
775 3973 838 4047 καί
870 3979 923 4070 τῷ
956 3972 1061 4102 ἇχίῳ
1078 3971 1273 4068 πνεύματι,
1307 3979 1380 4047 νῦν

108 4075 172 4152 καὶ
198 4075 268 4164 ἀεὶ,
294 4075 359 4150 καὶ
384 4081 434 4159 είς
459 4075 545 4160 τούς
570 4046 712 4158 αίῶνας
735 4083 814 4149 τῶν
843 4045 1004 4150 αἰῶνων.
1050 4073 1177 4172 Ἀμήν.

193 4203 279 4278 Εἶτα
300 4205 451 4292 λαβὼν
433 4235 452 4276 ο
476 4206 581 4296 ἱερεὺς
601 4207 640 4276 τὸ
661 4205 811 4289 παιδίον,
834 4205 1024 4296 σχηματίζει
1037 4205 1179 4295 σταυρὸν
1192 4228 1254 4290 μοι
1252 4199 1380 4272 ἀὐτοῦ

109 4309 177 4402 πρὸ
199 4316 265 4378 τῶν
286 4310 400 4376 πυλῶν
421 4315 481 4378 τοῦ
500 4313 592 4392 ναοῦ,
614 4308 733 4397 λέγων·

186 4427 524 4558 Ἑκκληριάζιτῳ
506 4459 527 4504 ο
553 4428 686 4512 δοῦλος
710 4437 785 4554 τοῦ
797 4431 890 4503 Θεοῦ
917 4426 949 4524 (5
971 4426 1088 4526 δεῖνα)
1115 4431 1165 4509 εἰς
1189 4422 1232 4498 τὸ
1258 4425 1379 4520 ὄνομα

109 4539 178 4658 τοῦ
210 4531 364 4628 πατρὸς,
399 4530 463 4606 καὶ
497 4539 565 4608 τοῦ
589 4530 689 4620 υἱοῦ,
723 4528 787 4604 καὶ
811 4537 880 4604 τοῦ
906 4527 1016 4631 ἁχίου
1051 4524 1272 4622 πνεύματος,
1307 4531 1381 4602 νῦν

110 4634 173 4708 καί
208 4631 278 4708 ἀεί.
