<?xml version="1.0" encoding="UTF-8"?>
<!DOCTYPE html PUBLIC "-//W3C//DTD XHTML 1.0 Transitional//EN"
    "http://www.w3.org/TR/xhtml1/DTD/xhtml1-transitional.dtd">
<html xmlns="http://www.w3.org/1999/xhtml" xml:lang="en" lang="en">
 <head>
  <title>
</title>
<meta http-equiv="Content-Type" content="text/html;charset=utf-8" />
  <meta name='ocr-system' content='tesseract 3.04.00' />
  <meta name='ocr-capabilities' content='ocr_page ocr_carea ocr_par ocr_line ocrx_word'/>
</head>
<body>
  <div class='ocr_page' id='page_1' title='image "./codexliturgicus04danigoog/codexliturgicus04danigoog_0694.png"; bbox 0 0 3416 5290; ppageno 0'>
   <div class='ocr_carea' id='block_1_1' title="bbox 720 399 794 474">
    <p class='ocr_par' dir='ltr' id='par_1_1' title="bbox 720 399 794 474">
     <span class='ocr_line' id='line_1_1' title="bbox 720 399 794 474; baseline -0.027 0"><span class='ocrx_word' id='word_1_1' title='bbox 720 399 794 474; x_wconf 78' lang='lat'><strong><em>669</em></strong></span> 
     </span>
    </p>
   </div>
   <div class='ocr_carea' id='block_1_2' title="bbox 107 574 1394 1784">
    <p class='ocr_par' dir='ltr' id='par_1_2' title="bbox 107 574 1394 1784">
     <span class='ocr_line' id='line_1_2' title="bbox 110 574 1393 669; baseline -0.001 -21"><span class='ocrx_word' id='word_1_2' title='bbox 110 625 113 632; x_wconf 92' lang='lat'>-</span> <span class='ocrx_word' id='word_1_3' title='bbox 202 576 323 663; x_wconf 71' lang='grc' dir='ltr'><strong><em>’Λείας</em></strong></span> <span class='ocrx_word' id='word_1_4' title='bbox 341 582 401 668; x_wconf 76' lang='grc' dir='ltr'><strong><em>τῆς</em></strong></span> <span class='ocrx_word' id='word_1_5' title='bbox 418 576 567 669; x_wconf 82' lang='grc' dir='ltr'><strong><em>κλήσεως</em></strong></span> <span class='ocrx_word' id='word_1_6' title='bbox 583 579 643 649; x_wconf 84' lang='grc' dir='ltr'><strong><em>καί</em></strong></span> <span class='ocrx_word' id='word_1_7' title='bbox 655 585 716 652; x_wconf 80' lang='grc' dir='ltr'><strong><em>τοῦ</em></strong></span> <span class='ocrx_word' id='word_1_8' title='bbox 731 577 827 669; x_wconf 85' lang='grc' dir='ltr'><strong><em>άγίου</em></strong></span> <span class='ocrx_word' id='word_1_9' title='bbox 842 576 1010 669; x_wconf 80' lang='grc' dir='ltr'><strong><em>σχήματος</em></strong></span> <span class='ocrx_word' id='word_1_10' title='bbox 1021 574 1275 662; x_wconf 75' lang='grc' dir='ltr'><strong><em>πολιτεύεσθαι,</em></strong></span> <span class='ocrx_word' id='word_1_11' title='bbox 1296 575 1393 668; x_wconf 75' lang='grc' dir='ltr'><strong><em>Λόγε</em></strong></span> 
     </span>
     <span class='ocr_line' id='line_1_3' title="bbox 109 677 1394 772; baseline 0 -22"><span class='ocrx_word' id='word_1_12' title='bbox 109 687 222 764; x_wconf 65' lang='grc' dir='ltr'><strong><em>Θεοί,</em></strong></span> <span class='ocrx_word' id='word_1_13' title='bbox 249 677 425 770; x_wconf 77' lang='grc' dir='ltr'><strong><em>παράσχου</em></strong></span> <span class='ocrx_word' id='word_1_14' title='bbox 450 703 528 768; x_wconf 88' lang='grc' dir='ltr'><strong><em>μοι·</em></strong></span> <span class='ocrx_word' id='word_1_15' title='bbox 554 680 614 750; x_wconf 90' lang='grc' dir='ltr'><strong><em>τδν</em></strong></span> <span class='ocrx_word' id='word_1_16' title='bbox 633 687 694 772; x_wconf 84' lang='grc' dir='ltr'><strong><em>τής</em></strong></span> <span class='ocrx_word' id='word_1_17' title='bbox 714 678 879 772; x_wconf 76' lang='grc' dir='ltr'><strong><em>ἁμαρτίας</em></strong></span> <span class='ocrx_word' id='word_1_18' title='bbox 897 705 964 767; x_wconf 87' lang='grc' dir='ltr'><strong><em>μου</em></strong></span> <span class='ocrx_word' id='word_1_19' title='bbox 985 678 1092 770; x_wconf 71' lang='grc' dir='ltr'><strong><em>ῥύπον</em></strong></span> <span class='ocrx_word' id='word_1_20' title='bbox 1110 678 1250 762; x_wconf 84' lang='grc' dir='ltr'><strong><em>καὶτὰς</em></strong></span> <span class='ocrx_word' id='word_1_21' title='bbox 1268 679 1394 767; x_wconf 76' lang='grc' dir='ltr'><strong><em>βουλάς</em></strong></span> 
     </span>
     <span class='ocr_line' id='line_1_4' title="bbox 118 778 1262 876; baseline -0.001 -24"><span class='ocrx_word' id='word_1_22' title='bbox 118 789 187 852; x_wconf 84' lang='grc' dir='ltr'><strong><em>ταῖν</em></strong></span> <span class='ocrx_word' id='word_1_23' title='bbox 206 779 492 872; x_wconf 72' lang='grc' dir='ltr'><strong><em>παραπτωμάτων</em></strong></span> <span class='ocrx_word' id='word_1_24' title='bbox 511 789 553 875; x_wconf 77' lang='grc' dir='ltr'><strong><em>τῇ</em></strong></span> <span class='ocrx_word' id='word_1_25' title='bbox 572 788 615 874; x_wconf 78' lang='grc' dir='ltr'><strong><em>σή</em></strong></span> <span class='ocrx_word' id='word_1_26' title='bbox 634 780 719 876; x_wconf 77' lang='grc' dir='ltr'><strong><em>θείᾳ</em></strong></span> <span class='ocrx_word' id='word_1_27' title='bbox 736 780 849 870; x_wconf 77' lang='grc' dir='ltr'><strong><em>χάριτι</em></strong></span> <span class='ocrx_word' id='word_1_28' title='bbox 869 778 1061 873; x_wconf 69' lang='grc' dir='ltr'><strong><em>δξαλείφας,</em></strong></span> <span class='ocrx_word' id='word_1_29' title='bbox 1082 779 1262 853; x_wconf 69' lang='grc' dir='ltr'><strong><em>Πολυίίαε.</em></strong></span> 
     </span>
     <span class='ocr_line' id='line_1_5' title="bbox 109 878 1393 974; baseline 0 -22"><span class='ocrx_word' id='word_1_30' title='bbox 109 931 112 938; x_wconf 90' lang='lat'><em>·</em></span> <span class='ocrx_word' id='word_1_31' title='bbox 202 881 322 972; x_wconf 79' lang='grc' dir='ltr'><strong><em>Σωτήρ</em></strong></span> <span class='ocrx_word' id='word_1_32' title='bbox 343 878 389 964; x_wconf 77' lang='grc' dir='ltr'><strong><em>οῖς</em></strong></span> <span class='ocrx_word' id='word_1_33' title='bbox 407 879 610 971; x_wconf 84' lang='grc' dir='ltr'><strong><em>καλούμενος</em></strong></span> <span class='ocrx_word' id='word_1_34' title='bbox 629 882 805 954; x_wconf 84' lang='grc' dir='ltr'><strong><em>διάσωσόν.</em></strong></span> <span class='ocrx_word' id='word_1_35' title='bbox 816 909 869 970; x_wconf 83' lang='grc' dir='ltr'><strong><em>με,</em></strong></span> <span class='ocrx_word' id='word_1_36' title='bbox 892 881 1023 970; x_wconf 77' lang='grc' dir='ltr'><strong><em>δίεμαι,</em></strong></span> <span class='ocrx_word' id='word_1_37' title='bbox 1043 889 1181 974; x_wconf 75' lang='grc' dir='ltr'><strong><em>καθαρᾷ</em></strong></span> <span class='ocrx_word' id='word_1_38' title='bbox 1201 905 1257 952; x_wconf 87' lang='grc' dir='ltr'><strong><em>σοι</em></strong></span> <span class='ocrx_word' id='word_1_39' title='bbox 1270 879 1393 974; x_wconf 70' lang='grc' dir='ltr'><strong><em>καρδίᾳ</em></strong></span> 
     </span>
     <span class='ocr_line' id='line_1_6' title="bbox 108 978 1393 1076; baseline -0.002 -4"><span class='ocrx_word' id='word_1_40' title='bbox 108 985 179 1054; x_wconf 69' lang='grc' dir='ltr'><strong><em>τόν</em></strong></span> <span class='ocrx_word' id='word_1_41' title='bbox 197 983 475 1073; x_wconf 75' lang='grc' dir='ltr'><strong><em>πεοεοιτόιοοοοο·</em></strong></span> <span class='ocrx_word' id='word_1_42' title='bbox 496 983 554 1054; x_wconf 71' lang='grc' dir='ltr'><strong><em>οοό</em></strong></span> <span class='ocrx_word' id='word_1_43' title='bbox 573 984 613 1054; x_wconf 67' lang='grc' dir='ltr'><strong><em>τό</em></strong></span> <span class='ocrx_word' id='word_1_44' title='bbox 634 991 693 1074; x_wconf 77' lang='grc' dir='ltr'><strong><em>οῖε</em></strong></span> <span class='ocrx_word' id='word_1_45' title='bbox 712 982 831 1067; x_wconf 62' lang='lat' dir='ltr'><strong><em>walae</em></strong></span> <span class='ocrx_word' id='word_1_46' title='bbox 848 1009 915 1072; x_wconf 81' lang='grc' dir='ltr'><strong><em>νοο</em></strong></span> <span class='ocrx_word' id='word_1_47' title='bbox 935 980 1041 1076; x_wconf 71' lang='grc' dir='ltr'><strong><em>βόιοε</em></strong></span> <span class='ocrx_word' id='word_1_48' title='bbox 1060 983 1234 1071; x_wconf 58' lang='lat' dir='ltr'><strong><em>mukar,</em></strong></span> <span class='ocrx_word' id='word_1_49' title='bbox 1262 978 1309 1064; x_wconf 75' lang='grc' dir='ltr'><strong><em>ὥς</em></strong></span> <span class='ocrx_word' id='word_1_50' title='bbox 1328 979 1393 1070; x_wconf 77' lang='grc' dir='ltr'><strong><em>νό-</em></strong></span> 
     </span>
     <span class='ocr_line' id='line_1_7' title="bbox 108 1081 1340 1176; baseline 0 -22"><span class='ocrx_word' id='word_1_51' title='bbox 108 1111 177 1170; x_wconf 82' lang='grc' dir='ltr'><strong><em>,νες</em></strong></span> <span class='ocrx_word' id='word_1_52' title='bbox 196 1083 384 1176; x_wconf 80' lang='grc' dir='ltr'><strong><em>οἰκτίρμων,</em></strong></span> <span class='ocrx_word' id='word_1_53' title='bbox 404 1093 598 1175; x_wconf 80' lang='grc' dir='ltr'><strong><em>συμπαθεῖς</em></strong></span> <span class='ocrx_word' id='word_1_54' title='bbox 617 1083 824 1168; x_wconf 81' lang='grc' dir='ltr'><strong><em>ἀνάπαυσον,</em></strong></span> <span class='ocrx_word' id='word_1_55' title='bbox 845 1083 891 1167; x_wconf 77' lang='grc' dir='ltr'><strong><em>τίς</em></strong></span> <span class='ocrx_word' id='word_1_56' title='bbox 911 1081 1068 1170; x_wconf 84' lang='grc' dir='ltr'><strong><em>ύπίσχου,</em></strong></span> <span class='ocrx_word' id='word_1_57' title='bbox 1087 1083 1340 1172; x_wconf 86' lang='grc' dir='ltr'><strong><em>Παντοδύναμε.</em></strong></span> 
     </span>
     <span class='ocr_line' id='line_1_8' title="bbox 203 1181 1393 1280; baseline 0 -24"><span class='ocrx_word' id='word_1_58' title='bbox 203 1187 352 1276; x_wconf 86' lang='grc' dir='ltr'><strong><em>Χριστὸς</em></strong></span> <span class='ocrx_word' id='word_1_59' title='bbox 364 1193 421 1254; x_wconf 82' lang='grc' dir='ltr'><strong><em>νῦν</em></strong></span> <span class='ocrx_word' id='word_1_60' title='bbox 431 1186 612 1275; x_wconf 87' lang='grc' dir='ltr'><strong><em>χαρίζεται,</em></strong></span> <span class='ocrx_word' id='word_1_61' title='bbox 627 1185 768 1280; x_wconf 74' lang='grc' dir='ltr'><strong><em>χρηστός</em></strong></span> <span class='ocrx_word' id='word_1_62' title='bbox 781 1212 818 1276; x_wconf 88' lang='grc' dir='ltr'><strong><em>γε</em></strong></span> <span class='ocrx_word' id='word_1_63' title='bbox 832 1183 878 1255; x_wconf 75' lang='grc' dir='ltr'><strong><em>ἀν</em></strong></span> <span class='ocrx_word' id='word_1_64' title='bbox 890 1186 948 1256; x_wconf 85' lang='grc' dir='ltr'><strong><em>καί</em></strong></span> <span class='ocrx_word' id='word_1_65' title='bbox 960 1181 1195 1275; x_wconf 80' lang='grc' dir='ltr'><strong><em>εὐσπλαγχνος,</em></strong></span> <span class='ocrx_word' id='word_1_66' title='bbox 1216 1190 1289 1267; x_wconf 86' lang='grc' dir='ltr'><strong><em>τοῖς</em></strong></span> <span class='ocrx_word' id='word_1_67' title='bbox 1302 1181 1393 1276; x_wconf 74' lang='grc' dir='ltr'><strong><em>αὐτῷ</em></strong></span> 
     </span>
     <span class='ocr_line' id='line_1_9' title="bbox 109 1285 1392 1378; baseline -0.002 -21"><span class='ocrx_word' id='word_1_68' title='bbox 109 1295 297 1376; x_wconf 71' lang='grc' dir='ltr'><strong><em>’πραςιεύαι</em></strong></span> <span class='ocrx_word' id='word_1_69' title='bbox 321 1292 405 1357; x_wconf 91' lang='grc' dir='ltr'><strong><em>θεῖα</em></strong></span> <span class='ocrx_word' id='word_1_70' title='bbox 428 1286 628 1377; x_wconf 71' lang='grc' dir='ltr'><strong><em>χαρίσματα,</em></strong></span> <span class='ocrx_word' id='word_1_71' title='bbox 655 1295 729 1371; x_wconf 85' lang='grc' dir='ltr'><strong><em>τοῖς</em></strong></span> <span class='ocrx_word' id='word_1_72' title='bbox 753 1287 1029 1378; x_wconf 86' lang='grc' dir='ltr'><strong><em>προςερχυμίνσις</em></strong></span> <span class='ocrx_word' id='word_1_73' title='bbox 1048 1293 1098 1376; x_wconf 77' lang='grc' dir='ltr'><strong><em>τῷ</em></strong></span> <span class='ocrx_word' id='word_1_74' title='bbox 1116 1285 1204 1377; x_wconf 80' lang='grc' dir='ltr'><strong><em>θείω</em></strong></span> <span class='ocrx_word' id='word_1_75' title='bbox 1224 1290 1392 1366; x_wconf 85' lang='grc' dir='ltr'><strong><em>πανευλα-</em></strong></span> 
     </span>
     <span class='ocr_line' id='line_1_10' title="bbox 107 1385 1392 1482; baseline -0.004 -7"><span class='ocrx_word' id='word_1_76' title='bbox 107 1395 199 1475; x_wconf 61' lang='lat' dir='ltr'><strong><em>Mc,</em></strong></span> <span class='ocrx_word' id='word_1_77' title='bbox 219 1394 279 1479; x_wconf 76' lang='grc' dir='ltr'><strong><em>πίε</em></strong></span> <span class='ocrx_word' id='word_1_78' title='bbox 296 1386 433 1478; x_wconf 78' lang='grc' dir='ltr'><strong><em>κόεοοοε</em></strong></span> <span class='ocrx_word' id='word_1_79' title='bbox 452 1386 579 1482; x_wconf 69' lang='grc' dir='ltr'><strong><em>θρόου,</em></strong></span> <span class='ocrx_word' id='word_1_80' title='bbox 601 1390 729 1478; x_wconf 75' lang='grc' dir='ltr'><strong><em>όοοεοόο</em></strong></span> <span class='ocrx_word' id='word_1_81' title='bbox 742 1387 963 1482; x_wconf 73' lang='grc' dir='ltr'><strong><em>τεεοτότεοοε</em></strong></span> <span class='ocrx_word' id='word_1_82' title='bbox 977 1385 1141 1480; x_wconf 72' lang='grc' dir='ltr'><strong><em>ότυεόοοο</em></strong></span> <span class='ocrx_word' id='word_1_83' title='bbox 1154 1386 1392 1477; x_wconf 72' lang='grc' dir='ltr'><strong><em>ποιαόοοοοε·</em></strong></span> 
     </span>
     <span class='ocr_line' id='line_1_11' title="bbox 201 1486 1393 1582; baseline -0.001 -23"><span class='ocrx_word' id='word_1_84' title='bbox 201 1487 240 1559; x_wconf 87' lang='lat'><strong><em>‘0</em></strong></span> <span class='ocrx_word' id='word_1_85' title='bbox 262 1487 345 1574; x_wconf 71' lang='grc' dir='ltr'><strong><em>ἔχων</em></strong></span> <span class='ocrx_word' id='word_1_86' title='bbox 365 1493 604 1580; x_wconf 83' lang='grc' dir='ltr'><strong><em>συντρίχυυσαν</em></strong></span> <span class='ocrx_word' id='word_1_87' title='bbox 620 1497 660 1580; x_wconf 83' lang='grc' dir='ltr'><strong><em>τῇ</em></strong></span> <span class='ocrx_word' id='word_1_88' title='bbox 674 1497 716 1581; x_wconf 84' lang='grc' dir='ltr'><strong><em>σῇ</em></strong></span> <span class='ocrx_word' id='word_1_89' title='bbox 729 1492 833 1582; x_wconf 83' lang='grc' dir='ltr'><strong><em>βουλῇ</em></strong></span> <span class='ocrx_word' id='word_1_90' title='bbox 847 1492 907 1580; x_wconf 84' lang='grc' dir='ltr'><strong><em>τήν</em></strong></span> <span class='ocrx_word' id='word_1_91' title='bbox 922 1489 1072 1577; x_wconf 89' lang='grc' dir='ltr'><strong><em>δύναμιν,</em></strong></span> <span class='ocrx_word' id='word_1_92' title='bbox 1094 1487 1265 1581; x_wconf 73' lang='grc' dir='ltr'><strong><em>ὑπηρέτας</em></strong></span> <span class='ocrx_word' id='word_1_93' title='bbox 1278 1486 1393 1573; x_wconf 87' lang='grc' dir='ltr'><strong><em>ἀξίους</em></strong></span> 
     </span>
     <span class='ocr_line' id='line_1_12' title="bbox 115 1587 1393 1683; baseline 0 -23"><span class='ocrx_word' id='word_1_94' title='bbox 115 1587 207 1680; x_wconf 79' lang='grc' dir='ltr'><strong><em>ήμάς</em></strong></span> <span class='ocrx_word' id='word_1_95' title='bbox 227 1587 401 1675; x_wconf 73' lang='grc' dir='ltr'><strong><em>ἀνάδειξον</em></strong></span> <span class='ocrx_word' id='word_1_96' title='bbox 421 1599 481 1660; x_wconf 79' lang='grc' dir='ltr'><strong><em>τοῦ</em></strong></span> <span class='ocrx_word' id='word_1_97' title='bbox 504 1587 694 1682; x_wconf 73' lang='grc' dir='ltr'><strong><em>εὐαγγελίου</em></strong></span> <span class='ocrx_word' id='word_1_98' title='bbox 708 1616 781 1676; x_wconf 88' lang='grc' dir='ltr'><strong><em>σου,</em></strong></span> <span class='ocrx_word' id='word_1_99' title='bbox 802 1590 909 1680; x_wconf 90' lang='grc' dir='ltr'><strong><em>Λόγε,</em></strong></span> <span class='ocrx_word' id='word_1_100' title='bbox 929 1590 986 1661; x_wconf 88' lang='grc' dir='ltr'><strong><em>καί</em></strong></span> <span class='ocrx_word' id='word_1_101' title='bbox 999 1591 1060 1673; x_wconf 82' lang='grc' dir='ltr'><strong><em>τὰς</em></strong></span> <span class='ocrx_word' id='word_1_102' title='bbox 1073 1591 1160 1679; x_wconf 87' lang='grc' dir='ltr'><strong><em>πρὸς</em></strong></span> <span class='ocrx_word' id='word_1_103' title='bbox 1173 1591 1211 1661; x_wconf 79' lang='grc' dir='ltr'><strong><em>σὲ</em></strong></span> <span class='ocrx_word' id='word_1_104' title='bbox 1225 1590 1393 1683; x_wconf 82' lang='grc' dir='ltr'><strong><em>συνθήκας</em></strong></span> 
     </span>
     <span class='ocr_line' id='line_1_13' title="bbox 114 1681 1172 1784; baseline 0.002 -25"><span class='ocrx_word' id='word_1_105' title='bbox 114 1694 306 1784; x_wconf 80' lang='grc' dir='ltr'><strong><em>πληρῶσαι,</em></strong></span> <span class='ocrx_word' id='word_1_106' title='bbox 329 1690 440 1778; x_wconf 85' lang='grc' dir='ltr'><strong><em>εὐχαῖς</em></strong></span> <span class='ocrx_word' id='word_1_107' title='bbox 459 1699 525 1761; x_wconf 83' lang='grc' dir='ltr'><strong><em>ταῖν</em></strong></span> <span class='ocrx_word' id='word_1_108' title='bbox 547 1681 649 1784; x_wconf 87' lang='grc' dir='ltr'><strong><em>άγίων</em></strong></span> <span class='ocrx_word' id='word_1_109' title='bbox 669 1717 741 1777; x_wconf 90' lang='grc' dir='ltr'><strong><em>σου,</em></strong></span> <span class='ocrx_word' id='word_1_110' title='bbox 763 1689 935 1776; x_wconf 89' lang='grc' dir='ltr'><strong><em>Ζωοδότα,</em></strong></span> <span class='ocrx_word' id='word_1_111' title='bbox 956 1690 1172 1778; x_wconf 88' lang='grc' dir='ltr'><strong><em>καταξίωσυν.</em></strong></span> 
     </span>
    </p>
   </div>
   <div class='ocr_carea' id='block_1_3' title="bbox 109 1825 1393 2036">
    <p class='ocr_par' dir='ltr' id='par_1_3' title="bbox 109 1825 1393 2036">
     <span class='ocr_line' id='line_1_14' title="bbox 109 1825 852 1900; baseline -0.003 0"><span class='ocrx_word' id='word_1_112' title='bbox 109 1895 112 1900; x_wconf 92' lang='grc'>.</span> <span class='ocrx_word' id='word_1_113' title='bbox 660 1825 852 1898; x_wconf 84' lang='grc' dir='ltr'><strong><em>Θεοτόκιυν.</em></strong></span> 
     </span>
     <span class='ocr_line' id='line_1_15' title="bbox 201 1941 1393 2036; baseline 0.002 -24"><span class='ocrx_word' id='word_1_114' title='bbox 201 1941 292 2014; x_wconf 69' lang='grc' dir='ltr'><strong><em>’Υιόν</em></strong></span> <span class='ocrx_word' id='word_1_115' title='bbox 312 1970 374 2016; x_wconf 88' lang='grc' dir='ltr'><strong><em>σου</em></strong></span> <span class='ocrx_word' id='word_1_116' title='bbox 394 1947 453 2018; x_wconf 88' lang='grc' dir='ltr'><strong><em>τὸν</em></strong></span> <span class='ocrx_word' id='word_1_117' title='bbox 474 1941 709 2036; x_wconf 87' lang='grc' dir='ltr'><strong><em>εὐσπλαγχνυν,</em></strong></span> <span class='ocrx_word' id='word_1_118' title='bbox 731 1943 936 2034; x_wconf 86' lang='grc' dir='ltr'><strong><em>Πανάμωμε,</em></strong></span> <span class='ocrx_word' id='word_1_119' title='bbox 958 1941 1163 2036; x_wconf 79' lang='grc' dir='ltr'><strong><em>δυςιύπήσον,</em></strong></span> <span class='ocrx_word' id='word_1_120' title='bbox 1184 1945 1244 2016; x_wconf 89' lang='grc' dir='ltr'><strong><em>τδν</em></strong></span> <span class='ocrx_word' id='word_1_121' title='bbox 1263 1953 1393 2028; x_wconf 81' lang='grc' dir='ltr'><strong><em>πιστῶς</em></strong></span> 
     </span>
    </p>
   </div>
   <div class='ocr_carea' id='block_1_4' title="bbox 112 2145 1394 4728">
    <p class='ocr_par' dir='ltr' id='par_1_4' title="bbox 113 2145 1393 2338">
     <span class='ocr_line' id='line_1_16' title="bbox 115 2145 1393 2240; baseline 0.003 -24"><span class='ocrx_word' id='word_1_122' title='bbox 115 2149 230 2234; x_wconf 83' lang='grc' dir='ltr'><strong><em>λαβαῖς</em></strong></span> <span class='ocrx_word' id='word_1_123' title='bbox 249 2147 454 2218; x_wconf 80' lang='grc' dir='ltr'><strong><em>πολύευκτον</em></strong></span> <span class='ocrx_word' id='word_1_124' title='bbox 474 2150 580 2232; x_wconf 79' lang='grc' dir='ltr'><strong><em>τέλος.</em></strong></span> <span class='ocrx_word' id='word_1_125' title='bbox 608 2149 654 2219; x_wconf 79' lang='grc' dir='ltr'><strong><em>Σὲ</em></strong></span> <span class='ocrx_word' id='word_1_126' title='bbox 674 2150 736 2240; x_wconf 87' lang='grc' dir='ltr'><strong><em>γάρ</em></strong></span> <span class='ocrx_word' id='word_1_127' title='bbox 758 2149 817 2240; x_wconf 84' lang='grc' dir='ltr'><strong><em>τήν</em></strong></span> <span class='ocrx_word' id='word_1_128' title='bbox 837 2145 1067 2237; x_wconf 86' lang='grc' dir='ltr'><strong><em>πακάχραντον</em></strong></span> <span class='ocrx_word' id='word_1_129' title='bbox 1088 2145 1316 2239; x_wconf 87' lang='grc' dir='ltr'><strong><em>ἀντιλήπτορα</em></strong></span> <span class='ocrx_word' id='word_1_130' title='bbox 1336 2175 1393 2220; x_wconf 81' lang='grc' dir='ltr'><strong><em>ειε-</em></strong></span> 
     </span>
     <span class='ocr_line' id='line_1_17' title="bbox 113 2247 282 2338; baseline 0.012 -21"><span class='ocrx_word' id='word_1_131' title='bbox 113 2247 282 2338; x_wconf 78' lang='grc' dir='ltr'><strong><em>κτήμεθα.</em></strong></span> 
     </span>
    </p>

    <p class='ocr_par' dir='ltr' id='par_1_5' title="bbox 114 2348 1394 2852">
     <span class='ocr_line' id='line_1_18' title="bbox 202 2348 1392 2442; baseline 0.003 -23"><span class='ocrx_word' id='word_1_132' title='bbox 202 2348 326 2420; x_wconf 85' lang='grc' dir='ltr'><strong><em>Πίστει</em></strong></span> <span class='ocrx_word' id='word_1_133' title='bbox 350 2349 610 2440; x_wconf 87' lang='grc' dir='ltr'><strong><em>προςερχύμενον</em></strong></span> <span class='ocrx_word' id='word_1_134' title='bbox 632 2351 719 2442; x_wconf 88' lang='grc' dir='ltr'><strong><em>πρδς</em></strong></span> <span class='ocrx_word' id='word_1_135' title='bbox 738 2350 789 2433; x_wconf 79' lang='grc' dir='ltr'><strong><em>σί,</em></strong></span> <span class='ocrx_word' id='word_1_136' title='bbox 814 2349 989 2434; x_wconf 81' lang='grc' dir='ltr'><strong><em>Δέσποτα,</em></strong></span> <span class='ocrx_word' id='word_1_137' title='bbox 1016 2355 1076 2440; x_wconf 80' lang='grc' dir='ltr'><strong><em>τῆς</em></strong></span> <span class='ocrx_word' id='word_1_138' title='bbox 1095 2357 1156 2441; x_wconf 84' lang='grc' dir='ltr'><strong><em>σῆς</em></strong></span> <span class='ocrx_word' id='word_1_139' title='bbox 1177 2351 1238 2422; x_wconf 75' lang='grc' dir='ltr'><strong><em>ἐπί</em></strong></span> <span class='ocrx_word' id='word_1_140' title='bbox 1257 2352 1392 2442; x_wconf 80' lang='grc' dir='ltr'><strong><em>τρίβους</em></strong></span> 
     </span>
     <span class='ocr_line' id='line_1_19' title="bbox 117 2447 1394 2544; baseline 0.005 -23"><span class='ocrx_word' id='word_1_141' title='bbox 117 2449 331 2544; x_wconf 75' lang='grc' dir='ltr'><strong><em>δικαιοσύνης</em></strong></span> <span class='ocrx_word' id='word_1_142' title='bbox 356 2478 400 2540; x_wconf 90' lang='grc' dir='ltr'><strong><em>με</em></strong></span> <span class='ocrx_word' id='word_1_143' title='bbox 427 2451 554 2544; x_wconf 82' lang='grc' dir='ltr'><strong><em>στήσας</em></strong></span> <span class='ocrx_word' id='word_1_144' title='bbox 584 2450 828 2544; x_wconf 81' lang='grc' dir='ltr'><strong><em>καθοδήγνχσον,</em></strong></span> <span class='ocrx_word' id='word_1_145' title='bbox 857 2448 903 2534; x_wconf 82' lang='grc' dir='ltr'><strong><em>οῖς</em></strong></span> <span class='ocrx_word' id='word_1_146' title='bbox 922 2449 1025 2539; x_wconf 89' lang='grc' dir='ltr'><strong><em>μόνος</em></strong></span> <span class='ocrx_word' id='word_1_147' title='bbox 1046 2447 1280 2542; x_wconf 71' lang='grc' dir='ltr'><strong><em>εὐσπλαγχνσς,</em></strong></span> <span class='ocrx_word' id='word_1_148' title='bbox 1322 2457 1394 2528; x_wconf 81' lang='grc' dir='ltr'><strong><em>Καί</em></strong></span> 
     </span>
     <span class='ocr_line' id='line_1_20' title="bbox 116 2552 1392 2646; baseline 0.003 -23"><span class='ocrx_word' id='word_1_149' title='bbox 116 2554 236 2636; x_wconf 81' lang='grc' dir='ltr'><strong><em>δεινῶς</em></strong></span> <span class='ocrx_word' id='word_1_150' title='bbox 261 2553 467 2626; x_wconf 84' lang='grc' dir='ltr'><strong><em>πεπτωκότα</em></strong></span> <span class='ocrx_word' id='word_1_151' title='bbox 494 2582 538 2644; x_wconf 89' lang='grc' dir='ltr'><strong><em>με</em></strong></span> <span class='ocrx_word' id='word_1_152' title='bbox 558 2557 616 2626; x_wconf 86' lang='grc' dir='ltr'><strong><em>καί</em></strong></span> <span class='ocrx_word' id='word_1_153' title='bbox 635 2553 906 2646; x_wconf 76' lang='grc' dir='ltr'><strong><em>κατεῤῥαγμόνον,</em></strong></span> <span class='ocrx_word' id='word_1_154' title='bbox 933 2552 1064 2644; x_wconf 89' lang='grc' dir='ltr'><strong><em>πλήθει</em></strong></span> <span class='ocrx_word' id='word_1_155' title='bbox 1084 2559 1150 2622; x_wconf 82' lang='grc' dir='ltr'><strong><em>τῶν</em></strong></span> <span class='ocrx_word' id='word_1_156' title='bbox 1171 2555 1392 2646; x_wconf 81' lang='grc' dir='ltr'><strong><em>πταισμάτων</em></strong></span> 
     </span>
     <span class='ocr_line' id='line_1_21' title="bbox 115 2645 1392 2751; baseline 0.005 -28"><span class='ocrx_word' id='word_1_157' title='bbox 115 2680 194 2743; x_wconf 87' lang='grc' dir='ltr'><strong><em>μου,</em></strong></span> <span class='ocrx_word' id='word_1_158' title='bbox 215 2661 336 2748; x_wconf 81' lang='grc' dir='ltr'><strong><em>Σῶτερ,</em></strong></span> <span class='ocrx_word' id='word_1_159' title='bbox 361 2654 565 2746; x_wconf 88' lang='grc' dir='ltr'><strong><em>ἀνόρθωσον.</em></strong></span> <span class='ocrx_word' id='word_1_160' title='bbox 608 2645 658 2750; x_wconf 78' lang='grc' dir='ltr'><strong><em>Σῇ</em></strong></span> <span class='ocrx_word' id='word_1_161' title='bbox 677 2657 739 2746; x_wconf 85' lang='grc' dir='ltr'><strong><em>γάρ</em></strong></span> <span class='ocrx_word' id='word_1_162' title='bbox 761 2655 945 2737; x_wconf 78' lang='grc' dir='ltr'><strong><em>πεποιθὼς</em></strong></span> <span class='ocrx_word' id='word_1_163' title='bbox 965 2653 1119 2749; x_wconf 74' lang='grc' dir='ltr'><strong><em>συνεργίᾳ</em></strong></span> <span class='ocrx_word' id='word_1_164' title='bbox 1139 2654 1199 2747; x_wconf 85' lang='grc' dir='ltr'><strong><em>τήν</em></strong></span> <span class='ocrx_word' id='word_1_165' title='bbox 1220 2652 1392 2751; x_wconf 76' lang='grc' dir='ltr'><strong><em>ἀγγελικὴν</em></strong></span> 
     </span>
     <span class='ocr_line' id='line_1_22' title="bbox 114 2751 964 2852; baseline 0 -26"><span class='ocrx_word' id='word_1_166' title='bbox 114 2751 293 2827; x_wconf 79' lang='grc' dir='ltr'><strong><em>πολιτείαν</em></strong></span> <span class='ocrx_word' id='word_1_167' title='bbox 314 2755 435 2852; x_wconf 75' lang='grc' dir='ltr'><strong><em>ταύτην</em></strong></span> <span class='ocrx_word' id='word_1_168' title='bbox 455 2759 700 2848; x_wconf 80' lang='grc' dir='ltr'><strong><em>ίπειςίρχομαι,</em></strong></span> <span class='ocrx_word' id='word_1_169' title='bbox 726 2756 964 2848; x_wconf 85' lang='grc' dir='ltr'><strong><em>Φιλάνθρωπε.</em></strong></span> 
     </span>
    </p>

    <p class='ocr_par' dir='ltr' id='par_1_6' title="bbox 112 2853 1393 3355">
     <span class='ocr_line' id='line_1_23' title="bbox 193 2853 1391 2951; baseline 0.003 -23"><span class='ocrx_word' id='word_1_170' title='bbox 193 2853 300 2944; x_wconf 79' lang='grc' dir='ltr'><strong><em>’Ἐχων</em></strong></span> <span class='ocrx_word' id='word_1_171' title='bbox 326 2860 386 2949; x_wconf 82' lang='grc' dir='ltr'><strong><em>τήν</em></strong></span> <span class='ocrx_word' id='word_1_172' title='bbox 411 2861 520 2951; x_wconf 85' lang='grc' dir='ltr'><strong><em>πηγήν</em></strong></span> <span class='ocrx_word' id='word_1_173' title='bbox 546 2867 613 2929; x_wconf 82' lang='grc' dir='ltr'><strong><em>τῶν</em></strong></span> <span class='ocrx_word' id='word_1_174' title='bbox 642 2857 797 2949; x_wconf 82' lang='grc' dir='ltr'><strong><em>ἀγαθῶν,</em></strong></span> <span class='ocrx_word' id='word_1_175' title='bbox 828 2865 895 2927; x_wconf 82' lang='grc' dir='ltr'><strong><em>τῶν</em></strong></span> <span class='ocrx_word' id='word_1_176' title='bbox 922 2855 1166 2947; x_wconf 82' lang='grc' dir='ltr'><strong><em>ἀμαρτωλυῖνδ</em></strong></span> <span class='ocrx_word' id='word_1_177' title='bbox 1194 2859 1238 2950; x_wconf 84' lang='grc' dir='ltr'><strong><em>μή</em></strong></span> <span class='ocrx_word' id='word_1_178' title='bbox 1268 2861 1391 2948; x_wconf 87' lang='grc' dir='ltr'><strong><em>θίλων,</em></strong></span> 
     </span>
     <span class='ocr_line' id='line_1_24' title="bbox 114 2951 1392 3049; baseline 0.004 -22"><span class='ocrx_word' id='word_1_179' title='bbox 114 2961 255 3046; x_wconf 81' lang='grc' dir='ltr'><strong><em>Χριστό,</em></strong></span> <span class='ocrx_word' id='word_1_180' title='bbox 281 2959 340 3028; x_wconf 88' lang='grc' dir='ltr'><strong><em>τὸν</em></strong></span> <span class='ocrx_word' id='word_1_181' title='bbox 366 2957 526 3042; x_wconf 87' lang='grc' dir='ltr'><strong><em>θάνατον,</em></strong></span> <span class='ocrx_word' id='word_1_182' title='bbox 558 2958 609 3030; x_wconf 81' lang='grc' dir='ltr'><strong><em>δι’</em></strong></span> <span class='ocrx_word' id='word_1_183' title='bbox 638 2957 770 3049; x_wconf 83' lang='grc' dir='ltr'><strong><em>άφατον</em></strong></span> <span class='ocrx_word' id='word_1_184' title='bbox 798 2955 900 3039; x_wconf 75' lang='grc' dir='ltr'><strong><em>ἔλεος,</em></strong></span> <span class='ocrx_word' id='word_1_185' title='bbox 923 2951 1009 3027; x_wconf 79' lang='grc' dir='ltr'><strong><em>ἀλλα</em></strong></span> <span class='ocrx_word' id='word_1_186' title='bbox 1028 2957 1218 3046; x_wconf 85' lang='grc' dir='ltr'><strong><em>μετάνοιαν,</em></strong></span> <span class='ocrx_word' id='word_1_187' title='bbox 1239 2967 1312 3042; x_wconf 87' lang='grc' dir='ltr'><strong><em>τοῖς</em></strong></span> <span class='ocrx_word' id='word_1_188' title='bbox 1332 2989 1392 3032; x_wconf 80' lang='lat' dir='ltr'><strong><em>m·</em></strong></span> 
     </span>
     <span class='ocr_line' id='line_1_25' title="bbox 114 3054 1393 3151; baseline 0.003 -22"><span class='ocrx_word' id='word_1_189' title='bbox 114 3065 211 3140; x_wconf 86' lang='grc' dir='ltr'><strong><em>σταῖς</em></strong></span> <span class='ocrx_word' id='word_1_190' title='bbox 228 3058 459 3148; x_wconf 88' lang='grc' dir='ltr'><strong><em>χαρισάμενος,</em></strong></span> <span class='ocrx_word' id='word_1_191' title='bbox 481 3066 553 3142; x_wconf 87' lang='grc' dir='ltr'><strong><em>τοῖς</em></strong></span> <span class='ocrx_word' id='word_1_192' title='bbox 573 3058 778 3148; x_wconf 72' lang='grc' dir='ltr'><strong><em>ἐπεγνωκόσι</em></strong></span> <span class='ocrx_word' id='word_1_193' title='bbox 798 3059 859 3149; x_wconf 84' lang='grc' dir='ltr'><strong><em>τήν</em></strong></span> <span class='ocrx_word' id='word_1_194' title='bbox 878 3054 964 3150; x_wconf 82' lang='grc' dir='ltr'><strong><em>ὐπίρ</em></strong></span> <span class='ocrx_word' id='word_1_195' title='bbox 986 3057 1176 3151; x_wconf 81' lang='grc' dir='ltr'><strong><em>κατάληψιν</em></strong></span> <span class='ocrx_word' id='word_1_196' title='bbox 1202 3058 1393 3151; x_wconf 78' lang='grc' dir='ltr'><strong><em>οἰκονομίαν</em></strong></span> 
     </span>
     <span class='ocr_line' id='line_1_26' title="bbox 112 3157 1391 3256; baseline 0.002 -25"><span class='ocrx_word' id='word_1_197' title='bbox 112 3185 190 3231; x_wconf 83' lang='grc' dir='ltr'><strong><em>σου.</em></strong></span> <span class='ocrx_word' id='word_1_198' title='bbox 232 3161 341 3244; x_wconf 85' lang='grc' dir='ltr'><strong><em>Δόξαι</em></strong></span> <span class='ocrx_word' id='word_1_199' title='bbox 366 3159 548 3250; x_wconf 88' lang='grc' dir='ltr'><strong><em>προςιόντα</em></strong></span> <span class='ocrx_word' id='word_1_200' title='bbox 575 3159 765 3251; x_wconf 74' lang='grc' dir='ltr'><strong><em>προθύμως</em></strong></span> <span class='ocrx_word' id='word_1_201' title='bbox 790 3157 934 3249; x_wconf 86' lang='grc' dir='ltr'><strong><em>σχήματι</em></strong></span> <span class='ocrx_word' id='word_1_202' title='bbox 961 3165 1009 3250; x_wconf 77' lang='grc' dir='ltr'><strong><em>τῷ</em></strong></span> <span class='ocrx_word' id='word_1_203' title='bbox 1033 3159 1122 3252; x_wconf 86' lang='grc' dir='ltr'><strong><em>θείῳ</em></strong></span> <span class='ocrx_word' id='word_1_204' title='bbox 1144 3160 1202 3230; x_wconf 84' lang='grc' dir='ltr'><strong><em>καί</em></strong></span> <span class='ocrx_word' id='word_1_205' title='bbox 1222 3169 1331 3233; x_wconf 75' lang='grc' dir='ltr'><strong><em>σοῦσον</em></strong></span> <span class='ocrx_word' id='word_1_206' title='bbox 1350 3172 1391 3256; x_wconf 80' lang='grc' dir='ltr'><strong><em>τῇ</em></strong></span> 
     </span>
     <span class='ocr_line' id='line_1_27' title="bbox 113 3260 735 3355; baseline 0.003 -25"><span class='ocrx_word' id='word_1_207' title='bbox 113 3261 363 3355; x_wconf 80' lang='grc' dir='ltr'><strong><em>φιλανθρωπίᾳ</em></strong></span> <span class='ocrx_word' id='word_1_208' title='bbox 383 3287 446 3332; x_wconf 90' lang='grc' dir='ltr'><strong><em>σου</em></strong></span> <span class='ocrx_word' id='word_1_209' title='bbox 466 3260 735 3352; x_wconf 88' lang='grc' dir='ltr'><strong><em>προςπίπτοντα.</em></strong></span> 
     </span>
    </p>

    <p class='ocr_par' dir='ltr' id='par_1_7' title="bbox 113 3358 1392 3862">
     <span class='ocr_line' id='line_1_28' title="bbox 205 3358 1390 3456; baseline 0.003 -25"><span class='ocrx_word' id='word_1_210' title='bbox 205 3369 323 3449; x_wconf 83' lang='grc' dir='ltr'><strong><em>Τεῖχος</em></strong></span> <span class='ocrx_word' id='word_1_211' title='bbox 347 3362 580 3456; x_wconf 85' lang='grc' dir='ltr'><strong><em>ύπερβήσομαι</em></strong></span> <span class='ocrx_word' id='word_1_212' title='bbox 609 3364 645 3436; x_wconf 77' lang='grc' dir='ltr'><strong><em>δν</em></strong></span> <span class='ocrx_word' id='word_1_213' title='bbox 671 3363 728 3433; x_wconf 87' lang='grc' dir='ltr'><strong><em>σοί</em></strong></span> <span class='ocrx_word' id='word_1_214' title='bbox 753 3362 793 3432; x_wconf 87' lang='grc' dir='ltr'><strong><em>εδ</em></strong></span> <span class='ocrx_word' id='word_1_215' title='bbox 813 3367 874 3453; x_wconf 84' lang='grc' dir='ltr'><strong><em>τής</em></strong></span> <span class='ocrx_word' id='word_1_216' title='bbox 894 3358 1059 3452; x_wconf 85' lang='grc' dir='ltr'><strong><em>άμαρτίας</em></strong></span> <span class='ocrx_word' id='word_1_217' title='bbox 1078 3388 1155 3449; x_wconf 89' lang='grc' dir='ltr'><strong><em>μου,</em></strong></span> <span class='ocrx_word' id='word_1_218' title='bbox 1183 3368 1306 3454; x_wconf 81' lang='grc' dir='ltr'><strong><em>Συῖτερ,</em></strong></span> <span class='ocrx_word' id='word_1_219' title='bbox 1333 3366 1390 3435; x_wconf 84' lang='grc' dir='ltr'><strong><em>καί</em></strong></span> 
     </span>
     <span class='ocr_line' id='line_1_29' title="bbox 113 3458 1392 3558; baseline 0.001 -24"><span class='ocrx_word' id='word_1_220' title='bbox 113 3464 389 3556; x_wconf 86' lang='grc' dir='ltr'><strong><em>λωτρωθήσομαι.</em></strong></span> <span class='ocrx_word' id='word_1_221' title='bbox 431 3467 478 3536; x_wconf 84' lang='grc' dir='ltr'><strong><em>Σύ</em></strong></span> <span class='ocrx_word' id='word_1_222' title='bbox 507 3467 567 3556; x_wconf 85' lang='grc' dir='ltr'><strong><em>γάρ</em></strong></span> <span class='ocrx_word' id='word_1_223' title='bbox 596 3464 836 3547; x_wconf 82' lang='grc' dir='ltr'><strong><em>ἀνταπέδωκας</em></strong></span> <span class='ocrx_word' id='word_1_224' title='bbox 858 3463 898 3532; x_wconf 87' lang='grc' dir='ltr'><strong><em>τό</em></strong></span> <span class='ocrx_word' id='word_1_225' title='bbox 927 3461 1007 3553; x_wconf 74' lang='grc' dir='ltr'><strong><em>ἀμὸν</em></strong></span> <span class='ocrx_word' id='word_1_226' title='bbox 1035 3458 1189 3556; x_wconf 82' lang='grc' dir='ltr'><strong><em>ὐφλήμα·</em></strong></span> <span class='ocrx_word' id='word_1_227' title='bbox 1215 3465 1273 3535; x_wconf 85' lang='grc' dir='ltr'><strong><em>καί</em></strong></span> <span class='ocrx_word' id='word_1_228' title='bbox 1293 3475 1392 3558; x_wconf 86' lang='grc' dir='ltr'><strong><em>τιμῆς</em></strong></span> 
     </span>
     <span class='ocr_line' id='line_1_30' title="bbox 113 3561 1392 3657; baseline 0.002 -22"><span class='ocrx_word' id='word_1_229' title='bbox 113 3591 159 3654; x_wconf 87' lang='grc' dir='ltr'><strong><em>με</em></strong></span> <span class='ocrx_word' id='word_1_230' title='bbox 179 3565 356 3657; x_wconf 88' lang='grc' dir='ltr'><strong><em>ήγόρασας,</em></strong></span> <span class='ocrx_word' id='word_1_231' title='bbox 380 3565 702 3654; x_wconf 83' lang='grc' dir='ltr'><strong><em>αὐχμολωτισθίντα,</em></strong></span> <span class='ocrx_word' id='word_1_232' title='bbox 730 3567 789 3636; x_wconf 88' lang='grc' dir='ltr'><strong><em>τὸν</em></strong></span> <span class='ocrx_word' id='word_1_233' title='bbox 809 3573 869 3656; x_wconf 81' lang='grc' dir='ltr'><strong><em>τῆς</em></strong></span> <span class='ocrx_word' id='word_1_234' title='bbox 891 3561 1103 3657; x_wconf 79' lang='grc' dir='ltr'><strong><em>ἀγαθότήτος</em></strong></span> <span class='ocrx_word' id='word_1_235' title='bbox 1123 3567 1392 3656; x_wconf 70' lang='grc' dir='ltr'><strong><em>ἀποδεικνύμενος</em></strong></span> 
     </span>
     <span class='ocr_line' id='line_1_31' title="bbox 113 3663 1391 3762; baseline 0.003 -26"><span class='ocrx_word' id='word_1_236' title='bbox 113 3670 263 3738; x_wconf 82' lang='grc' dir='ltr'><strong><em>πλοῦτον</em></strong></span> <span class='ocrx_word' id='word_1_237' title='bbox 282 3669 341 3738; x_wconf 84' lang='grc' dir='ltr'><strong><em>καί</em></strong></span> <span class='ocrx_word' id='word_1_238' title='bbox 361 3669 421 3760; x_wconf 82' lang='grc' dir='ltr'><strong><em>τήν</em></strong></span> <span class='ocrx_word' id='word_1_239' title='bbox 439 3677 500 3761; x_wconf 80' lang='grc' dir='ltr'><strong><em>τῆς</em></strong></span> <span class='ocrx_word' id='word_1_240' title='bbox 521 3667 762 3760; x_wconf 89' lang='grc' dir='ltr'><strong><em>εὐσπλαγχνίας</em></strong></span> <span class='ocrx_word' id='word_1_241' title='bbox 783 3663 928 3756; x_wconf 89' lang='grc' dir='ltr'><strong><em>ἀβυυσυν</em></strong></span> <span class='ocrx_word' id='word_1_242' title='bbox 948 3667 1099 3760; x_wconf 85' lang='grc' dir='ltr'><strong><em>πηγάσαι</em></strong></span> <span class='ocrx_word' id='word_1_243' title='bbox 1120 3667 1279 3762; x_wconf 80' lang='grc' dir='ltr'><strong><em>θελήσας,</em></strong></span> <span class='ocrx_word' id='word_1_244' title='bbox 1304 3677 1391 3740; x_wconf 83' lang='grc' dir='ltr'><strong><em>πᾶσι</em></strong></span> 
     </span>
     <span class='ocr_line' id='line_1_32' title="bbox 114 3767 676 3862; baseline 0.004 -24"><span class='ocrx_word' id='word_1_245' title='bbox 114 3775 189 3852; x_wconf 87' lang='grc' dir='ltr'><strong><em>τοῖς</em></strong></span> <span class='ocrx_word' id='word_1_246' title='bbox 210 3767 351 3856; x_wconf 85' lang='grc' dir='ltr'><strong><em>ύμνούσί</em></strong></span> <span class='ocrx_word' id='word_1_247' title='bbox 363 3797 411 3854; x_wconf 90' lang='grc' dir='ltr'><strong><em>σε,</em></strong></span> <span class='ocrx_word' id='word_1_248' title='bbox 437 3771 676 3862; x_wconf 81' lang='grc' dir='ltr'><strong><em>Φιλάνθρωπε.</em></strong></span> 
     </span>
    </p>

    <p class='ocr_par' dir='ltr' id='par_1_8' title="bbox 555 3899 980 3976">
     <span class='ocr_line' id='line_1_33' title="bbox 555 3899 980 3976; baseline -0.005 0"><span class='ocrx_word' id='word_1_249' title='bbox 555 3905 628 3976; x_wconf 81' lang='grc' dir='ltr'><strong><em>Καὶ</em></strong></span> <span class='ocrx_word' id='word_1_250' title='bbox 648 3915 715 3976; x_wconf 82' lang='grc' dir='ltr'><strong><em>νῦν.</em></strong></span> <span class='ocrx_word' id='word_1_251' title='bbox 761 3899 980 3974; x_wconf 60' lang='grc' dir='ltr'><strong><em>Θεοτόκιον.’</em></strong></span> 
     </span>
    </p>

    <p class='ocr_par' dir='ltr' id='par_1_9' title="bbox 200 4021 772 4115">
     <span class='ocr_line' id='line_1_34' title="bbox 200 4021 772 4115; baseline 0.002 -24"><span class='ocrx_word' id='word_1_252' title='bbox 200 4021 344 4094; x_wconf 87' lang='grc' dir='ltr'><strong><em>Πάντων</em></strong></span> <span class='ocrx_word' id='word_1_253' title='bbox 363 4021 611 4114; x_wconf 89' lang='grc' dir='ltr'><strong><em>προστατεύεις,</em></strong></span> <span class='ocrx_word' id='word_1_254' title='bbox 630 4021 772 4115; x_wconf 82' lang='grc' dir='ltr'><strong><em>Ἀγαθή.</em></strong></span> 
     </span>
    </p>

    <p class='ocr_par' dir='ltr' id='par_1_10' title="bbox 112 4121 1391 4624">
     <span class='ocr_line' id='line_1_35' title="bbox 200 4121 1388 4220; baseline 0.001 -26"><span class='ocrx_word' id='word_1_255' title='bbox 200 4121 262 4206; x_wconf 85' lang='grc' dir='ltr'><strong><em>Είς</em></strong></span> <span class='ocrx_word' id='word_1_256' title='bbox 291 4125 352 4215; x_wconf 87' lang='grc' dir='ltr'><strong><em>τήν</em></strong></span> <span class='ocrx_word' id='word_1_257' title='bbox 383 4125 607 4215; x_wconf 88' lang='grc' dir='ltr'><strong><em>λειτουργίαν,</em></strong></span> <span class='ocrx_word' id='word_1_258' title='bbox 640 4135 700 4216; x_wconf 77' lang='grc' dir='ltr'><strong><em>τῆς</em></strong></span> <span class='ocrx_word' id='word_1_259' title='bbox 731 4123 863 4208; x_wconf 87' lang='grc' dir='ltr'><strong><em>είςόδου</em></strong></span> <span class='ocrx_word' id='word_1_260' title='bbox 893 4123 1069 4220; x_wconf 78' lang='grc' dir='ltr'><strong><em>γενομίνής</em></strong></span> <span class='ocrx_word' id='word_1_261' title='bbox 1094 4131 1155 4195; x_wconf 83' lang='grc' dir='ltr'><strong><em>τοῦ</em></strong></span> <span class='ocrx_word' id='word_1_262' title='bbox 1187 4121 1388 4214; x_wconf 84' lang='grc' dir='ltr'><strong><em>εὐαγγελίου,</em></strong></span> 
     </span>
     <span class='ocr_line' id='line_1_36' title="bbox 113 4223 1391 4320; baseline -0.001 -24"><span class='ocrx_word' id='word_1_263' title='bbox 113 4223 306 4311; x_wconf 78' lang='grc' dir='ltr'><strong><em>ἀποβάλλει</em></strong></span> <span class='ocrx_word' id='word_1_264' title='bbox 334 4225 352 4296; x_wconf 87' lang='grc' dir='ltr'><strong><em>δ</em></strong></span> <span class='ocrx_word' id='word_1_265' title='bbox 378 4229 509 4314; x_wconf 87' lang='grc' dir='ltr'><strong><em>μέλλων</em></strong></span> <span class='ocrx_word' id='word_1_266' title='bbox 537 4225 718 4314; x_wconf 82' lang='grc' dir='ltr'><strong><em>λαμβάνειν</em></strong></span> <span class='ocrx_word' id='word_1_267' title='bbox 738 4229 777 4296; x_wconf 86' lang='grc' dir='ltr'><strong><em>τὸ</em></strong></span> <span class='ocrx_word' id='word_1_268' title='bbox 800 4227 895 4318; x_wconf 87' lang='grc' dir='ltr'><strong><em>ἀγιον</em></strong></span> <span class='ocrx_word' id='word_1_269' title='bbox 916 4233 1025 4320; x_wconf 79' lang='grc' dir='ltr'><strong><em>σχῆμα</em></strong></span> <span class='ocrx_word' id='word_1_270' title='bbox 1046 4227 1084 4296; x_wconf 87' lang='grc' dir='ltr'><strong><em>τὸ</em></strong></span> <span class='ocrx_word' id='word_1_271' title='bbox 1107 4227 1143 4296; x_wconf 76' lang='grc' dir='ltr'><strong><em>ἐκ</em></strong></span> <span class='ocrx_word' id='word_1_272' title='bbox 1163 4233 1223 4316; x_wconf 80' lang='grc' dir='ltr'><strong><em>τῆς</em></strong></span> <span class='ocrx_word' id='word_1_273' title='bbox 1243 4229 1391 4318; x_wconf 80' lang='grc' dir='ltr'><strong><em>κεφαλῆς</em></strong></span> 
     </span>
     <span class='ocr_line' id='line_1_37' title="bbox 113 4325 1390 4419; baseline 0 -22"><span class='ocrx_word' id='word_1_274' title='bbox 113 4326 220 4397; x_wconf 75' lang='grc' dir='ltr'><strong><em>αὑτοῦ</em></strong></span> <span class='ocrx_word' id='word_1_275' title='bbox 246 4325 402 4416; x_wconf 88' lang='grc' dir='ltr'><strong><em>κάλυμμα</em></strong></span> <span class='ocrx_word' id='word_1_276' title='bbox 427 4327 485 4398; x_wconf 85' lang='grc' dir='ltr'><strong><em>καί</em></strong></span> <span class='ocrx_word' id='word_1_277' title='bbox 505 4329 548 4397; x_wconf 90' lang='grc' dir='ltr'><strong><em>τά</em></strong></span> <span class='ocrx_word' id='word_1_278' title='bbox 569 4329 604 4397; x_wconf 80' lang='grc' dir='ltr'><strong><em>ἐν</em></strong></span> <span class='ocrx_word' id='word_1_279' title='bbox 624 4335 697 4410; x_wconf 86' lang='grc' dir='ltr'><strong><em>τοῖς</em></strong></span> <span class='ocrx_word' id='word_1_280' title='bbox 717 4329 801 4400; x_wconf 84' lang='grc' dir='ltr'><strong><em>ποσὶ</em></strong></span> <span class='ocrx_word' id='word_1_281' title='bbox 821 4327 984 4419; x_wconf 88' lang='grc' dir='ltr'><strong><em>καλλίγια.</em></strong></span> <span class='ocrx_word' id='word_1_282' title='bbox 1028 4328 1098 4398; x_wconf 82' lang='grc' dir='ltr'><strong><em>Καὶ</em></strong></span> <span class='ocrx_word' id='word_1_283' title='bbox 1119 4326 1267 4418; x_wconf 83' lang='grc' dir='ltr'><strong><em>ποιήσας</em></strong></span> <span class='ocrx_word' id='word_1_284' title='bbox 1287 4354 1390 4415; x_wconf 88' lang='grc' dir='ltr'><strong><em>μετα-</em></strong></span> 
     </span>
     <span class='ocr_line' id='line_1_38' title="bbox 112 4427 1391 4519; baseline 0.002 -21"><span class='ocrx_word' id='word_1_285' title='bbox 112 4427 210 4508; x_wconf 91' lang='grc' dir='ltr'><strong><em>νοίας</em></strong></span> <span class='ocrx_word' id='word_1_286' title='bbox 230 4435 319 4515; x_wconf 86' lang='grc' dir='ltr'><strong><em>τρεῖς</em></strong></span> <span class='ocrx_word' id='word_1_287' title='bbox 344 4432 487 4499; x_wconf 89' lang='grc' dir='ltr'><strong><em>ῖσταται.</em></strong></span> <span class='ocrx_word' id='word_1_288' title='bbox 530 4431 601 4498; x_wconf 80' lang='grc' dir='ltr'><strong><em>Καὶ</em></strong></span> <span class='ocrx_word' id='word_1_289' title='bbox 620 4433 706 4518; x_wconf 85' lang='grc' dir='ltr'><strong><em>μετὰ</em></strong></span> <span class='ocrx_word' id='word_1_290' title='bbox 726 4433 786 4519; x_wconf 84' lang='grc' dir='ltr'><strong><em>τήν</em></strong></span> <span class='ocrx_word' id='word_1_291' title='bbox 807 4428 936 4512; x_wconf 81' lang='grc' dir='ltr'><strong><em>εῖςυδον</em></strong></span> <span class='ocrx_word' id='word_1_292' title='bbox 956 4431 1094 4519; x_wconf 78' lang='grc' dir='ltr'><strong><em>λέγομεν</em></strong></span> <span class='ocrx_word' id='word_1_293' title='bbox 1112 4427 1152 4497; x_wconf 87' lang='grc' dir='ltr'><strong><em>τὸ</em></strong></span> <span class='ocrx_word' id='word_1_294' title='bbox 1174 4427 1391 4500; x_wconf 89' lang='grc' dir='ltr'><strong><em>ἀπολυτίκιον</em></strong></span> 
     </span>
     <span class='ocr_line' id='line_1_39' title="bbox 112 4525 1209 4624; baseline 0 -24"><span class='ocrx_word' id='word_1_295' title='bbox 112 4537 175 4620; x_wconf 80' lang='grc' dir='ltr'><strong><em>τῆς</em></strong></span> <span class='ocrx_word' id='word_1_296' title='bbox 194 4525 331 4618; x_wconf 84' lang='grc' dir='ltr'><strong><em>ήμόρας,</em></strong></span> <span class='ocrx_word' id='word_1_297' title='bbox 354 4527 489 4602; x_wconf 80' lang='grc' dir='ltr'><strong><em>εἶτατὰ</em></strong></span> <span class='ocrx_word' id='word_1_298' title='bbox 510 4530 664 4620; x_wconf 88' lang='grc' dir='ltr'><strong><em>παρόντα</em></strong></span> <span class='ocrx_word' id='word_1_299' title='bbox 680 4529 881 4624; x_wconf 79' lang='grc' dir='ltr'><strong><em>Ἀντίφωνα.</em></strong></span> <span class='ocrx_word' id='word_1_300' title='bbox 920 4526 1022 4618; x_wconf 87' lang='grc' dir='ltr'><strong><em>Ἠχυς</em></strong></span> <span class='ocrx_word' id='word_1_301' title='bbox 1042 4531 1209 4615; x_wconf 79' lang='grc' dir='ltr'><strong><em>τέταρτος.</em></strong></span> 
     </span>
    </p>

    <p class='ocr_par' dir='ltr' id='par_1_11' title="bbox 114 4627 1388 4728">
     <span class='ocr_line' id='line_1_40' title="bbox 114 4627 1388 4728; baseline 0.003 -30"><span class='ocrx_word' id='word_1_302' title='bbox 114 4683 120 4698; x_wconf 95' lang='grc'><strong>.</strong></span> <span class='ocrx_word' id='word_1_303' title='bbox 193 4627 348 4702; x_wconf 80' lang='grc' dir='ltr'><strong><em>’Ήθελον</em></strong></span> <span class='ocrx_word' id='word_1_304' title='bbox 373 4631 530 4724; x_wconf 79' lang='grc' dir='ltr'><strong><em>δάκρυσιν</em></strong></span> <span class='ocrx_word' id='word_1_305' title='bbox 552 4635 731 4728; x_wconf 77' lang='grc' dir='ltr'><strong><em>ἐξαλεῖψαι</em></strong></span> <span class='ocrx_word' id='word_1_306' title='bbox 751 4640 817 4704; x_wconf 85' lang='grc' dir='ltr'><strong><em>ταῖν</em></strong></span> <span class='ocrx_word' id='word_1_307' title='bbox 838 4635 927 4722; x_wconf 74' lang='grc' dir='ltr'><strong><em>ἐμεῖν</em></strong></span> <span class='ocrx_word' id='word_1_308' title='bbox 947 4631 1177 4718; x_wconf 88' lang='grc' dir='ltr'><strong><em>πταισμάτων,</em></strong></span> <span class='ocrx_word' id='word_1_309' title='bbox 1203 4630 1320 4724; x_wconf 83' lang='grc' dir='ltr'><strong><em>Κύριε,</em></strong></span> <span class='ocrx_word' id='word_1_310' title='bbox 1348 4633 1388 4703; x_wconf 85' lang='grc' dir='ltr'><strong><em>τὸ</em></strong></span> 
     </span>
    </p>
   </div>
   <div class='ocr_carea' id='block_1_5' title="bbox 0 0 1712 5290">
    <p class='ocr_par' dir='ltr' id='par_1_12' title="bbox 0 0 1712 5290">
     <span class='ocr_line' id='line_1_41' title="bbox 0 0 1712 5290; baseline 0 1"><span class='ocrx_word' id='word_1_311' title='bbox 0 0 1712 5290; x_wconf 95' lang='lat' dir='ltr'><strong><em> </em></strong></span> 
     </span>
    </p>
   </div>
  </div>
 </body>
</html>
