3378 5302
920 413 991 488 132

312 602 405 724 νοῦς
438 621 508 672 σου
541 597 643 687 Υἱοῦ,
675 595 818 692 Κυρίου
845 594 934 672 55‘
912 603 1023 725 ημῶν
1042 595 1165 690 Ἰησοῦ
1189 597 1377 691 Χριστοῦ·
1412 589 1524 676 δὸς
1502 597 1600 689 ημῖν

314 698 378 774 καὶ
403 697 472 795 τὴν
495 696 611 828 χάριν
634 727 702 773 του
687 695 944 794 Πνεῦματός
970 721 1039 772 σου
1064 725 1132 772 του
1117 694 1319 822 ”ἁγαΘοῦ,
1344 724 1408 770 και
1395 693 1601 820 φύλαξον

314 799 458 897 ἡμᾶς’
438 797 621 897 αμιόμους
645 803 759 875 ἐν
711 831 756 897 τῃ
784 799 920 874 πίστει·
948 795 1135 926 ἁιίήγησον
1159 826 1259 894 ημας
1284 800 1335 880 εἰς
1354 795 1496 872 τελείαν
1513 796 1600 870 υἱο-

315 900 453 978 θεσίαν
490 901 555 976 καὶ
587 898 864 1032 ἁηολύτρωσιν,
904 901 967 976 καὶ
1000 905 1051 984 εἰς
1081 898 1148 983 τὰς
1179 894 1384 996 μελλούσας
1417 895 1600 980 αἰωνίους

316 999 554 1087 ἀπολαύσεις·
589 1003 636 1079 οῦ
668 1004 742 1106 γὰρ
775 1002 859 1078 εἰ
841 1033 860 1078 ο
895 1001 1078 1104 ἁγιασυὸς
1109 1001 1173 1077 καὶ
1206 999 1399 1099 φωτισμὸς
1428 997 1541 1095 ἡμῶν
1576 997 1599 1073 5

319 1103 407 1188 Θεὸς
413 1161 425 1194 ,
457 1106 521 1181 καὶ
555 1105 574 1180 5
607 1103 811 1236 μονογενής
843 1127 913 1180 σου
953 1105 1046 1192 Υἱὸς,
1078 1101 1209 1179 καὶτὸ
1236 1105 1399 1198 Πνεῦμα
1426 1124 1496 1176 σου
1522 1129 1599 1174 πα-

313 1203 467 1336 νάγιον,
507 1217 581 1284 νῦν
619 1208 682 1282 καὶ
723 1207 781 1281 ἀεὶ
819 1206 882 1282 καὶ
922 1211 972 1289 εἰς
1010 1204 1097 1289 τους
1138 1209 1278 1288 αἰιῦνας
1316 1211 1396 1278 τῶν
1430 1199 1597 1278 αἰοίυων.

306 1305 435 1405 Ἀμήν.

838 1403 1062 1486 Ὀδιάκονος.

384 1529 447 1602 Ἐν
473 1523 597 1625 εἰρήνῃ
624 1531 794 1626 Χριστοῦ
820 1526 1156 1626 ἁιαφυλαχθοίμεν.

863 1706 935 1779 “0
925 1707 1041 1801 ιερεύς.

390 1827 658 1956 Ηῦλόγηται”
640 1860 660 1902 υ
690 1829 821 1915 Θεὸς“
804 1860 824 1907 ο
851 1832 1030 1960 εὐλογῶν,
1064 1829 1127 1905 καὶ
1153 1825 1321 1956 ἁγιάζων
1346 1827 1410 1903 διὰ
1435 1833 1504 1926 τῆς
1528 1857 1599 1924 με·

312 1929 503 2054 ιαλήφεως
540 1939 619 2007 τῶν
661 1931 809 2061 ἁγίων
821 1933 886 2009 καὶ
926 1933 1119 2023 ζωοποιοῦν
1165 1930 1228 2004 καὶ
1277 1926 1478 2026 ἁχράντων
1520 1960 1598 2026 μυ-

312 2031 496 2127 στηρίων,
537 2036 611 2108 νῦν
647 2033 712 2108 καὶ
752 2034 811 2108 ἀεὶ
842 2034 907 2108 καὶ
938 2039 989 2119 εἰς
1021 2032 1109 2116 τοὺς
1144 2036 1285 2118 αλιῦνας
1316 2037 1395 2106 τῶν
1428 2029 1596 2108 αἰυίνων.

307 2131 435 2232 Ἀμήν.

731 2226 876 2302 Εἰτα’
840 2232 916 2322 coxi)
939 2239 999 2302 τοῦ
1021 2229 1174 2319 ἱλασμοῦ.

387 2346 502 2450 Κύριε
519 2351 642 2484 Ἰησοῦ
658 2352 811 2451 Χριστὲ,
844 2352 901 2427 Υἱὲ
926 2383 996 2431 του
979 2357 1110 2429 Θεοῦ
1134 2359 1204 2429 τοῦ
1231 2351 1429 2443 ζῶντος,’
1406 2351 1505 2448 αμνὲ
1530 2352 1598 2428 καὶ

311 2453 450 2550 ποιμὴν
484 2453 504 2528 5
539 2457 658 2552 αἴρων
689 2455 759 2581 την
792 2454 984 2584 ἁμαρτίαν
1014 2465 1084 2531 τοῦ
1117 2453 1275 2551 κόσμου,
1309 2454 1330 2530 5
1363 2454 1406 2530 τὸ
1440 2453 1597 2532 δάνειον

311 2561 389 2638 τοῖς
415 2553 503 2632 ἁυσὶ
525 2555 806 2682 χρεωφειλέταις
827 2555 1091 2656 χαρισάμενος,
1124 2557 1187 2633 καὶ
1211 2569 1259 2654 τῇ
1286 2555 1498 2656 ἁμαρτωλῷ
1523 2556 1597 2654 τὴν

313 2657 449 2754 ἄφεσιν
473 2663 552 2732 τιῦν
578 2656 774 2757 ἁμαρτιῶν
800 2660 914 2757 αὐτῆς
940 2658 1094 2749 (ἰοὺς,
1076 2689 1096 2736 ο
1121 2688 1191 2754 την
1215 2663 1319 2735 ἴασιν
1346 2665 1399 2755 τῷ
1423 2668 1596 2757 παραλυ-

313 2762 405 2854 τικιῦ
446 2756 728 2890 ἁωρησάυενος,
770 2759 841 2836 σὺν
875 2769 922 2859 τῇ
956 2761 1083 2860 άφίσει
1116 2767 1195 2838 τιῦν
1228 2760 1426 2889 ἁμαρτιῶν
1459 2761 1595 2848 αὐτοῦ,

314 2861 412 2947 ἄνες,
439 2861 544 2958 άφες,
582 2857 827 2990 συγχώρησον
853 2861 872 2937 5
902 2863 990 2947 Θεὸς
1016 2861 1063 2938 τά
1090 2860 1429 2961 πληυμελήματα
1408 2869 1520 2959 ημῶν
1545 2862 1595 2937 τὰ

312 2959 475 3050 ειιούσια,
509 2961 556 3038 τὰ
591 2961 761 3054 ἀκούσια,
794 2965 890 3039 τὰἐ
875 2968 917 3040 ἐν
931 2962 1097 3094 γνοίσει,
1131 2964 1178 3038 τὰ
1213 2968 1254 3040 ἐν
1284 2963 1435 3095 ἁγνυία,
1468 2965 1516 3038 τὰ
1551 2969 1596 3038 ἐν

312 3061 525 3190 παραβάσει
557 3064 620 3138 καὶ
652 3073 823 3164 παρακοῇ
855 3095 921 3196 γει
922 3095 1050 3164 ομινα,
1087 3066 1111 3140 5
1145 3065 1222 3141 ολιίε
1254 3065 1296 3141 τό
1324 3063 1489 3196 Πνεῦμά
1523 3091 1595 3142 σου

312 3165 355 3239 τὸ
381 3161 568 3268 πανάγιον
592 3165 683 3265 ὑπὲρ
710 3167 797 3252 τοὺς
822 3166 979 3253 (ἰούλους
1005 3195 1091 3244 σου·
1119 3167 1182 3243 καὶ
1207 3173 1242 3242 εἴ
1263 3195 1298 3242 τι
1324 3175 1403 3244 τῶν
1428 3169 1595 3244 εντολιῦν

313 3289 382 3342 σου
419 3270 619 3366 ἄνθρωποι
646 3266 768 3369 σάρκα
795 3275 1000 3398 φοροῦντες
1024 3268 1088 3346 καὶ
1112 3268 1180 3344 τὸν
1205 3266 1349 3366 κόσμον
1372 3276 1510 3344 τοῦτον
1537 3275 1594 3344 ολ-
1625 3283 1631 3292 ’

313 3375 477 3458 κοῦντες,
503 3369 527 3466 ἢ
553 3374 593 3445 ἐκ
617 3375 686 3447 τοῦ
713 3368 894 3498 διαβόλου
921 3370 1253 3502 ἐπλανήθησαν,’
1227 3373 1364 3447 είτείν
1389 3366 1532 3495 λόγῳ
1509 3401 1532 3467 η
1552 3375 1596 3446 ἐν

314 3471 431 3572 ἔργῳ,
465 3475 535 3544 εἴτε
569 3469 642 3598 ῦηὸ
674 3468 846 3570 κατάραν
877 3473 1064 3549 ὑπέπεσαν
1097 3472 1121 3570 ἢ
1155 3480 1210 3570 τῷ
1244 3473 1329 3570 ἰιίίῳ
1363 3471 1595 3568 ἁναθέματι,

313 3576 520 3699 παρακηλεῦ
550 3571 613 3646 καὶ
646 3571 777 3669 ἁεομαι
809 3573 878 3670 τὴν
911 3571 1060 3672 άφατόν
1092 3601 1161 3650 σου
1195 3572 1502 3703 φιλανθρωπίαν,
1537 3578 1594 3672 τῴ

313 3671 383 3768 μίν
417 3668 526 3800 λόγῳ
549 3673 727 3769 λυθῆναι,
761 3679 1055 3808 συγχωρηθῆναι
1088 3675 1128 3752 55
1163 3677 1289 3760 αὐτοῖς
1321 3683 1376 3775 τῷ
1402 3673 1503 3774 όρκφ
1528 3675 1595 3750 καὶ

313 3777 368 3870 τῷ
394 3772 479 3870 ἰιίίῳ
507 3774 721 3904 ἀναθέματι
745 3777 840 3851 κατὰ
866 3777 936 3874 τὴν
962 3777 1032 3875 σὴν
1057 3775 1289 3909 ἁγαθότητηι.
1333 3777 1421 3868 Ναὶ,
1448 3777 1595 3852 Δεσπο-

314 3901 363 3948 τοι
395 3878 529 3972 Κύριε,
564 3874 779 3958 εἰςάκουσον
810 3882 875 3976 τῆς
906 3876 1064 3978 δεήσεοίς
1096 3909 1171 3977 μου
1203 3879 1296 3979 ὑπὲρ
1329 3887 1408 3957 τῶν
1442 3876 1595 3956 δούλων

314 4000 396 4067 σου,
422 3978 486 4052 καὶ
511 3974 699 4076 πάραίε“
671 4008 722 4064 ως
747 3981 998 4078 ἁιινησίκακος
1015 3982 1062 4058 τὰ
1080 3983 1306 4080 ἐπταισμενα
1325 3983 1453 4060 αὐτῶν
1471 3981 1595 4057 ἁπαν·

312 4254 348 4312 οιλ,
371 4253 394 4302 in
421 4251 494 4304 edito.
530 4253 589 4308 licio
616 4254 651 4304 sic
680 4255 798 4318 liturgiam
825 4255 955 4307 concludit.
991 4257 1107 4310 Dominus
1132 4257 1259 4310 benedicet
1284 4265 1308 4308 ct
1324 4255 1483 4308 sanctificabit
1501 4263 1525 4306 ct
1543 4269 1589 4306 nos

312 4350 396 4385 omncs
424 4338 542 4390 custodiet
566 4353 609 4404 por
627 4341 834 4406 participationem
854 4342 1061 4392 immacuiotocum
1081 4344 1248 4406 mysteriorum
1267 4356 1367 4394 suorum
1386 4341 1460 4404 gratio
1479 4346 1503 4390 ct
1520 4339 1592 4390 heci-

313 4419 401 4480 gnitate
419 4435 461 4470 ευι
481 4432 608 4486 ρει-,ρειιιο
627 4439 690 4473 nunc
708 4432 731 4474 ct
749 4439 846 4488 semper
864 4435 887 4477 et
905 4427 929 4476 in
948 4427 1044 4476 saecuta
1063 4428 1225 4480 soeculorum.

398 4503 545 4567 LiturgioS.
565 4507 635 4558 Marci
655 4509 790 4558 bobetaiio
810 4509 863 4560 loco
883 4512 985 4574 positam
1004 4513 1144 4560 orationem.
1180 4501 1396 4566 Ἔδωκαςυὶοῦ·
1414 4499 1591 4602 ύῦςημιν-

308 4573 396 4651 χάριν
418 4586 465 4636 καλ
489 4581 536 4651 τὴν
560 4583 670 4656 δωρεαν
693 4589 740 4641 τοῦ
762 4594 903 4658 παναγίου
928 4607 1025 4645 πν.-
1049 4589 1098 4660 ἁμ.
1118 4591 1148 4642 ἐν
1166 4592 1203 4658 τῷ
1218 4595 1270 4660 βαρ
1288 4590 1335 4644 καλ
1352 4585 1395 4644 55.
1413 4591 1452 4650 etc
1469 4585 1518 4654 ¹5¹
1536 4588 1589 4638 ¹⁶²·

310 4663 396 4723 ἁπολ.
419 4670 466 4720 καὶ
489 4669 680 4725 υἱοθεσίαν·
702 4671 779 4746 ἀγ.’
766 4691 834 4746 ημιν
851 4675 899 4728 καὶ
915 4675 961 4728 σολ
978 4691 1027 4742 την
1043 4667 1092 4735 50
1093 4690 1129 4726 αν
1145 4673 1360 4746 ανατέμπωμεν
1377 4691 1413 4742 τῳ
1431 4673 1517 4742 πατρί
1533 4672 1591 4724 κτλ
