3388 5304
921 414 994 490 628

321 597 523 684 ἀσθενείας
547 629 615 675 του
598 607 727 676 λαοῦ
747 596 1037 694 θεραπεύεσθαι.
1064 596 1188 682 Αὐτὸς
1203 598 1267 673 καὶ
1286 597 1327 672 τὸ
1343 599 1469 674 ἔλαιον
1485 609 1592 678 τοῦτο

322 700 508 786 σύνταξον
541 706 632 785 ελς
616 729 718 776 ιασιν
743 708 820 785 τοῖς
846 705 885 786 ἐξ
909 700 1031 774 αὐτοῦ
1049 701 1272 798 χριομένοις,
1300 705 1351 784 εἰς
1376 702 1594 806 ἀπαλλαγὴν

321 802 440 900 ποίσης
465 800 581 878 νόσου
605 803 669 878 και
695 800 813 899 πόσης
838 801 1035 897 μαλακίας,
1062 807 1113 886 εὶς
1138 800 1398 898 ἀπολύτρωσιν
1422 812 1506 879 ταῖν
1529 833 1593 879 κα

320 913 400 980 κῶν
425 913 504 980 τῶν
529 902 898 1002 ἀπεκόεχομένων
859 931 928 1000 την
953 902 1056 998 παρὰ
1081 911 1152 979 σοῦ
1178 903 1376 1002 σωτηρίαν.
1419 907 1511 996 Ναι,
1537 905 1596 980 ἀέ-

322 1031 441 1082 σποτα
458 1003 586 1137 Κύριε,
614 1037 633 1082 ο
619 1003 786 1090 Θεὸς
765 1013 887 1134 ημῶν,
914 1002 1083 1100 δεόμεθά
1109 1028 1192 1094 σου,
1218 1003 1502 1102 παντοδτίναιιε,
1528 1018 1595 1084 τοῦ

321 1106 454 1199 σώζειν
479 1107 624 1191 πάντας
645 1107 757 1205 ἡιιᾶς,
783 1105 803 1183 ἀ
829 1104 945 1202 μόνος
962 1115 1097 1204 ψυχῶν
1112 1107 1231 1181 τεκαὶ
1249 1104 1439 1201 σωμάτων
1455 1109 1595 1208 ἰατρὸς,

319 1209 480 1338 ἁγίασον
504 1207 647 1293 ποίντας
670 1209 768 1306 ἡμᾶς
793 1207 813 1282 ὃ
839 1217 966 1286 πᾶσαν
991 1205 1288 1303 νόσονΗιωαενος.
1307 1210 1426 1284 Ἴασαι
1445 1210 1594 1286 καὶτὸν

319 1309 458 1388 δοῦλόν
485 1336 554 1386 σου
579 1309 702 1399 τόνόε,
729 1310 907 1439 ἐξέχειρον
933 1309 1052 1386 αὐτόν
1069 1309 1143 1385 ἀπὸ
1158 1312 1284 1406 κλίνης
1301 1310 1505 1408 ὂόυνηράς,
1533 1313 1594 1388 διὰ

320 1414 440 1498 ἐλέους
472 1421 537 1508 τῆς
570 1420 637 1508 σῆς
666 1409 926 1510 χρηστότητος,
960 1411 1155 1510 ἐπίσκεψαι
1191 1411 1309 1487 αὐτὸν
1343 1415 1400 1488 ἐν
1416 1415 1508 1487 ἐλέει
1532 1416 1594 1490 και

320 1519 523 1610 ολκτιρμοῒς
547 1538 634 1588 σου·
662 1511 920 1598 ἀποόίωξον
899 1514 965 1588 απ’
995 1515 1114 1589 αὐτοῦ
1139 1521 1266 1588 πᾶσαν
1292 1515 1508 1610 ἀρρωστίαν
1532 1519 1593 1592 καὶ

320 1617 540 1743 ἀσθένειρν·
573 1616 639 1690 ἵνα
664 1614 938 1700 ἐξαναστάςτ
891 1615 1056 1744 τηχειρί
1082 1641 1152 1691 σου
1176 1624 1221 1711 τῆ
1245 1625 1407 1715 κραταιᾷ
1433 1615 1591 1714 ἀουλειίη

320 1745 378 1794 σοι
404 1717 497 1815 μετὰ
523 1713 641 1813 ποίσης
667 1717 911 1812 εὐχαριστίας.
953 1717 1080 1802 Ὅπως
1102 1745 1167 1791 και
1193 1725 1266 1794 νῦν
1290 1717 1508 1814 μετέχοντες
1530 1749 1593 1815 της

320 1827 386 1918 σῆς
417 1816 567 1918 ἀφοίτου
600 1817 942 1949 φιλανθρωπίας’
921 1827 1102 1913 υμνῶμεν
1126 1847 1190 1893 και
1178 1817 1432 1914 όοξοίζωμέν
1459 1847 1502 1895 σε
1528 1822 1594 1897 τὸν

318 1932 499 1998 ποιοῦντα
535 1918 714 2050 μεγάλα,
737 1920 800 1995 καί
835 1919 1057 2012 θαυμαστὰ,
1093 1916 1228 2006 ένάοξοί
1263 1949 1301 1994 τε
1337 1949 1401 1995 και
1437 1921 1591 2007 ἐξαίσια.

316 2033 533 2151 Ἔχηηώγως
548 2021 633 2097 Σάν
664 2019 737 2150 γρίρ
771 2025 847 2095 ἐστι
880 2021 922 2097 τὸ
949 2025 1061 2097 ἐλεεῖν
1084 2021 1147 2096 καὶ
1174 2019 1306 2113 σιόζειν
1329 2021 1476 2152 ἡιιρῖςό
1507 2025 1594 2110 θεὸς

316 2125 439 2252 ἡμῶν,
471 2122 535 2199 καὶ
568 2124 627 2198 σοὶ
658 2123 727 2220 τὴν
752 2119 914 2207 όόξαν’
894 2124 1184 2252 αναπέμπομεν,
1207 2133 1262 2221 τιῦ
1287 2153 1414 2223 πατρι,
1448 2125 1514 2201 καὶ
1537 2156 1590 2226 τῳ

317 2227 403 2325 υἱῷ,
428 2225 491 2301 και
516 2233 571 2322 τῷ
576 2224 692 2352 ἁγίῳ
718 2221 914 2354 πνεύματι,
940 2233 1014 2302 νῦν
1038 2225 1101 2299 καὶ
1127 2225 1197 2314 ἀει,
1224 2225 1287 2300 καὶ
1313 2231 1364 2310 ελς
1388 2226 1480 2311 τοὺς
1501 2201 1591 2303 οἰοί-

316 2355 386 2413 νας
410 2335 489 2404 τῶν
515 2297 676 2403 αίοίνων.
722 2324 851 2423 Αμήν.

399 2471 647 2588 Οιτέμπτος’
636 2473 757 2586 ιερεός.
794 2473 1029 2586 Προκείμενον.
1063 2456 1176 2556 Ηχθς
1201 2456 1359 2562 πλαγιθν
1385 2471 1550 2562 πρῶτον.

400 2563 477 2652 Σὺ,
505 2561 629 2659 Κύριε,
656 2558 881 2690 ηιυλάξαις
849 2571 974 2690 Ιχημᾶς

401 2675 529 2763 Σείχος,
550 2660 691 2736 Σῶσόν
715 2691 774 2757 με,
802 2657 974 2758 Κόριε,”
954 2691 1011 2738 οτι
1035 2661 1286 2739 ἔκλέλοιπεν”
1265 2689 1374 2748 οσιος.

400 2794 495 2882 Πρὸς
514 2791 721 2884 Κορινθίους
743 2791 923 2886 ἐπιστολῆς
942 2791 1139 2864 Παύλου
1103 2821 1143 2865 το
1165 2791 1364 2884 ἀνάγνωσμα
1392 2805 1497 2867 2Cor.
1519 2824 1545 2868 ο.
1560 2809 1587 2882 1,

317 2902 388 2967 8-
402 2905 452 2966 11.

391 2973 618 3098 Ἆλληλοόϊα.
674 2999 728 3076 Τά
754 3000 832 3097 ἐλέη
859 3023 940 3088 σου,
966 2995 1093 3099 Κύριε,
1119 3005 1170 3084 εἰς
1193 3000 1261 3076 τὸν
1287 3006 1421 3077 αἰῶνα.

401 3129 603 3222 Εὖαγγέλιον
625 3130 661 3202 ἐκ
681 3139 742 3202 τοῦ
761 3133 847 3202 κατὰ
868 3139 1058 3201 Μοτθαῖον
1079 3157 1106 3201 ο.
1121 3141 1173 3215 25,
1192 3141 1306 3204 1-13.

838 3247 1063 3382 Ὀόιόκρνος

390 3353 606 3452 Ἐλέησον
585 3363 695 3451 ημάς,
722 3353 742 3428 ὁ
772 3353 870 3443 Θεὸς,
896 3354 993 3429 κατὰ
1018 3355 1061 3429 τὸ
1087 3354 1183 3454 μέγα
1209 3351 1306 3440 ἔλεός
1332 3381 1415 3432 σου.

389 3457 466 3531 Ἔτι
491 3453 705 3550 δεόμεθα
683 3455 777 3552 υπέρ
803 3458 934 3545 ἐλέους,
963 3455 1069 3554 ζωῆς,
1096 3455 1249 3554 εἰρήνης.

392 3555 496 3655 Ὑπερ
523 3565 591 3633 τοῦ
617 3561 910 3660 συγχωρηθῆναι
937 3559 1041 3656 αὐτῷ
1067 3566 1144 3633 πᾶν
1169 3557 1425 3656 πλημμέλημα.

853 3686 906 3758 Ἐκ
936 3687 1038 3771 ιόνως.

388 3792 472 3870 ’Ότι
497 3789 661 3892 ἐλεήμων
685 3793 748 3869 καὶ
775 3715 1045 3892 φιλάνθρωπος
1073 3793 1160 3877 θεὸς
1183 3790 1369 3890 ὑπάρχεις.

724 3943 794 4012 Καί
817 3939 835 4011 ό
859 3941 965 4032 ίερεάς
985 3944 1045 4032 τὴν
1066 3941 1171 4032 εὐχήν.

709 4103 784 4173 Τοῦ
810 4095 953 4193 Κυρίου
978 4097 1187 4196 όεηθῶμεν.

395 4227 575 4330 Κύριε,
557 4261 576 4306 ο
606 4231 737 4316 θεὸς
716 4241 838 4329 ημῶν,
873 4229 1107 4363 ὃραιάεύων
1138 4232 1202 4307 καὶ
1227 4228 1338 4306 πόλιν
1364 4228 1581 4328 ῖιιίμενος,ό

312 4331 465 4460 ἐγείρων
490 4333 564 4409 ἀπὸ
588 4342 656 4436 γῆς
680 4334 842 4464 πτωχὸν,
875 4334 939 4409 καὶ
965 4334 1038 4409 ἀπὸ
1063 4333 1219 4432 κοπρίας
1244 4335 1407 4431 ἀνυιμιῢν
1431 4336 1581 4433 πένητα,

313 4442 445 4508 οτῶν
479 4432 661 4561 ὂρηιοίνων
692 4435 826 4532 πατηρ,
859 4437 922 4510 καὶ
953 4444 1032 4511 τιῦν
1061 4435 1341 4532 χειμαζομένων
1368 4435 1494 4533 λιμην,
1519 4435 1581 4511 καὶ

310 4561 390 4612 των
422 4536 639 4612 νοσούντων
664 4536 856 4666 λατρὸς,
839 4538 951 4622 οτάς
977 4535 1219 4622 ἀσθενείας
1198 4563 1333 4714 ημωνέ
1333 4535 1488 4623 ἀπόνως
1509 4539 1583 4636 βα-

312 4634 473 4727 στάζων,
506 4639 570 4712 καλ
600 4638 668 4722 τάς
699 4639 835 4722 νόσους
865 4639 974 4735 ἡυῶν
1006 4638 1285 4738 λαιιβάνων,ὃ
1317 4641 1360 4716 ἐν
1391 4637 1584 4741 ἱλαρότητι
