<?xml version="1.0" encoding="UTF-8"?>
<!DOCTYPE html PUBLIC "-//W3C//DTD XHTML 1.0 Transitional//EN"
    "http://www.w3.org/TR/xhtml1/DTD/xhtml1-transitional.dtd">
<html xmlns="http://www.w3.org/1999/xhtml" xml:lang="en" lang="en">
 <head>
  <title>
</title>
<meta http-equiv="Content-Type" content="text/html;charset=utf-8" />
  <meta name='ocr-system' content='tesseract 3.04.00' />
  <meta name='ocr-capabilities' content='ocr_page ocr_carea ocr_par ocr_line ocrx_word'/>
</head>
<body>
  <div class='ocr_page' id='page_1' title='image "./codexliturgicus04danigoog/codexliturgicus04danigoog_0634.png"; bbox 0 0 3388 5304; ppageno 0'>
   <div class='ocr_carea' id='block_1_1' title="bbox 708 429 783 504">
    <p class='ocr_par' dir='ltr' id='par_1_1' title="bbox 708 429 783 504">
     <span class='ocr_line' id='line_1_1' title="bbox 708 429 783 504; baseline -0.013 0"><span class='ocrx_word' id='word_1_1' title='bbox 708 429 783 504; x_wconf 82' lang='lat'><strong>609</strong></span> 
     </span>
    </p>
   </div>
   <div class='ocr_carea' id='block_1_2' title="bbox 100 611 1384 2516">
    <p class='ocr_par' dir='ltr' id='par_1_2' title="bbox 100 611 1384 2516">
     <span class='ocr_line' id='line_1_2' title="bbox 108 611 1383 699; baseline 0.006 -23"><span class='ocrx_word' id='word_1_2' title='bbox 108 611 222 693; x_wconf 86' lang='lat' dir='ltr'><strong>turgiae</strong></span> <span class='ocrx_word' id='word_1_3' title='bbox 252 611 372 676; x_wconf 79' lang='lat' dir='ltr'><strong>divinae</strong></span> <span class='ocrx_word' id='word_1_4' title='bbox 401 611 571 677; x_wconf 80' lang='lat' dir='ltr'><strong>sollemnia.</strong></span> <span class='ocrx_word' id='word_1_5' title='bbox 615 615 675 678; x_wconf 86' lang='lat' dir='ltr'><strong>Sed</strong></span> <span class='ocrx_word' id='word_1_6' title='bbox 703 613 844 694; x_wconf 88' lang='lat' dir='ltr'><strong>ignorant</strong></span> <span class='ocrx_word' id='word_1_7' title='bbox 865 613 971 678; x_wconf 84' lang='lat' dir='ltr'><strong>Graeci</strong></span> <span class='ocrx_word' id='word_1_8' title='bbox 999 617 1109 680; x_wconf 88' lang='lat' dir='ltr'><strong>missas</strong></span> <span class='ocrx_word' id='word_1_9' title='bbox 1137 632 1192 699; x_wconf 84' lang='lat' dir='ltr'><strong>pro</strong></span> <span class='ocrx_word' id='word_1_10' title='bbox 1221 617 1383 694; x_wconf 80' lang='lat' dir='ltr'><strong>defunctis,</strong></span> 
     </span>
     <span class='ocr_line' id='line_1_3' title="bbox 107 712 1383 801; baseline 0.005 -25"><span class='ocrx_word' id='word_1_11' title='bbox 107 714 165 776; x_wconf 86' lang='lat' dir='ltr'><strong>hac</strong></span> <span class='ocrx_word' id='word_1_12' title='bbox 192 731 267 775; x_wconf 83' lang='lat' dir='ltr'><strong>voce</strong></span> <span class='ocrx_word' id='word_1_13' title='bbox 295 713 337 774; x_wconf 92' lang='lat' dir='ltr'><strong>ita</strong></span> <span class='ocrx_word' id='word_1_14' title='bbox 365 712 517 776; x_wconf 86' lang='lat' dir='ltr'><strong>intellecta</strong></span> <span class='ocrx_word' id='word_1_15' title='bbox 545 723 579 777; x_wconf 89' lang='lat' dir='ltr'><strong>ut</strong></span> <span class='ocrx_word' id='word_1_16' title='bbox 598 715 714 797; x_wconf 66' lang='lat' dir='ltr'><strong>{multm</strong></span> <span class='ocrx_word' id='word_1_17' title='bbox 742 717 855 779; x_wconf 90' lang='lat' dir='ltr'><strong>missae</strong></span> <span class='ocrx_word' id='word_1_18' title='bbox 883 725 986 799; x_wconf 91' lang='lat' dir='ltr'><strong>partes</strong></span> <span class='ocrx_word' id='word_1_19' title='bbox 1013 719 1154 801; x_wconf 90' lang='lat' dir='ltr'><strong>proprias</strong></span> <span class='ocrx_word' id='word_1_20' title='bbox 1185 717 1238 782; x_wconf 88' lang='lat' dir='ltr'><strong>tibi</strong></span> <span class='ocrx_word' id='word_1_21' title='bbox 1267 721 1383 800; x_wconf 79' lang='lat' dir='ltr'>cogites</span> 
     </span>
     <span class='ocr_line' id='line_1_4' title="bbox 107 815 1382 905; baseline 0.005 -27"><span class='ocrx_word' id='word_1_22' title='bbox 107 815 324 878; x_wconf 82' lang='lat' dir='ltr'><strong>deliciuuctis.</strong></span> <span class='ocrx_word' id='word_1_23' title='bbox 346 815 550 895; x_wconf 77' lang='lat' dir='ltr'><strong>Acquiescunt</strong></span> <span class='ocrx_word' id='word_1_24' title='bbox 571 816 602 879; x_wconf 93' lang='lat' dir='ltr'><strong>in</strong></span> <span class='ocrx_word' id='word_1_25' title='bbox 624 817 770 898; x_wconf 87' lang='lat' dir='ltr'><strong>particula</strong></span> <span class='ocrx_word' id='word_1_26' title='bbox 792 819 872 881; x_wconf 90' lang='lat' dir='ltr'><strong>inter</strong></span> <span class='ocrx_word' id='word_1_27' title='bbox 893 817 1025 881; x_wconf 84' lang='lat' dir='ltr'><strong>officium</strong></span> <span class='ocrx_word' id='word_1_28' title='bbox 1039 821 1099 905; x_wconf 76' lang='grc' dir='ltr'><strong>τῆς</strong></span> <span class='ocrx_word' id='word_1_29' title='bbox 1113 815 1314 905; x_wconf 71' lang='grc' dir='ltr'><strong><em>προθέσεως</em></strong></span> <span class='ocrx_word' id='word_1_30' title='bbox 1327 841 1382 885; x_wconf 89' lang='lat' dir='ltr'><strong>oo·</strong></span> 
     </span>
     <span class='ocr_line' id='line_1_5' title="bbox 103 915 1384 1004; baseline 0.006 -26"><span class='ocrx_word' id='word_1_31' title='bbox 103 917 185 978; x_wconf 91' lang='lat' dir='ltr'><strong>mine</strong></span> <span class='ocrx_word' id='word_1_32' title='bbox 208 915 344 979; x_wconf 72' lang='lat' dir='ltr'><strong>defuncti</strong></span> <span class='ocrx_word' id='word_1_33' title='bbox 366 917 508 996; x_wconf 86' lang='lat' dir='ltr'><strong>insignite</strong></span> <span class='ocrx_word' id='word_1_34' title='bbox 533 926 652 981; x_wconf 88' lang='lat' dir='ltr'><strong>etcum</strong></span> <span class='ocrx_word' id='word_1_35' title='bbox 675 918 744 982; x_wconf 90' lang='lat' dir='ltr'><strong>aliis</strong></span> <span class='ocrx_word' id='word_1_36' title='bbox 759 919 887 982; x_wconf 84' lang='lat' dir='ltr'><strong>llomino</strong></span> <span class='ocrx_word' id='word_1_37' title='bbox 910 919 1009 984; x_wconf 88' lang='lat' dir='ltr'><strong>oblata</strong></span> <span class='ocrx_word' id='word_1_38' title='bbox 1031 940 1062 1002; x_wconf 86' lang='lat' dir='ltr'><strong>p.</strong></span> <span class='ocrx_word' id='word_1_39' title='bbox 1078 921 1213 1003; x_wconf 83' lang='lat' dir='ltr'><strong>388sq.:</strong></span> <span class='ocrx_word' id='word_1_40' title='bbox 1237 921 1384 1004; x_wconf 78' lang='lat' dir='ltr'>deinceps</span> 
     </span>
     <span class='ocr_line' id='line_1_6' title="bbox 102 1017 1382 1103; baseline 0.007 -24"><span class='ocrx_word' id='word_1_41' title='bbox 102 1017 225 1080; x_wconf 81' lang='lat' dir='ltr'><strong>brevem</strong></span> <span class='ocrx_word' id='word_1_42' title='bbox 254 1017 365 1080; x_wconf 91' lang='lat' dir='ltr'><strong>mortui</strong></span> <span class='ocrx_word' id='word_1_43' title='bbox 393 1020 708 1082; x_wconf 78' lang='lat' dir='ltr'><strong>commemorationem</strong></span> <span class='ocrx_word' id='word_1_44' title='bbox 738 1020 865 1100; x_wconf 87' lang='lat' dir='ltr'><strong>siugulis</strong></span> <span class='ocrx_word' id='word_1_45' title='bbox 885 1021 996 1084; x_wconf 79' lang='lat' dir='ltr'><strong>Missae</strong></span> <span class='ocrx_word' id='word_1_46' title='bbox 1023 1021 1165 1103; x_wconf 88' lang='lat' dir='ltr'><strong>precibus</strong></span> <span class='ocrx_word' id='word_1_47' title='bbox 1188 1023 1382 1088; x_wconf 88' lang='lat' dir='ltr'><strong>interserunt.</strong></span> 
     </span>
     <span class='ocr_line' id='line_1_7' title="bbox 102 1119 1382 1203; baseline 0.005 -21"><span class='ocrx_word' id='word_1_48' title='bbox 102 1119 211 1182; x_wconf 85' lang='lat' dir='ltr'><strong>ilirino</strong></span> <span class='ocrx_word' id='word_1_49' title='bbox 242 1119 393 1182; x_wconf 83' lang='lat' dir='ltr'><strong>sacrificio</strong></span> <span class='ocrx_word' id='word_1_50' title='bbox 420 1132 543 1202; x_wconf 87' lang='lat' dir='ltr'><strong>peracto</strong></span> <span class='ocrx_word' id='word_1_51' title='bbox 572 1120 671 1184; x_wconf 88' lang='lat' dir='ltr'><strong>denuo</strong></span> <span class='ocrx_word' id='word_1_52' title='bbox 700 1131 900 1203; x_wconf 89' lang='lat' dir='ltr'><strong>capessuntur</strong></span> <span class='ocrx_word' id='word_1_53' title='bbox 932 1123 1134 1187; x_wconf 75' lang='lat' dir='ltr'><strong>caerimoniae</strong></span> <span class='ocrx_word' id='word_1_54' title='bbox 1167 1124 1310 1190; x_wconf 79' lang='lat' dir='ltr'><strong>funebres</strong></span> <span class='ocrx_word' id='word_1_55' title='bbox 1342 1125 1382 1189; x_wconf 90' lang='lat' dir='ltr'><strong>ad</strong></span> 
     </span>
     <span class='ocr_line' id='line_1_8' title="bbox 101 1219 1384 1301; baseline 0.008 -20"><span class='ocrx_word' id='word_1_56' title='bbox 101 1219 250 1283; x_wconf 88' lang='lat' dir='ltr'><strong>loculum:</strong></span> <span class='ocrx_word' id='word_1_57' title='bbox 280 1219 390 1301; x_wconf 87' lang='lat' dir='ltr'><strong>quibus</strong></span> <span class='ocrx_word' id='word_1_58' title='bbox 417 1221 565 1285; x_wconf 85' lang='lat' dir='ltr'><strong>absolutis</strong></span> <span class='ocrx_word' id='word_1_59' title='bbox 593 1222 728 1286; x_wconf 79' lang='lat' dir='ltr'><strong>defertur</strong></span> <span class='ocrx_word' id='word_1_60' title='bbox 748 1224 876 1286; x_wconf 85' lang='lat' dir='ltr'><strong>cadaver</strong></span> <span class='ocrx_word' id='word_1_61' title='bbox 897 1224 933 1286; x_wconf 91' lang='lat' dir='ltr'><strong>ad</strong></span> <span class='ocrx_word' id='word_1_62' title='bbox 956 1225 1180 1290; x_wconf 88' lang='lat' dir='ltr'><strong>coemeterium.</strong></span> <span class='ocrx_word' id='word_1_63' title='bbox 1222 1227 1384 1291; x_wconf 79' lang='lat' dir='ltr'><strong>Antecedit</strong></span> 
     </span>
     <span class='ocr_line' id='line_1_9' title="bbox 101 1314 1380 1410; baseline 0.006 -27"><span class='ocrx_word' id='word_1_64' title='bbox 101 1314 218 1406; x_wconf 76' lang='grc' dir='ltr'><strong><em>πατήρ</em></strong></span> <span class='ocrx_word' id='word_1_65' title='bbox 240 1320 374 1384; x_wconf 80' lang='lat' dir='ltr'><strong>defuncti</strong></span> <span class='ocrx_word' id='word_1_66' title='bbox 396 1316 619 1406; x_wconf 80' lang='grc' dir='ltr'><strong><em>πνευματικός</em></strong></span> <span class='ocrx_word' id='word_1_67' title='bbox 640 1344 708 1387; x_wconf 88' lang='lat' dir='ltr'><strong>cum</strong></span> <span class='ocrx_word' id='word_1_68' title='bbox 731 1325 862 1405; x_wconf 78' lang='lat' dir='ltr'><strong>imagine</strong></span> <span class='ocrx_word' id='word_1_69' title='bbox 884 1343 979 1398; x_wconf 87' lang='lat' dir='ltr'><strong>saera,</strong></span> <span class='ocrx_word' id='word_1_70' title='bbox 1002 1325 1132 1389; x_wconf 92' lang='lat' dir='ltr'><strong>loculum</strong></span> <span class='ocrx_word' id='word_1_71' title='bbox 1148 1327 1248 1408; x_wconf 89' lang='lat' dir='ltr'><strong>ipsum</strong></span> <span class='ocrx_word' id='word_1_72' title='bbox 1262 1329 1380 1410; x_wconf 87' lang='lat' dir='ltr'><strong>stipan-</strong></span> 
     </span>
     <span class='ocr_line' id='line_1_10' title="bbox 102 1423 1381 1510; baseline 0.006 -26"><span class='ocrx_word' id='word_1_73' title='bbox 102 1433 151 1484; x_wconf 86' lang='lat' dir='ltr'><strong>tur</strong></span> <span class='ocrx_word' id='word_1_74' title='bbox 173 1423 294 1502; x_wconf 79' lang='lat' dir='ltr'><strong>cognati</strong></span> <span class='ocrx_word' id='word_1_75' title='bbox 317 1432 348 1486; x_wconf 93' lang='lat' dir='ltr'><strong>et</strong></span> <span class='ocrx_word' id='word_1_76' title='bbox 368 1424 457 1487; x_wconf 86' lang='lat' dir='ltr'><strong>amici</strong></span> <span class='ocrx_word' id='word_1_77' title='bbox 478 1434 617 1488; x_wconf 89' lang='lat' dir='ltr'><strong>tenentes</strong></span> <span class='ocrx_word' id='word_1_78' title='bbox 631 1442 763 1506; x_wconf 88' lang='lat' dir='ltr'><strong>pannum</strong></span> <span class='ocrx_word' id='word_1_79' title='bbox 779 1425 946 1500; x_wconf 80' lang='lat' dir='ltr'><strong>funebrem,</strong></span> <span class='ocrx_word' id='word_1_80' title='bbox 968 1425 1100 1490; x_wconf 89' lang='lat' dir='ltr'><strong>loculum</strong></span> <span class='ocrx_word' id='word_1_81' title='bbox 1116 1429 1381 1510; x_wconf 82' lang='lat' dir='ltr'><strong>cooperientem‚¹)</strong></span> 
     </span>
     <span class='ocr_line' id='line_1_11' title="bbox 101 1522 1380 1610; baseline 0.009 -26"><span class='ocrx_word' id='word_1_82' title='bbox 101 1522 134 1584; x_wconf 92' lang='lat' dir='ltr'><strong>in</strong></span> <span class='ocrx_word' id='word_1_83' title='bbox 157 1523 405 1588; x_wconf 85' lang='lat' dir='ltr'><strong>sollemnioribus</strong></span> <span class='ocrx_word' id='word_1_84' title='bbox 434 1525 568 1606; x_wconf 82' lang='lat' dir='ltr'><strong>exequiis</strong></span> <span class='ocrx_word' id='word_1_85' title='bbox 597 1525 698 1588; x_wconf 88' lang='lat' dir='ltr'><strong>cleriei</strong></span> <span class='ocrx_word' id='word_1_86' title='bbox 722 1526 808 1589; x_wconf 87' lang='lat' dir='ltr'><strong>thura</strong></span> <span class='ocrx_word' id='word_1_87' title='bbox 830 1527 998 1592; x_wconf 83' lang='lat' dir='ltr'><strong>adolentes.</strong></span> <span class='ocrx_word' id='word_1_88' title='bbox 1042 1529 1190 1610; x_wconf 83' lang='lat' dir='ltr'><strong>Carpcota</strong></span> <span class='ocrx_word' id='word_1_89' title='bbox 1212 1531 1239 1593; x_wconf 91' lang='lat' dir='ltr'><strong>si</strong></span> <span class='ocrx_word' id='word_1_90' title='bbox 1262 1532 1380 1608; x_wconf 86' lang='lat' dir='ltr'><strong>adsunt,</strong></span> 
     </span>
     <span class='ocr_line' id='line_1_12' title="bbox 101 1627 1380 1714; baseline 0.008 -29"><span class='ocrx_word' id='word_1_91' title='bbox 101 1635 233 1702; x_wconf 90' lang='lat' dir='ltr'><strong>aguntur</strong></span> <span class='ocrx_word' id='word_1_92' title='bbox 252 1643 344 1688; x_wconf 85' lang='lat' dir='ltr'><strong>vacua</strong></span> <span class='ocrx_word' id='word_1_93' title='bbox 367 1627 398 1688; x_wconf 93' lang='lat' dir='ltr'><strong>in</strong></span> <span class='ocrx_word' id='word_1_94' title='bbox 421 1627 549 1706; x_wconf 88' lang='lat' dir='ltr'><strong>agminis</strong></span> <span class='ocrx_word' id='word_1_95' title='bbox 572 1627 664 1690; x_wconf 89' lang='lat' dir='ltr'><strong>calce.</strong></span> <span class='ocrx_word' id='word_1_96' title='bbox 687 1627 761 1690; x_wconf 85' lang='lat' dir='ltr'><strong>Cum</strong></span> <span class='ocrx_word' id='word_1_97' title='bbox 783 1628 920 1692; x_wconf 84' lang='lat' dir='ltr'><strong>venerint</strong></span> <span class='ocrx_word' id='word_1_98' title='bbox 940 1629 977 1692; x_wconf 88' lang='lat' dir='ltr'><strong>ad</strong></span> <span class='ocrx_word' id='word_1_99' title='bbox 1001 1630 1175 1710; x_wconf 89' lang='lat' dir='ltr'><strong>sepulturae</strong></span> <span class='ocrx_word' id='word_1_100' title='bbox 1197 1630 1306 1707; x_wconf 84' lang='lat' dir='ltr'><strong>locum,</strong></span> <span class='ocrx_word' id='word_1_101' title='bbox 1324 1651 1380 1714; x_wconf 88' lang='lat' dir='ltr'><strong>po·</strong></span> 
     </span>
     <span class='ocr_line' id='line_1_13' title="bbox 102 1721 1379 1811; baseline 0.006 -23"><span class='ocrx_word' id='word_1_102' title='bbox 102 1737 217 1788; x_wconf 92' lang='lat' dir='ltr'><strong>nuntur</strong></span> <span class='ocrx_word' id='word_1_103' title='bbox 238 1726 268 1787; x_wconf 93' lang='lat' dir='ltr'><strong>in</strong></span> <span class='ocrx_word' id='word_1_104' title='bbox 291 1733 389 1809; x_wconf 89' lang='lat' dir='ltr'><strong>tapete</strong></span> <span class='ocrx_word' id='word_1_105' title='bbox 411 1727 490 1790; x_wconf 85' lang='lat' dir='ltr'><strong>iuxta</strong></span> <span class='ocrx_word' id='word_1_106' title='bbox 514 1727 655 1790; x_wconf 81' lang='lat' dir='ltr'><strong>feretrum</strong></span> <span class='ocrx_word' id='word_1_107' title='bbox 676 1724 721 1792; x_wconf 79' lang='lat' dir='ltr'><strong>soi</strong></span> <span class='ocrx_word' id='word_1_108' title='bbox 740 1721 877 1811; x_wconf 80' lang='grc' dir='ltr'><strong><em>κόλυβα,</em></strong></span> <span class='ocrx_word' id='word_1_109' title='bbox 899 1730 920 1792; x_wconf 90' lang='lat' dir='ltr'><strong>i.</strong></span> <span class='ocrx_word' id='word_1_110' title='bbox 935 1749 962 1792; x_wconf 86' lang='lat' dir='ltr'><strong>e.</strong></span> <span class='ocrx_word' id='word_1_111' title='bbox 983 1729 1158 1810; x_wconf 92' lang='lat' dir='ltr'><strong>largitiones</strong></span> <span class='ocrx_word' id='word_1_112' title='bbox 1170 1733 1379 1796; x_wconf 85' lang='lat' dir='ltr'><strong>sacerdotibus</strong></span> 
     </span>
     <span class='ocr_line' id='line_1_14' title="bbox 100 1829 1380 1913; baseline 0.007 -25"><span class='ocrx_word' id='word_1_113' title='bbox 100 1835 130 1888; x_wconf 91' lang='lat' dir='ltr'><strong>et</strong></span> <span class='ocrx_word' id='word_1_114' title='bbox 152 1829 336 1908; x_wconf 87' lang='lat' dir='ltr'><strong>pauperibus</strong></span> <span class='ocrx_word' id='word_1_115' title='bbox 366 1829 573 1907; x_wconf 80' lang='lat' dir='ltr'><strong>destinatae.²)</strong></span> <span class='ocrx_word' id='word_1_116' title='bbox 617 1830 680 1892; x_wconf 89' lang='lat' dir='ltr'><strong>lam</strong></span> <span class='ocrx_word' id='word_1_117' title='bbox 707 1831 849 1892; x_wconf 89' lang='lat' dir='ltr'><strong>humatur</strong></span> <span class='ocrx_word' id='word_1_118' title='bbox 877 1847 987 1913; x_wconf 88' lang='lat' dir='ltr'><strong>corpus</strong></span> <span class='ocrx_word' id='word_1_119' title='bbox 1016 1831 1068 1906; x_wconf 87' lang='lat' dir='ltr'><strong>ita,</strong></span> <span class='ocrx_word' id='word_1_120' title='bbox 1096 1839 1129 1893; x_wconf 92' lang='lat' dir='ltr'><strong>ut</strong></span> <span class='ocrx_word' id='word_1_121' title='bbox 1156 1833 1255 1895; x_wconf 85' lang='lat' dir='ltr'><strong>vultus</strong></span> <span class='ocrx_word' id='word_1_122' title='bbox 1278 1835 1380 1897; x_wconf 87' lang='lat' dir='ltr'><strong>orien-</strong></span> 
     </span>
     <span class='ocr_line' id='line_1_15' title="bbox 100 1928 1381 2013; baseline 0.007 -25"><span class='ocrx_word' id='word_1_123' title='bbox 100 1937 162 1989; x_wconf 89' lang='lat' dir='ltr'><strong>tem</strong></span> <span class='ocrx_word' id='word_1_124' title='bbox 193 1928 337 2008; x_wconf 84' lang='lat' dir='ltr'><strong>respiciat</strong></span> <span class='ocrx_word' id='word_1_125' title='bbox 363 1930 443 1993; x_wconf 89' lang='lat' dir='ltr'><strong>intcr</strong></span> <span class='ocrx_word' id='word_1_126' title='bbox 468 1949 575 2012; x_wconf 87' lang='lat' dir='ltr'><strong>preces</strong></span> <span class='ocrx_word' id='word_1_127' title='bbox 604 1939 634 1994; x_wconf 92' lang='lat' dir='ltr'><strong>et</strong></span> <span class='ocrx_word' id='word_1_128' title='bbox 654 1931 883 1995; x_wconf 85' lang='lat' dir='ltr'><strong>benedictiones</strong></span> <span class='ocrx_word' id='word_1_129' title='bbox 903 1933 981 1994; x_wconf 83' lang='lat' dir='ltr'><strong>inira</strong></span> <span class='ocrx_word' id='word_1_130' title='bbox 1004 1933 1132 2013; x_wconf 90' lang='lat' dir='ltr'><strong>positas.</strong></span> <span class='ocrx_word' id='word_1_131' title='bbox 1176 1932 1309 1997; x_wconf 88' lang='lat' dir='ltr'><strong>Comites</strong></span> <span class='ocrx_word' id='word_1_132' title='bbox 1332 1934 1381 1997; x_wconf 68' lang='lat' dir='ltr'><strong>iu«</strong></span> 
     </span>
     <span class='ocr_line' id='line_1_16' title="bbox 101 2029 1379 2116; baseline 0.006 -26"><span class='ocrx_word' id='word_1_133' title='bbox 101 2029 185 2091; x_wconf 87' lang='lat' dir='ltr'><strong>neris</strong></span> <span class='ocrx_word' id='word_1_134' title='bbox 208 2049 288 2092; x_wconf 93' lang='lat' dir='ltr'><strong>nunc</strong></span> <span class='ocrx_word' id='word_1_135' title='bbox 311 2031 462 2111; x_wconf 82' lang='lat' dir='ltr'><strong>carpentis</strong></span> <span class='ocrx_word' id='word_1_136' title='bbox 484 2033 561 2095; x_wconf 87' lang='lat' dir='ltr'><strong>recti</strong></span> <span class='ocrx_word' id='word_1_137' title='bbox 584 2051 651 2095; x_wconf 91' lang='lat' dir='ltr'><strong>curu</strong></span> <span class='ocrx_word' id='word_1_138' title='bbox 674 2034 795 2096; x_wconf 91' lang='lat' dir='ltr'><strong>domum</strong></span> <span class='ocrx_word' id='word_1_139' title='bbox 809 2033 923 2096; x_wconf 84' lang='lat' dir='ltr'><strong>reversi</strong></span> <span class='ocrx_word' id='word_1_140' title='bbox 938 2043 1018 2108; x_wconf 80' lang='lat' dir='ltr'><strong>suut,</strong></span> <span class='ocrx_word' id='word_1_141' title='bbox 1042 2033 1222 2097; x_wconf 87' lang='lat' dir='ltr'><strong>accumbunt</strong></span> <span class='ocrx_word' id='word_1_142' title='bbox 1239 2035 1271 2098; x_wconf 95' lang='lat' dir='ltr'><strong>in</strong></span> <span class='ocrx_word' id='word_1_143' title='bbox 1287 2035 1379 2116; x_wconf 90' lang='lat' dir='ltr'><strong>epulo</strong></span> 
     </span>
     <span class='ocr_line' id='line_1_17' title="bbox 103 2129 1379 2217; baseline 0.007 -26"><span class='ocrx_word' id='word_1_144' title='bbox 103 2129 238 2192; x_wconf 88' lang='lat' dir='ltr'><strong>iuoebri:</strong></span> <span class='ocrx_word' id='word_1_145' title='bbox 263 2130 484 2194; x_wconf 90' lang='lat' dir='ltr'><strong>distribuuntur</strong></span> <span class='ocrx_word' id='word_1_146' title='bbox 503 2133 687 2214; x_wconf 84' lang='lat' dir='ltr'><strong>pauperibus</strong></span> <span class='ocrx_word' id='word_1_147' title='bbox 709 2153 814 2214; x_wconf 86' lang='lat' dir='ltr'><strong>panes,</strong></span> <span class='ocrx_word' id='word_1_148' title='bbox 836 2135 950 2197; x_wconf 92' lang='lat' dir='ltr'><strong>nummi</strong></span> <span class='ocrx_word' id='word_1_149' title='bbox 974 2134 1091 2217; x_wconf 89' lang='lat' dir='ltr'><strong>aliaque</strong></span> <span class='ocrx_word' id='word_1_150' title='bbox 1113 2136 1202 2198; x_wconf 88' lang='lat' dir='ltr'><strong>dona.</strong></span> <span class='ocrx_word' id='word_1_151' title='bbox 1239 2137 1379 2200; x_wconf 89' lang='lat' dir='ltr'><strong>Ceterum</strong></span> 
     </span>
     <span class='ocr_line' id='line_1_18' title="bbox 102 2233 1378 2318; baseline 0.005 -25"><span class='ocrx_word' id='word_1_152' title='bbox 102 2233 183 2313; x_wconf 90' lang='lat' dir='ltr'><strong>apud</strong></span> <span class='ocrx_word' id='word_1_153' title='bbox 207 2233 339 2295; x_wconf 89' lang='lat' dir='ltr'><strong>Graecos</strong></span> <span class='ocrx_word' id='word_1_154' title='bbox 367 2252 487 2314; x_wconf 88' lang='lat' dir='ltr'><strong>quoque</strong></span> <span class='ocrx_word' id='word_1_155' title='bbox 509 2235 627 2298; x_wconf 84' lang='lat' dir='ltr'><strong>diverse</strong></span> <span class='ocrx_word' id='word_1_156' title='bbox 649 2235 805 2297; x_wconf 91' lang='lat' dir='ltr'><strong>hominum</strong></span> <span class='ocrx_word' id='word_1_157' title='bbox 828 2236 963 2299; x_wconf 92' lang='lat' dir='ltr'><strong>conditio</strong></span> <span class='ocrx_word' id='word_1_158' title='bbox 985 2236 1096 2318; x_wconf 86' lang='lat' dir='ltr'><strong>pallida</strong></span> <span class='ocrx_word' id='word_1_159' title='bbox 1118 2243 1215 2300; x_wconf 87' lang='lat' dir='ltr'><strong>morte</strong></span> <span class='ocrx_word' id='word_1_160' title='bbox 1237 2256 1299 2299; x_wconf 93' lang='lat' dir='ltr'><strong>nou</strong></span> <span class='ocrx_word' id='word_1_161' title='bbox 1323 2238 1378 2300; x_wconf 89' lang='lat' dir='ltr'><strong>ob·</strong></span> 
     </span>
     <span class='ocr_line' id='line_1_19' title="bbox 100 2333 1378 2418; baseline 0.006 -24"><span class='ocrx_word' id='word_1_162' title='bbox 100 2333 258 2395; x_wconf 83' lang='lat' dir='ltr'><strong>literatur:</strong></span> <span class='ocrx_word' id='word_1_163' title='bbox 280 2353 348 2396; x_wconf 86' lang='lat' dir='ltr'><strong>nem</strong></span> <span class='ocrx_word' id='word_1_164' title='bbox 370 2353 536 2416; x_wconf 90' lang='lat' dir='ltr'><strong>pauperum</strong></span> <span class='ocrx_word' id='word_1_165' title='bbox 559 2334 691 2398; x_wconf 76' lang='lat' dir='ltr'><strong>defuncti</strong></span> <span class='ocrx_word' id='word_1_166' title='bbox 713 2355 806 2418; x_wconf 86' lang='lat' dir='ltr'><strong>saepe</strong></span> <span class='ocrx_word' id='word_1_167' title='bbox 829 2357 846 2399; x_wconf 91' lang='lat' dir='ltr'><strong>a</strong></span> <span class='ocrx_word' id='word_1_168' title='bbox 869 2338 958 2400; x_wconf 89' lang='lat' dir='ltr'><strong>domo</strong></span> <span class='ocrx_word' id='word_1_169' title='bbox 981 2339 1082 2401; x_wconf 88' lang='lat' dir='ltr'><strong>statim</strong></span> <span class='ocrx_word' id='word_1_170' title='bbox 1096 2339 1261 2401; x_wconf 77' lang='lat' dir='ltr'><strong>efferuntur</strong></span> <span class='ocrx_word' id='word_1_171' title='bbox 1275 2339 1313 2400; x_wconf 90' lang='lat' dir='ltr'><strong>ad</strong></span> <span class='ocrx_word' id='word_1_172' title='bbox 1329 2359 1378 2402; x_wconf 90' lang='lat' dir='ltr'><strong>se·</strong></span> 
     </span>
     <span class='ocr_line' id='line_1_20' title="bbox 102 2434 816 2516; baseline 0.006 -20"><span class='ocrx_word' id='word_1_173' title='bbox 102 2434 252 2516; x_wconf 83' lang='lat' dir='ltr'><strong>pulcrum,</strong></span> <span class='ocrx_word' id='word_1_174' title='bbox 275 2435 367 2497; x_wconf 89' lang='lat' dir='ltr'><strong>missa</strong></span> <span class='ocrx_word' id='word_1_175' title='bbox 390 2435 474 2498; x_wconf 90' lang='lat' dir='ltr'><strong>aedis</strong></span> <span class='ocrx_word' id='word_1_176' title='bbox 496 2455 599 2499; x_wconf 88' lang='lat' dir='ltr'><strong>sacrae</strong></span> <span class='ocrx_word' id='word_1_177' title='bbox 623 2438 816 2500; x_wconf 88' lang='lat' dir='ltr'><strong>caerimonia.</strong></span> 
     </span>
    </p>
   </div>
   <div class='ocr_carea' id='block_1_3' title="bbox 188 2553 1376 2638">
    <p class='ocr_par' dir='ltr' id='par_1_3' title="bbox 188 2553 1376 2638">
     <span class='ocr_line' id='line_1_21' title="bbox 188 2553 1376 2638; baseline 0.003 -20"><span class='ocrx_word' id='word_1_178' title='bbox 188 2555 219 2618; x_wconf 90' lang='grc'><strong>6.</strong></span> <span class='ocrx_word' id='word_1_179' title='bbox 249 2553 312 2616; x_wconf 84' lang='lat' dir='ltr'><strong>Nec</strong></span> <span class='ocrx_word' id='word_1_180' title='bbox 339 2574 410 2617; x_wconf 86' lang='lat' dir='ltr'><strong>vero</strong></span> <span class='ocrx_word' id='word_1_181' title='bbox 438 2553 637 2618; x_wconf 88' lang='lat' dir='ltr'><strong>haecomnia</strong></span> <span class='ocrx_word' id='word_1_182' title='bbox 665 2556 761 2618; x_wconf 86' lang='lat' dir='ltr'><strong>amori</strong></span> <span class='ocrx_word' id='word_1_183' title='bbox 790 2566 821 2618; x_wconf 91' lang='lat' dir='ltr'><strong>et</strong></span> <span class='ocrx_word' id='word_1_184' title='bbox 848 2557 954 2637; x_wconf 87' lang='lat' dir='ltr'><strong>pietati</strong></span> <span class='ocrx_word' id='word_1_185' title='bbox 981 2555 1148 2638; x_wconf 89' lang='lat' dir='ltr'><strong>lugentium</strong></span> <span class='ocrx_word' id='word_1_186' title='bbox 1177 2557 1376 2622; x_wconf 79' lang='lat' dir='ltr'><strong>satisfaciunt.</strong></span> 
     </span>
    </p>
   </div>
   <div class='ocr_carea' id='block_1_4' title="bbox 98 2653 1382 3045">
    <p class='ocr_par' dir='ltr' id='par_1_4' title="bbox 98 2653 1382 3045">
     <span class='ocr_line' id='line_1_22' title="bbox 99 2653 1382 2740; baseline 0.005 -24"><span class='ocrx_word' id='word_1_187' title='bbox 99 2655 227 2717; x_wconf 87' lang='lat' dir='ltr'><strong>llortem</strong></span> <span class='ocrx_word' id='word_1_188' title='bbox 255 2655 390 2735; x_wconf 78' lang='lat' dir='ltr'><strong>proxime</strong></span> <span class='ocrx_word' id='word_1_189' title='bbox 418 2657 587 2737; x_wconf 88' lang='lat' dir='ltr'><strong>insequitur</strong></span> <span class='ocrx_word' id='word_1_190' title='bbox 614 2655 809 2738; x_wconf 86' lang='lat' dir='ltr'><strong>quadraginta</strong></span> <span class='ocrx_word' id='word_1_191' title='bbox 838 2658 954 2721; x_wconf 90' lang='lat' dir='ltr'><strong>dierum</strong></span> <span class='ocrx_word' id='word_1_192' title='bbox 977 2677 1130 2732; x_wconf 88' lang='lat' dir='ltr'><strong>uumerus,</strong></span> <span class='ocrx_word' id='word_1_193' title='bbox 1160 2659 1211 2740; x_wconf 91' lang='lat' dir='ltr'><strong>qui</strong></span> <span class='ocrx_word' id='word_1_194' title='bbox 1234 2653 1382 2724; x_wconf 83' lang='lat' dir='ltr'><strong>deiuncto&#39;</strong></span> 
     </span>
     <span class='ocr_line' id='line_1_23' title="bbox 100 2756 1378 2841; baseline 0.005 -23"><span class='ocrx_word' id='word_1_195' title='bbox 100 2756 289 2818; x_wconf 84' lang='lat' dir='ltr'><strong>existimetur</strong></span> <span class='ocrx_word' id='word_1_196' title='bbox 315 2775 402 2820; x_wconf 84' lang='lat' dir='ltr'><strong>secer</strong></span> <span class='ocrx_word' id='word_1_197' title='bbox 429 2766 517 2839; x_wconf 88' lang='lat' dir='ltr'><strong>atque</strong></span> <span class='ocrx_word' id='word_1_198' title='bbox 546 2759 679 2822; x_wconf 83' lang='lat' dir='ltr'><strong>dicatus:</strong></span> <span class='ocrx_word' id='word_1_199' title='bbox 709 2758 849 2839; x_wconf 90' lang='lat' dir='ltr'><strong>inprimis</strong></span> <span class='ocrx_word' id='word_1_200' title='bbox 877 2760 939 2822; x_wconf 87' lang='lat' dir='ltr'><strong>cari</strong></span> <span class='ocrx_word' id='word_1_201' title='bbox 967 2760 1076 2841; x_wconf 88' lang='lat' dir='ltr'><strong>cepitis</strong></span> <span class='ocrx_word' id='word_1_202' title='bbox 1098 2761 1244 2824; x_wconf 87' lang='lat' dir='ltr'><strong>memoria</strong></span> <span class='ocrx_word' id='word_1_203' title='bbox 1266 2762 1378 2825; x_wconf 88' lang='lat' dir='ltr'><strong>colitur</strong></span> 
     </span>
     <span class='ocr_line' id='line_1_24' title="bbox 99 2854 1378 2941; baseline 0.006 -23"><span class='ocrx_word' id='word_1_204' title='bbox 99 2857 147 2919; x_wconf 91' lang='lat' dir='ltr'><strong>die</strong></span> <span class='ocrx_word' id='word_1_205' title='bbox 177 2858 268 2920; x_wconf 90' lang='lat' dir='ltr'><strong>tertio</strong></span> <span class='ocrx_word' id='word_1_206' title='bbox 296 2859 502 2939; x_wconf 84' lang='lat' dir='ltr'><strong>(sepulturae),</strong></span> <span class='ocrx_word' id='word_1_207' title='bbox 534 2878 614 2923; x_wconf 90' lang='lat' dir='ltr'><strong>nouo</strong></span> <span class='ocrx_word' id='word_1_208' title='bbox 636 2869 666 2923; x_wconf 89' lang='lat' dir='ltr'><strong>et</strong></span> <span class='ocrx_word' id='word_1_209' title='bbox 688 2860 916 2941; x_wconf 89' lang='lat' dir='ltr'><strong>quadragesimo</strong></span> <span class='ocrx_word' id='word_1_210' title='bbox 945 2863 1029 2936; x_wconf 81' lang='grc' dir='ltr'><strong>(τοῖς</strong></span> <span class='ocrx_word' id='word_1_211' title='bbox 1049 2863 1230 2925; x_wconf 65' lang='grc' dir='ltr'><strong><em>τεθνεῶσιν</em></strong></span> <span class='ocrx_word' id='word_1_212' title='bbox 1251 2854 1378 2928; x_wconf 79' lang='grc' dir='ltr'><em>ἀποτε-</em></span> 
     </span>
     <span class='ocr_line' id='line_1_25' title="bbox 98 2949 1375 3045; baseline 0.003 -23"><span class='ocrx_word' id='word_1_213' title='bbox 98 2955 209 3022; x_wconf 71' lang='lat' dir='ltr'><strong>tetrae</strong></span> <span class='ocrx_word' id='word_1_214' title='bbox 239 2955 282 3022; x_wconf 79' lang='grc' dir='ltr'><strong>τὰ</strong></span> <span class='ocrx_word' id='word_1_215' title='bbox 307 2951 414 3044; x_wconf 79' lang='grc' dir='ltr'><strong><em>τρίτα,</em></strong></span> <span class='ocrx_word' id='word_1_216' title='bbox 441 2949 485 3024; x_wconf 79' lang='lat' dir='ltr'><strong>sd</strong></span> <span class='ocrx_word' id='word_1_217' title='bbox 511 2952 639 3038; x_wconf 73' lang='grc' dir='ltr'><strong><em>ἒννατα,</em></strong></span> <span class='ocrx_word' id='word_1_218' title='bbox 666 2955 705 3023; x_wconf 79' lang='lat' dir='ltr'><strong>sd</strong></span> <span class='ocrx_word' id='word_1_219' title='bbox 736 2953 1035 3045; x_wconf 79' lang='lat' dir='ltr'><strong>reoocpoocooeoi).’)</strong></span> <span class='ocrx_word' id='word_1_220' title='bbox 1077 2967 1175 3041; x_wconf 77' lang='lat' dir='ltr'><strong>Atque</strong></span> <span class='ocrx_word' id='word_1_221' title='bbox 1196 2963 1244 3024; x_wconf 90' lang='lat' dir='ltr'><strong>his</strong></span> <span class='ocrx_word' id='word_1_222' title='bbox 1267 2961 1375 3028; x_wconf 89' lang='lat' dir='ltr'><strong>saltem</strong></span> 
     </span>
    </p>
   </div>
   <div class='ocr_carea' id='block_1_5' title="bbox 97 3212 1376 3518">
    <p class='ocr_par' dir='ltr' id='par_1_5' title="bbox 97 3212 1376 3518">
     <span class='ocr_line' id='line_1_26' title="bbox 186 3212 1376 3278; baseline 0.005 -16"><span class='ocrx_word' id='word_1_223' title='bbox 186 3213 211 3273; x_wconf 85' lang='lat' dir='ltr'><strong>i)</strong></span> <span class='ocrx_word' id='word_1_224' title='bbox 234 3213 351 3265; x_wconf 83' lang='lat' dir='ltr'><strong>lluralt</strong></span> <span class='ocrx_word' id='word_1_225' title='bbox 368 3215 392 3264; x_wconf 93' lang='lat' dir='ltr'><strong>in</strong></span> <span class='ocrx_word' id='word_1_226' title='bbox 410 3214 523 3265; x_wconf 83' lang='lat' dir='ltr'><strong>Leridio:</strong></span> <span class='ocrx_word' id='word_1_227' title='bbox 547 3213 645 3275; x_wconf 78' lang='lat' dir='ltr'><strong>„llelrsr</strong></span> <span class='ocrx_word' id='word_1_228' title='bbox 663 3213 709 3265; x_wconf 85' lang='lat' dir='ltr'><strong>den</strong></span> <span class='ocrx_word' id='word_1_229' title='bbox 728 3215 799 3266; x_wconf 84' lang='lat' dir='ltr'><strong>meist</strong></span> <span class='ocrx_word' id='word_1_230' title='bbox 816 3213 906 3264; x_wconf 85' lang='lat' dir='ltr'><strong>benten</strong></span> <span class='ocrx_word' id='word_1_231' title='bbox 925 3212 983 3264; x_wconf 85' lang='lat' dir='ltr'><strong>eber</strong></span> <span class='ocrx_word' id='word_1_232' title='bbox 1000 3212 1039 3264; x_wconf 86' lang='lat' dir='ltr'><strong>bis</strong></span> <span class='ocrx_word' id='word_1_233' title='bbox 1056 3227 1100 3262; x_wconf 84' lang='lat' dir='ltr'><strong>eor</strong></span> <span class='ocrx_word' id='word_1_234' title='bbox 1115 3212 1271 3278; x_wconf 80' lang='lat' dir='ltr'><strong>Einseukung</strong></span> <span class='ocrx_word' id='word_1_235' title='bbox 1289 3215 1313 3266; x_wconf 91' lang='lat' dir='ltr'><strong>in</strong></span> <span class='ocrx_word' id='word_1_236' title='bbox 1331 3216 1376 3268; x_wconf 86' lang='lat' dir='ltr'><strong>dss</strong></span> 
     </span>
     <span class='ocr_line' id='line_1_27' title="bbox 99 3297 1375 3362; baseline 0.002 -12"><span class='ocrx_word' id='word_1_237' title='bbox 99 3298 163 3350; x_wconf 80' lang='lat' dir='ltr'><strong>Grub</strong></span> <span class='ocrx_word' id='word_1_238' title='bbox 187 3299 283 3348; x_wconf 81' lang='lat' dir='ltr'><strong>odeueo</strong></span> <span class='ocrx_word' id='word_1_239' title='bbox 300 3299 362 3362; x_wconf 86' lang='lat' dir='ltr'><strong>Ssrg</strong></span> <span class='ocrx_word' id='word_1_240' title='bbox 385 3299 458 3362; x_wconf 81' lang='lat' dir='ltr'><strong>htugt</strong></span> <span class='ocrx_word' id='word_1_241' title='bbox 482 3313 536 3350; x_wconf 87' lang='lat' dir='ltr'><strong>meu</strong></span> <span class='ocrx_word' id='word_1_242' title='bbox 561 3299 598 3348; x_wconf 88' lang='lat' dir='ltr'><strong>bei</strong></span> <span class='ocrx_word' id='word_1_243' title='bbox 617 3299 749 3350; x_wconf 78' lang='lat' dir='ltr'><strong>lteicltereo</strong></span> <span class='ocrx_word' id='word_1_244' title='bbox 773 3299 812 3349; x_wconf 85' lang='lat' dir='ltr'><strong>eiu</strong></span> <span class='ocrx_word' id='word_1_245' title='bbox 836 3298 1006 3358; x_wconf 81' lang='lat' dir='ltr'><strong>Leisheotocla,</strong></span> <span class='ocrx_word' id='word_1_246' title='bbox 1030 3297 1134 3347; x_wconf 76' lang='lat' dir='ltr'><strong>welches</strong></span> <span class='ocrx_word' id='word_1_247' title='bbox 1157 3298 1306 3360; x_wconf 80' lang='lat' dir='ltr'><strong>gewtlnlicla</strong></span> <span class='ocrx_word' id='word_1_248' title='bbox 1331 3301 1375 3352; x_wconf 88' lang='lat' dir='ltr'><strong>der</strong></span> 
     </span>
     <span class='ocr_line' id='line_1_28' title="bbox 97 3380 1375 3446; baseline 0.003 -14"><span class='ocrx_word' id='word_1_249' title='bbox 97 3383 186 3434; x_wconf 84' lang='lat' dir='ltr'><strong>liirclas</strong></span> <span class='ocrx_word' id='word_1_250' title='bbox 210 3382 293 3434; x_wconf 82' lang='lat' dir='ltr'><strong>hleibt.</strong></span> <span class='ocrx_word' id='word_1_251' title='bbox 329 3383 401 3435; x_wconf 80' lang='lat' dir='ltr'><strong>illese</strong></span> <span class='ocrx_word' id='word_1_252' title='bbox 424 3383 489 3446; x_wconf 81' lang='lat' dir='ltr'><strong>gielst</strong></span> <span class='ocrx_word' id='word_1_253' title='bbox 512 3398 539 3433; x_wconf 88' lang='lat' dir='ltr'><strong>es</strong></span> <span class='ocrx_word' id='word_1_254' title='bbox 556 3383 620 3433; x_wconf 81' lang='lat' dir='ltr'><strong>donn</strong></span> <span class='ocrx_word' id='word_1_255' title='bbox 637 3397 666 3432; x_wconf 85' lang='lat' dir='ltr'><strong>eu</strong></span> <span class='ocrx_word' id='word_1_256' title='bbox 684 3383 791 3433; x_wconf 84' lang='lat' dir='ltr'><strong>anderen</strong></span> <span class='ocrx_word' id='word_1_257' title='bbox 808 3381 984 3446; x_wconf 81' lang='lat' dir='ltr'><strong>Begrtbnissen</strong></span> <span class='ocrx_word' id='word_1_258' title='bbox 1003 3380 1063 3432; x_wconf 89' lang='lat' dir='ltr'><strong>oder</strong></span> <span class='ocrx_word' id='word_1_259' title='bbox 1081 3383 1162 3433; x_wconf 86' lang='lat' dir='ltr'><strong>mscht</strong></span> <span class='ocrx_word' id='word_1_260' title='bbox 1177 3383 1375 3436; x_wconf 85' lang='lat' dir='ltr'><strong>liircheultleider</strong></span> 
     </span>
     <span class='ocr_line' id='line_1_29' title="bbox 98 3466 215 3518; baseline 0.009 -2"><span class='ocrx_word' id='word_1_261' title='bbox 98 3466 215 3518; x_wconf 85' lang='lat' dir='ltr'><strong>deraus.“</strong></span> 
     </span>
    </p>
   </div>
   <div class='ocr_carea' id='block_1_6' title="bbox 97 3551 1375 4141">
    <p class='ocr_par' dir='ltr' id='par_1_6' title="bbox 97 3551 1375 4141">
     <span class='ocr_line' id='line_1_30' title="bbox 183 3551 1375 3634; baseline 0.003 -17"><span class='ocrx_word' id='word_1_262' title='bbox 183 3567 211 3630; x_wconf 84' lang='grc'><strong>2)</strong></span> <span class='ocrx_word' id='word_1_263' title='bbox 234 3569 372 3619; x_wconf 84' lang='lat' dir='ltr'><strong>Gosrns:</strong></span> <span class='ocrx_word' id='word_1_264' title='bbox 395 3567 537 3633; x_wconf 82' lang='lat' dir='ltr'><strong>ttraoqaam</strong></span> <span class='ocrx_word' id='word_1_265' title='bbox 554 3567 636 3618; x_wconf 88' lang='lat' dir='ltr'><strong>lssitsr</strong></span> <span class='ocrx_word' id='word_1_266' title='bbox 662 3551 809 3618; x_wconf 82' lang='lat' dir='ltr'><strong>trumentum</strong></span> <span class='ocrx_word' id='word_1_267' title='bbox 826 3567 851 3628; x_wconf 86' lang='lat' dir='ltr'><strong>(l</strong></span> <span class='ocrx_word' id='word_1_268' title='bbox 864 3567 920 3618; x_wconf 83' lang='lat' dir='ltr'><strong>Cor.</strong></span> <span class='ocrx_word' id='word_1_269' title='bbox 932 3565 972 3627; x_wconf 81' lang='grc'><strong>15,</strong></span> <span class='ocrx_word' id='word_1_270' title='bbox 983 3565 1103 3627; x_wconf 78' lang='lat' dir='ltr'><strong>stt-ss),</strong></span> <span class='ocrx_word' id='word_1_271' title='bbox 1127 3565 1287 3634; x_wconf 75' lang='lat' dir='ltr'><strong>laodiceque</strong></span> <span class='ocrx_word' id='word_1_272' title='bbox 1303 3585 1375 3621; x_wconf 84' lang='lat' dir='ltr'><strong>seer-</strong></span> 
     </span>
     <span class='ocr_line' id='line_1_31' title="bbox 97 3651 1374 3718; baseline 0.003 -16"><span class='ocrx_word' id='word_1_273' title='bbox 97 3653 167 3704; x_wconf 84' lang='lat' dir='ltr'><strong>satim</strong></span> <span class='ocrx_word' id='word_1_274' title='bbox 193 3653 343 3717; x_wconf 82' lang='lat' dir='ltr'><strong>impositum,</strong></span> <span class='ocrx_word' id='word_1_275' title='bbox 368 3653 478 3716; x_wconf 71' lang='lat' dir='ltr'><strong>trogilias</strong></span> <span class='ocrx_word' id='word_1_276' title='bbox 500 3653 580 3714; x_wconf 83' lang='lat' dir='ltr'><strong>striis,</strong></span> <span class='ocrx_word' id='word_1_277' title='bbox 597 3653 659 3717; x_wconf 86' lang='lat' dir='ltr'><strong>pisis</strong></span> <span class='ocrx_word' id='word_1_278' title='bbox 682 3661 749 3716; x_wconf 91' lang='lat' dir='ltr'><strong>puta,</strong></span> <span class='ocrx_word' id='word_1_279' title='bbox 772 3652 833 3702; x_wconf 85' lang='lat' dir='ltr'><strong>tusis</strong></span> <span class='ocrx_word' id='word_1_280' title='bbox 858 3652 981 3713; x_wconf 78' lang='lat' dir='ltr'><strong>atellanis,</strong></span> <span class='ocrx_word' id='word_1_281' title='bbox 1006 3651 1095 3702; x_wconf 84' lang='lat' dir='ltr'><strong>cortice</strong></span> <span class='ocrx_word' id='word_1_282' title='bbox 1119 3652 1214 3703; x_wconf 86' lang='lat' dir='ltr'><strong>nudatis</strong></span> <span class='ocrx_word' id='word_1_283' title='bbox 1232 3654 1374 3718; x_wconf 69' lang='lat' dir='ltr'><strong>amygdalis,</strong></span> 
     </span>
     <span class='ocr_line' id='line_1_32' title="bbox 98 3735 1374 3803; baseline 0.002 -16"><span class='ocrx_word' id='word_1_284' title='bbox 98 3739 202 3788; x_wconf 82' lang='lat' dir='ltr'><strong>nucibus</strong></span> <span class='ocrx_word' id='word_1_285' title='bbox 221 3737 331 3788; x_wconf 80' lang='lat' dir='ltr'><strong>minutius</strong></span> <span class='ocrx_word' id='word_1_286' title='bbox 348 3737 431 3798; x_wconf 83' lang='lat' dir='ltr'><strong>sestis,</strong></span> <span class='ocrx_word' id='word_1_287' title='bbox 449 3736 610 3788; x_wconf 76' lang='lat' dir='ltr'><strong>corinthiacus</strong></span> <span class='ocrx_word' id='word_1_288' title='bbox 629 3749 687 3786; x_wconf 86' lang='lat' dir='ltr'><strong>usae</strong></span> <span class='ocrx_word' id='word_1_289' title='bbox 705 3744 729 3786; x_wconf 92' lang='lat' dir='ltr'><strong>st</strong></span> <span class='ocrx_word' id='word_1_290' title='bbox 747 3735 966 3799; x_wconf 85' lang='lat' dir='ltr'><strong>malogranatorum</strong></span> <span class='ocrx_word' id='word_1_291' title='bbox 985 3737 1074 3800; x_wconf 62' lang='lat' dir='ltr'><strong>panis,</strong></span> <span class='ocrx_word' id='word_1_292' title='bbox 1092 3735 1116 3786; x_wconf 89' lang='lat' dir='ltr'><strong>io</strong></span> <span class='ocrx_word' id='word_1_293' title='bbox 1130 3736 1249 3788; x_wconf 87' lang='lat' dir='ltr'><strong>distinctis</strong></span> <span class='ocrx_word' id='word_1_294' title='bbox 1260 3747 1374 3803; x_wconf 84' lang='lat' dir='ltr'><strong>petress-</strong></span> 
     </span>
     <span class='ocr_line' id='line_1_33' title="bbox 98 3821 1374 3886; baseline 0.002 -14"><span class='ocrx_word' id='word_1_295' title='bbox 98 3821 140 3872; x_wconf 92' lang='lat' dir='ltr'><strong>lini</strong></span> <span class='ocrx_word' id='word_1_296' title='bbox 159 3822 226 3872; x_wconf 88' lang='lat' dir='ltr'><strong>loliis</strong></span> <span class='ocrx_word' id='word_1_297' title='bbox 244 3822 309 3872; x_wconf 81' lang='lat' dir='ltr'><strong>velut</strong></span> <span class='ocrx_word' id='word_1_298' title='bbox 325 3821 407 3872; x_wconf 83' lang='lat' dir='ltr'><strong>radios</strong></span> <span class='ocrx_word' id='word_1_299' title='bbox 424 3822 520 3872; x_wconf 79' lang='lat' dir='ltr'><strong>areolos</strong></span> <span class='ocrx_word' id='word_1_300' title='bbox 538 3829 562 3871; x_wconf 88' lang='lat' dir='ltr'><strong>et</strong></span> <span class='ocrx_word' id='word_1_301' title='bbox 578 3821 669 3883; x_wconf 86' lang='lat' dir='ltr'><strong>dgores</strong></span> <span class='ocrx_word' id='word_1_302' title='bbox 686 3821 803 3872; x_wconf 86' lang='lat' dir='ltr'><strong>ordinatis</strong></span> <span class='ocrx_word' id='word_1_303' title='bbox 820 3829 979 3885; x_wconf 84' lang='lat' dir='ltr'><strong>respergunt:</strong></span> <span class='ocrx_word' id='word_1_304' title='bbox 998 3835 1157 3886; x_wconf 78' lang='lat' dir='ltr'><strong>acervumque</strong></span> <span class='ocrx_word' id='word_1_305' title='bbox 1174 3823 1374 3875; x_wconf 79' lang='lat' dir='ltr'><strong>huiusmodisrts</strong></span> 
     </span>
     <span class='ocr_line' id='line_1_34' title="bbox 98 3897 1373 3974; baseline 0.001 -17"><span class='ocrx_word' id='word_1_306' title='bbox 98 3907 250 3958; x_wconf 81' lang='lat' dir='ltr'><strong>eleboratum</strong></span> <span class='ocrx_word' id='word_1_307' title='bbox 267 3897 370 3968; x_wconf 75' lang='grc' dir='ltr'><strong><em>κόλυρα</em></strong></span> <span class='ocrx_word' id='word_1_308' title='bbox 388 3913 481 3966; x_wconf 83' lang='lat' dir='ltr'><strong>vocent,</strong></span> <span class='ocrx_word' id='word_1_309' title='bbox 508 3919 570 3974; x_wconf 87' lang='lat' dir='ltr'><strong>ques</strong></span> <span class='ocrx_word' id='word_1_310' title='bbox 587 3906 685 3971; x_wconf 86' lang='lat' dir='ltr'><strong>quidem</strong></span> <span class='ocrx_word' id='word_1_311' title='bbox 701 3907 738 3956; x_wconf 87' lang='lat' dir='ltr'><strong>rsl</strong></span> <span class='ocrx_word' id='word_1_312' title='bbox 757 3907 781 3956; x_wconf 88' lang='lat' dir='ltr'><strong>iu</strong></span> <span class='ocrx_word' id='word_1_313' title='bbox 799 3907 875 3956; x_wconf 85' lang='lat' dir='ltr'><strong>sancti</strong></span> <span class='ocrx_word' id='word_1_314' title='bbox 892 3905 994 3956; x_wconf 84' lang='lat' dir='ltr'><strong>alicuius</strong></span> <span class='ocrx_word' id='word_1_315' title='bbox 1012 3906 1130 3956; x_wconf 84' lang='lat' dir='ltr'><strong>honorem</strong></span> <span class='ocrx_word' id='word_1_316' title='bbox 1148 3906 1184 3956; x_wconf 87' lang='lat' dir='ltr'><strong>sel</strong></span> <span class='ocrx_word' id='word_1_317' title='bbox 1203 3907 1228 3958; x_wconf 89' lang='lat' dir='ltr'><strong>iu</strong></span> <span class='ocrx_word' id='word_1_318' title='bbox 1245 3907 1373 3958; x_wconf 84' lang='lat' dir='ltr'><strong>detuncto-</strong></span> 
     </span>
     <span class='ocr_line' id='line_1_35' title="bbox 97 3989 1373 4056; baseline -0.001 -15"><span class='ocrx_word' id='word_1_319' title='bbox 97 4006 150 4042; x_wconf 87' lang='lat' dir='ltr'><strong>rum</strong></span> <span class='ocrx_word' id='word_1_320' title='bbox 168 3991 312 4042; x_wconf 86' lang='lat' dir='ltr'><strong>memoriem</strong></span> <span class='ocrx_word' id='word_1_321' title='bbox 331 3990 522 4056; x_wconf 89' lang='lat' dir='ltr'><strong>propinquorum</strong></span> <span class='ocrx_word' id='word_1_322' title='bbox 540 3991 659 4056; x_wconf 81' lang='lat' dir='ltr'><strong>sepulcris</strong></span> <span class='ocrx_word' id='word_1_323' title='bbox 677 3991 789 4055; x_wconf 82' lang='lat' dir='ltr'><strong>imposita</strong></span> <span class='ocrx_word' id='word_1_324' title='bbox 806 3990 962 4056; x_wconf 87' lang='lat' dir='ltr'><strong>postmodum</strong></span> <span class='ocrx_word' id='word_1_325' title='bbox 978 3989 1004 4039; x_wconf 86' lang='lat' dir='ltr'><strong>iu</strong></span> <span class='ocrx_word' id='word_1_326' title='bbox 1021 3990 1175 4041; x_wconf 83' lang='lat' dir='ltr'><strong>sacerdotum</strong></span> <span class='ocrx_word' id='word_1_327' title='bbox 1194 3991 1373 4041; x_wconf 85' lang='lat' dir='ltr'><strong>ministrorum·</strong></span> 
     </span>
     <span class='ocr_line' id='line_1_36' title="bbox 98 4073 556 4141; baseline -0.007 -14"><span class='ocrx_word' id='word_1_328' title='bbox 98 4090 144 4141; x_wconf 89' lang='lat' dir='ltr'><strong>que</strong></span> <span class='ocrx_word' id='word_1_329' title='bbox 162 4091 224 4126; x_wconf 89' lang='lat' dir='ltr'><strong>usus</strong></span> <span class='ocrx_word' id='word_1_330' title='bbox 242 4075 338 4125; x_wconf 87' lang='lat' dir='ltr'><strong>cedunt.</strong></span> <span class='ocrx_word' id='word_1_331' title='bbox 374 4075 444 4124; x_wconf 83' lang='lat' dir='ltr'><strong>Geni.</strong></span> <span class='ocrx_word' id='word_1_332' title='bbox 462 4089 487 4139; x_wconf 90' lang='lat' dir='ltr'><strong>p.</strong></span> <span class='ocrx_word' id='word_1_333' title='bbox 498 4073 556 4124; x_wconf 78' lang='lat'><strong>215.</strong></span> 
     </span>
    </p>
   </div>
   <div class='ocr_carea' id='block_1_7' title="bbox 95 4173 1372 4764">
    <p class='ocr_par' dir='ltr' id='par_1_7' title="bbox 95 4173 1372 4764">
     <span class='ocr_line' id='line_1_37' title="bbox 184 4173 1371 4241; baseline 0 -15"><span class='ocrx_word' id='word_1_334' title='bbox 184 4175 210 4237; x_wconf 78' lang='lat' dir='ltr'><strong>t)</strong></span> <span class='ocrx_word' id='word_1_335' title='bbox 230 4176 259 4226; x_wconf 91' lang='lat' dir='ltr'><strong>llt</strong></span> <span class='ocrx_word' id='word_1_336' title='bbox 277 4173 511 4241; x_wconf 80' lang='lat' dir='ltr'><strong>ploretllicephoro,</strong></span> <span class='ocrx_word' id='word_1_337' title='bbox 529 4176 626 4227; x_wconf 86' lang='lat' dir='ltr'><strong>tertis</strong></span> <span class='ocrx_word' id='word_1_338' title='bbox 644 4176 682 4226; x_wconf 90' lang='lat' dir='ltr'><strong>die</strong></span> <span class='ocrx_word' id='word_1_339' title='bbox 702 4176 773 4226; x_wconf 86' lang='lat' dir='ltr'><strong>homo</strong></span> <span class='ocrx_word' id='word_1_340' title='bbox 792 4186 894 4238; x_wconf 90' lang='lat' dir='ltr'><strong>prorsus</strong></span> <span class='ocrx_word' id='word_1_341' title='bbox 912 4173 1059 4236; x_wconf 84' lang='lat' dir='ltr'><strong>immutatur,</strong></span> <span class='ocrx_word' id='word_1_342' title='bbox 1078 4175 1147 4226; x_wconf 81' lang='lat' dir='ltr'><strong>incisi</strong></span> <span class='ocrx_word' id='word_1_343' title='bbox 1165 4173 1304 4224; x_wconf 85' lang='lat' dir='ltr'><strong>discrimine</strong></span> <span class='ocrx_word' id='word_1_344' title='bbox 1321 4189 1371 4239; x_wconf 90' lang='lat' dir='ltr'><strong>quo</strong></span> 
     </span>
     <span class='ocr_line' id='line_1_38' title="bbox 98 4257 1372 4325; baseline -0.001 -14"><span class='ocrx_word' id='word_1_345' title='bbox 98 4261 257 4325; x_wconf 83' lang='lat' dir='ltr'><strong>dignoscitor,</strong></span> <span class='ocrx_word' id='word_1_346' title='bbox 275 4261 409 4325; x_wconf 86' lang='lat' dir='ltr'><strong>deperdito.</strong></span> <span class='ocrx_word' id='word_1_347' title='bbox 436 4261 519 4311; x_wconf 82' lang='lat' dir='ltr'><strong>Nous</strong></span> <span class='ocrx_word' id='word_1_348' title='bbox 538 4261 577 4309; x_wconf 87' lang='lat' dir='ltr'><strong>die</strong></span> <span class='ocrx_word' id='word_1_349' title='bbox 596 4275 684 4325; x_wconf 87' lang='lat' dir='ltr'><strong>corpus</strong></span> <span class='ocrx_word' id='word_1_350' title='bbox 703 4261 801 4310; x_wconf 88' lang='lat' dir='ltr'><strong>omnino</strong></span> <span class='ocrx_word' id='word_1_351' title='bbox 819 4259 928 4320; x_wconf 84' lang='lat' dir='ltr'><strong>tabescit,</strong></span> <span class='ocrx_word' id='word_1_352' title='bbox 946 4260 1000 4310; x_wconf 92' lang='lat' dir='ltr'><strong>solo</strong></span> <span class='ocrx_word' id='word_1_353' title='bbox 1020 4259 1092 4311; x_wconf 86' lang='lat' dir='ltr'><strong>eorde</strong></span> <span class='ocrx_word' id='word_1_354' title='bbox 1105 4275 1117 4308; x_wconf 81' lang='lat' dir='ltr'><strong>a</strong></span> <span class='ocrx_word' id='word_1_355' title='bbox 1129 4257 1256 4323; x_wconf 86' lang='lat' dir='ltr'><strong>putredine</strong></span> <span class='ocrx_word' id='word_1_356' title='bbox 1266 4259 1372 4310; x_wconf 78' lang='lat' dir='ltr'><strong>intactos</strong></span> 
     </span>
     <span class='ocr_line' id='line_1_39' title="bbox 97 4343 1372 4412; baseline -0.002 -16"><span class='ocrx_word' id='word_1_357' title='bbox 97 4347 284 4412; x_wconf 88' lang='lat' dir='ltr'><strong>quadragesimo</strong></span> <span class='ocrx_word' id='word_1_358' title='bbox 308 4345 347 4396; x_wconf 90' lang='lat' dir='ltr'><strong>die</strong></span> <span class='ocrx_word' id='word_1_359' title='bbox 366 4346 437 4396; x_wconf 87' lang='lat' dir='ltr'><strong>etiam</strong></span> <span class='ocrx_word' id='word_1_360' title='bbox 456 4359 499 4396; x_wconf 92' lang='lat' dir='ltr'><strong>cor</strong></span> <span class='ocrx_word' id='word_1_361' title='bbox 516 4345 571 4394; x_wconf 86' lang='lat' dir='ltr'><strong>tabe</strong></span> <span class='ocrx_word' id='word_1_362' title='bbox 588 4345 695 4396; x_wconf 89' lang='lat' dir='ltr'><strong>diluitur.</strong></span> <span class='ocrx_word' id='word_1_363' title='bbox 731 4345 781 4394; x_wconf 77' lang='lat' dir='ltr'><strong>llis</strong></span> <span class='ocrx_word' id='word_1_364' title='bbox 799 4359 861 4409; x_wconf 90' lang='lat' dir='ltr'><strong>quae</strong></span> <span class='ocrx_word' id='word_1_365' title='bbox 878 4343 966 4395; x_wconf 87' lang='lat' dir='ltr'><strong>reticui</strong></span> <span class='ocrx_word' id='word_1_366' title='bbox 985 4345 1061 4406; x_wconf 82' lang='lat' dir='ltr'><strong>magis</strong></span> <span class='ocrx_word' id='word_1_367' title='bbox 1079 4355 1184 4394; x_wconf 87' lang='lat' dir='ltr'><strong>consona</strong></span> <span class='ocrx_word' id='word_1_368' title='bbox 1202 4349 1267 4403; x_wconf 86' lang='lat' dir='ltr'><strong>sont,</strong></span> <span class='ocrx_word' id='word_1_369' title='bbox 1285 4343 1372 4393; x_wconf 78' lang='lat' dir='ltr'><strong>suadet</strong></span> 
     </span>
     <span class='ocr_line' id='line_1_40' title="bbox 97 4419 1371 4497; baseline -0.005 -15"><span class='ocrx_word' id='word_1_370' title='bbox 97 4431 238 4497; x_wconf 76' lang='lat' dir='ltr'><strong>deophptus</strong></span> <span class='ocrx_word' id='word_1_371' title='bbox 257 4445 271 4480; x_wconf 92' lang='lat' dir='ltr'><strong>e</strong></span> <span class='ocrx_word' id='word_1_372' title='bbox 289 4430 391 4481; x_wconf 76' lang='lat' dir='ltr'><strong>constit.</strong></span> <span class='ocrx_word' id='word_1_373' title='bbox 408 4429 492 4495; x_wconf 80' lang='lat' dir='ltr'><strong>tpost.</strong></span> <span class='ocrx_word' id='word_1_374' title='bbox 511 4429 662 4494; x_wconf 85' lang='lat' dir='ltr'><strong>deprompta.</strong></span> <span class='ocrx_word' id='word_1_375' title='bbox 699 4423 742 4478; x_wconf 82' lang='grc' dir='ltr'><strong>Τὰ</strong></span> <span class='ocrx_word' id='word_1_376' title='bbox 760 4429 835 4492; x_wconf 77' lang='grc' dir='ltr'><em>τρίτα</em></span> <span class='ocrx_word' id='word_1_377' title='bbox 852 4429 1054 4480; x_wconf 87' lang='lat' dir='ltr'><strong>resurrectionem</strong></span> <span class='ocrx_word' id='word_1_378' title='bbox 1069 4419 1157 4478; x_wconf 81' lang='lat' dir='ltr'><strong>christi</strong></span> <span class='ocrx_word' id='word_1_379' title='bbox 1176 4425 1319 4477; x_wconf 87' lang='lat' dir='ltr'><strong>ostendunt:</strong></span> <span class='ocrx_word' id='word_1_380' title='bbox 1339 4422 1371 4476; x_wconf 76' lang='lat' dir='ltr'><strong>sd</strong></span> 
     </span>
     <span class='ocr_line' id='line_1_41' title="bbox 97 4503 1371 4579; baseline -0.004 -13"><span class='ocrx_word' id='word_1_381' title='bbox 97 4511 199 4566; x_wconf 75' lang='grc' dir='ltr'><strong><em>ἔννατα</em></strong></span> <span class='ocrx_word' id='word_1_382' title='bbox 224 4528 309 4566; x_wconf 84' lang='lat' dir='ltr'><strong>norem</strong></span> <span class='ocrx_word' id='word_1_383' title='bbox 337 4514 477 4578; x_wconf 84' lang='lat' dir='ltr'><strong>augelorum</strong></span> <span class='ocrx_word' id='word_1_384' title='bbox 505 4515 585 4565; x_wconf 81' lang='lat' dir='ltr'><strong>choris</strong></span> <span class='ocrx_word' id='word_1_385' title='bbox 612 4521 733 4564; x_wconf 89' lang='lat' dir='ltr'><strong>mortuom</strong></span> <span class='ocrx_word' id='word_1_386' title='bbox 760 4514 883 4576; x_wconf 84' lang='lat' dir='ltr'><strong>aggregari</strong></span> <span class='ocrx_word' id='word_1_387' title='bbox 910 4513 1083 4579; x_wconf 87' lang='lat' dir='ltr'><strong>deprecantur:</strong></span> <span class='ocrx_word' id='word_1_388' title='bbox 1108 4503 1141 4560; x_wconf 77' lang='lat' dir='ltr'><strong>ad</strong></span> <span class='ocrx_word' id='word_1_389' title='bbox 1164 4504 1371 4575; x_wconf 77' lang='lat' dir='ltr'><strong>seuuopssooroi</strong></span> 
     </span>
     <span class='ocr_line' id='line_1_42' title="bbox 97 4591 1370 4665; baseline -0.002 -15"><span class='ocrx_word' id='word_1_390' title='bbox 97 4601 188 4652; x_wconf 87' lang='lat' dir='ltr'><strong>luctum</strong></span> <span class='ocrx_word' id='word_1_391' title='bbox 207 4599 334 4651; x_wconf 84' lang='lat' dir='ltr'><strong>israelitici</strong></span> <span class='ocrx_word' id='word_1_392' title='bbox 353 4599 437 4665; x_wconf 89' lang='lat' dir='ltr'><strong>populi</strong></span> <span class='ocrx_word' id='word_1_393' title='bbox 456 4599 577 4664; x_wconf 80' lang='lat' dir='ltr'><strong>inlloysis</strong></span> <span class='ocrx_word' id='word_1_394' title='bbox 597 4607 673 4650; x_wconf 89' lang='lat' dir='ltr'><strong>morte</strong></span> <span class='ocrx_word' id='word_1_395' title='bbox 692 4605 716 4648; x_wconf 90' lang='lat' dir='ltr'><strong>st</strong></span> <span class='ocrx_word' id='word_1_396' title='bbox 734 4598 942 4664; x_wconf 84' lang='lat' dir='ltr'><strong>quadragesimum</strong></span> <span class='ocrx_word' id='word_1_397' title='bbox 962 4591 1119 4662; x_wconf 86' lang='lat' dir='ltr'><strong>usqus&#39;diem</strong></span> <span class='ocrx_word' id='word_1_398' title='bbox 1138 4596 1291 4662; x_wconf 84' lang='lat' dir='ltr'><strong>productum,</strong></span> <span class='ocrx_word' id='word_1_399' title='bbox 1309 4597 1370 4650; x_wconf 85' lang='lat' dir='ltr'><strong>lusis</strong></span> 
     </span>
     <span class='ocr_line' id='line_1_43' title="bbox 95 4680 1371 4764; baseline -0.003 -28"><span class='ocrx_word' id='word_1_400' title='bbox 95 4697 141 4748; x_wconf 83' lang='lat' dir='ltr'><strong>pro</strong></span> <span class='ocrx_word' id='word_1_401' title='bbox 161 4687 241 4737; x_wconf 85' lang='lat' dir='ltr'><strong>enims</strong></span> <span class='ocrx_word' id='word_1_402' title='bbox 260 4684 365 4735; x_wconf 78' lang='lat' dir='ltr'><strong>defuncti</strong></span> <span class='ocrx_word' id='word_1_403' title='bbox 384 4684 496 4749; x_wconf 88' lang='lat' dir='ltr'><strong>precibus</strong></span> <span class='ocrx_word' id='word_1_404' title='bbox 515 4683 656 4748; x_wconf 80' lang='lat' dir='ltr'><strong>significant.</strong></span> <span class='ocrx_word' id='word_1_405' title='bbox 692 4683 818 4764; x_wconf 76' lang='lat' dir='ltr'><strong>(lltellert</strong></span> <span class='ocrx_word' id='word_1_406' title='bbox 832 4680 1077 4734; x_wconf 79' lang='lat' dir='ltr'><strong>llonranied·ilurelt</strong></span> <span class='ocrx_word' id='word_1_407' title='bbox 1093 4681 1145 4733; x_wconf 90' lang='lat' dir='ltr'><strong>dies</strong></span> <span class='ocrx_word' id='word_1_408' title='bbox 1159 4681 1196 4732; x_wconf 72' lang='lat' dir='ltr'><strong>il.</strong></span> <span class='ocrx_word' id='word_1_409' title='bbox 1213 4687 1270 4749; x_wconf 84' lang='lat' dir='ltr'><strong>pust</strong></span> <span class='ocrx_word' id='word_1_410' title='bbox 1286 4695 1371 4732; x_wconf 84' lang='lat' dir='ltr'><strong>resur·</strong></span> 
     </span>
    </p>
   </div>
   <div class='ocr_carea' id='block_1_8' title="bbox 0 0 1698 5304">
    <p class='ocr_par' dir='ltr' id='par_1_8' title="bbox 0 0 1698 5304">
     <span class='ocr_line' id='line_1_44' title="bbox 0 0 1698 5304; baseline 0 3"><span class='ocrx_word' id='word_1_411' title='bbox 0 0 1698 5304; x_wconf 95' lang='lat' dir='ltr'><strong> </strong></span> 
     </span>
    </p>
   </div>
  </div>
 </body>
</html>
