3388 5304
719 408 789 480 621

203 589 323 661 Ίοτίον
338 587 405 660 1ὅτι
432 589 467 659 ἐν
492 594 533 679 τῇ
559 583 684 680 μεγάλη
713 585 868 678 ἀαληείᾳ
896 583 970 656 ἀντὶ
996 584 1119 667 ὕδατος
1146 579 1237 654 οἶνον
1263 581 1312 665 τίς
1331 583 1393 674 τὴν

116 689 285 782 κανδήλον
304 698 365 760 τοῦ
385 687 555 774 εάχελαίοο
576 687 794 776 βάλλουσιν.’)

515 866 551 936 Τ
546 867 591 937 οῦ
617 858 760 957 Κυρίου
786 848 997 958 δέηθῶμεν.

205 1010 331 1110 Κύριε,
359 1011 379 1086 ὃ
405 1013 447 1087 ἐν
470 1019 526 1112 τῷ
552 1012 638 1087 ίλέει
662 1011 727 1087 καὶ
751 1019 829 1097 τοῖς
853 1015 1054 1108 ολκτιρμοῖς
1080 1035 1149 1086 σου
1170 1007 1327 1106 ίαίμενος
1342 1007 1392 1084 τά

115 1115 385 1212 συντρίμμστα
417 1121 495 1190 τῶν
526 1121 664 1209 ψυχῶν
696 1114 760 1188 καὶ
790 1122 869 1189 τῶν
896 1111 1083 1204 σωμάτων
1107 1111 1229 1210 ἡμῶν,
1265 1111 1391 1200 αὐτὸς,

114 1217 295 1304 δέσποτα,
322 1213 481 1316 ἁγίασον
504 1215 548 1290 τὸ
574 1219 699 1292 ἔλαιον
723 1225 848 1304 τοῦτο,
875 1214 964 1300 ῶςτε
989 1214 1166 1316 γενέσθαι
1192 1219 1269 1298 τοῖς
1287 1241 1393 1312 χριο-

115 1320 246 1416 μένοις
278 1320 317 1402 ἐξ
348 1316 466 1391 αὐτοῦ
499 1321 550 1400 εἰς
581 1317 790 1412 θεραπείαν
821 1317 886 1392 καὶ
914 1316 1131 1416 ἀπαλλαγὴν
1157 1316 1296 1400 παντὸς
1318 1310 1393 1388 πά-

117 1424 231 1509 θους,
265 1425 462 1514 μολυσμοῦ
487 1426 664 1515 σαρκικοῦ
690 1418 754 1493 καὶ
778 1416 988 1514 πνεύματος
1011 1417 1075 1494 καὶ
1098 1418 1240 1502 παντὸς
1261 1423 1393 1505 κακοῦ,

113 1525 183 1598 ἵνα
220 1521 285 1597 καί
320 1523 362 1595 ἐν
396 1515 518 1618 τούτῳ
553 1518 726 1615 δοξασθῇ
763 1545 832 1595 σου
864 1519 907 1595 τὸ
943 1518 1130 1622 πανάγιον
1156 1521 1290 1618 ὄνομα,
1324 1523 1393 1593 τοῦ

116 1622 273 1720 πατρὸς,
306 1619 369 1696 καί
401 1629 469 1696 τοῦ
503 1621 602 1709 υἱοῦ,
634 1620 697 1695 καὶ
730 1628 799 1696 τοῦ
833 1619 944 1722 ἁγίου
970 1619 1191 1714 πνεύματος,
1224 1630 1298 1698 νῦν
1330 1618 1393 1696 καὶ

116 1724 191 1815 ἀεὶ,
217 1724 282 1799 καί
308 1728 358 1806 εἰς
382 1721 470 1808 τοὺς
495 1727 635 1807 αἰῶνας
658 1729 739 1798 τῶν
765 1719 926 1798 αίῶνων.
970 1719 1099 1819 Ἀμήν.

203 1851 256 1924 Ἐν
283 1852 353 1944 ὅσῳ
381 1854 419 1924 δὲ
447 1854 579 1944 λέγεται
605 1852 626 1945 ἦ
654 1851 730 1944 εὐχὴ
759 1853 854 1944 παρά
882 1861 948 1924 τῶν
977 1852 1106 1941 ἱερέων,
1134 1851 1325 1944 ψάλλονται
1351 1845 1394 1919 τά

114 1955 292 2046 τροπάρια
311 1963 428 2025 ταῦτα.

210 2059 332 2156 Ταχδς
364 2064 414 2144 είς
447 2060 645 2158 ἀντίληψιν
679 2058 794 2155 μόνος
820 2056 1010 2155 ’ὑπάρχων
1041 2058 1201 2156 Χριστὲ,
1241 2063 1394 2154 ταχεῖαν

115 2164 191 2262 τὴν
230 2165 385 2238 ἄνωθεν
423 2160 546 2247 δεῖξον
578 2161 771 2259 ἐπίσκεψιν
803 2169 879 2246 τοῖς
911 2159 1096 2257 πάσχουσι
1128 2158 1277 2243 δούλοις
1309 2185 1393 2248 σου,

117 2263 311 2362 λάτρωσαι
342 2261 568 2360 νοσημάτων
600 2263 665 2338 καὶ
697 2271 842 2358 πικρῶν
878 2260 1115 2365 ἀλγηδόνων·
1149 2263 1292 2366 έγειρον
1324 2267 1392 2336 τοῦ

116 2366 255 2463 ὑμνεῖν
281 2391 320 2440 σε
346 2364 409 2440 καὶ
434 2363 605 2454 δοξάζειν
630 2361 842 2455 ἀπαύστως,
875 2364 1085 2463 πρεσβείαις
1109 2371 1174 2462 τῆς
1196 2357 1394 2451 θεοτόκου,

117 2467 214 2565 μόνε
241 2463 501 2564 φιλάνθρωπα

211 2591 284 2682 Τῆς
314 2592 437 2683 ψυχῆς
469 2582 516 2658 τά
554 2585 706 2678 ὄμματα
739 2585 1000 2681 πεπηρωμένος
1033 2583 1092 2659 σοὶ
1119 2580 1258 2682 Χριστί
1284 2611 1394 2675 προς-

122 2687 283 2783 έρχομαι
317 2685 367 2770 ῶς
400 2685 586 2785 ὃτυφλὸς
611 2689 651 2760 ἐκ
675 2694 864 2788 γεννητῆς,
898 2691 938 2761 ίν
964 2685 1143 2784 μετανοίᾳ
1168 2681 1394 2788 κραυγάζων

119 2813 196 2878 σοι,
221 2784 399 2884 ἱλάσθητι
423 2783 516 2884 μάνε
540 2783 632 2885 ἡμῖν
657 2784 904 2863 εὐδιάλλακτε.

211 2905 289 3003 Τὴν
313 2907 442 3003 ψυχήν
466 2933 555 3001 μου,
583 2901 708 3002 Κύριε,
734 2908 776 2980 ἐν
796 2905 996 3002 ἁμαρτίαις
1013 2903 1206 2988 παντοίαις
1223 2905 1286 2978 καὶ
1307 2901 1396 2978 ἀτό-

119 3036 207 3092 ποις
239 3004 392 3106 πράξεσι
425 3005 556 3090 δεινῶς
588 3009 904 3103 παραλελυμένην,
937 3009 1079 3109 ἔγειραν
1110 3015 1155 3102 τῇ
1189 3008 1300 3102 θεϊκῇ
1327 3031 1396 3080 σου

120 3108 340 3207 ἐπιστασίᾳ,
377 3108 494 3207 ὥςπερ
529 3107 593 3183 καὶ
626 3109 694 3183 τὸν
726 3105 943 3202 παράλυτον
977 3109 1126 3209 ἤγειρας
1158 3104 1292 3194 πάλαι,
1331 3107 1397 3182 ἵνα

120 3208 250 3310 κράζω
278 3236 318 3285 σε
344 3211 545 3306 σωσμένος,
572 3208 777 3307 ολιιτίρμον,
804 3206 869 3294 δός
894 3237 971 3305 μοι,
997 3205 1149 3305 Χριστέ,
1174 3207 1244 3304 τὴν
1269 3212 1382 3284 ίασιν.

206 3327 273 3412 Ὡς
295 3335 364 3404 τοῦ
382 3326 526 3428 Κυρίου
543 3327 718 3424 μαθητὴς
743 3326 916 3418 ἀνεδέξω,
942 3327 1075 3417 δίκαιε,
1101 3326 1144 3402 τὸ
1169 3325 1395 3456 εὐαγγέλιον,

122 3428 177 3514 ῶς
200 3428 348 3526 μάρτυς
372 3431 463 3525 ἔχεις
487 3429 531 3504 τὸ
557 3426 865 3530 ἀπαράγραπτον,
891 3429 961 3528 τὴν
985 3427 1192 3527 παρρησίαν
1217 3458 1268 3512 ως
1285 3427 1396 3503 ἀδελ-

120 3528 289 3630 φόθεος,
328 3529 371 3605 τὸ
404 3529 622 3629 πρεσβεύειν
653 3530 704 3615 ῶς
734 3529 922 3631 ίεράρχης·
963 3531 1097 3610 ἱκέτευε
1130 3530 1298 3628 Χριστὸν
1330 3530 1397 3606 τὸν

125 3632 234 3722 Θεὸν,
262 3634 436 3730 σωθῆναι
460 3632 527 3717 τάς
551 3631 677 3732 ψυχὰς
700 3632 820 3730 ἡμῶν.

206 3749 251 3827 Ὁ
283 3758 352 3824 τοῦ
384 3750 524 3846 πατρὸς
555 3751 759 3854 μονογενὴς
787 3750 874 3836 θεὸς
899 3748 1017 3854 λόγος,
1054 3746 1281 3848 ἐπιδημήσας
1306 3749 1398 3849 πρὸς

119 3851 222 3952 ἡμᾶς
256 3849 311 3926 ἐπ’
342 3849 511 3948 ἐσχάτων
542 3859 621 3927 τῶν
651 3852 815 3950 ἡμερῶν,
841 3849 995 3950 Ἰάκωβε
1027 3852 1212 3943 θεσπέσιε,
1246 3847 1397 3949 πρῶτόν

123 3982 164 4031 σε
198 3951 360 4039 ἀνέδειξε
392 3961 470 4031 τῶν
498 3951 762 4052 Ἰεροσολύμων
794 3955 951 4052 ποιμένα
983 3952 1046 4029 καὶ
1080 3950 1310 4031 διδάσκαλον
1332 3951 1397 4026 καὶ

122 4133 428 4149 —--———-=-=-

124 4228 222 4281 Ιλοιοίιιί
251 4225 320 4278 τιλει
345 4227 449 4290 iumine
476 4237 500 4278 ει
527 4227 572 4278 λιιι
597 4227 627 4278 λε
654 4242 726 4279 canu
749 4235 772 4278 τι
795 4221 918 4288 τανδῆλα
941 4222 990 4276 τοῦ
1011 4220 1154 4292 εάχελαίου
1172 4225 1246 4276 audit.
1281 4223 1395 4276 Simeon:

124 4339 158 4352 -
174 4309 225 4363 καὶ
241 4307 336 4360 ἔλαιον
353 4306 384 4359 ἐν
401 4308 567 4375 εγωταγιογῷ
582 4300 756 4373 λαιμάλλεεαι
773 4301 789 4374 ἢ
807 4305 839 4360 ἐν
856 4300 948 4360 σκιάει
964 4303 981 4372 ἢ
998 4300 1071 4374 άλλη
1089 4307 1151 4374 τινι,
1172 4305 1205 4359 ἐν
1222 4291 1244 4372 ᾧ
1262 4305 1310 4356 καλ
1325 4301 1396 4358 ἔπεα

121 4387 278 4447 ἀνάκειται
303 4391 383 4460 φῶτα
408 4390 466 4444 καί
487 4387 609 4462 ἀριθμὸν
635 4392 689 4444 τῶν
714 4393 810 4463 ἱερέων
833 4393 881 4444 καλ
905 4393 945 4451 ελς
967 4385 1055 4446 τύπον
1077 4392 1131 4444 τῶν
1151 4382 1333 4461 χαρισμάτων
1349 4392 1398 4442 του

123 4473 287 4550 πνειίματος
302 4469 393 4543 άγίου.

210 4580 238 4641 2)
262 4579 406 4631 simeon:
423 4571 596 4647 ὑπεμφαλνει
614 4576 662 4627 καὶ
684 4573 716 4629 ἐν
731 4571 799 4647 ἡμῖν
815 4573 864 4642 τὴν
881 4577 929 4631 τοῦ
943 4577 1172 4648 μαλακισθέντας
1187 4575 1294 4630 ἐκείνου
1311 4574 1397 4640 ἴασιν,

121 4651 156 4716 ὃν
172 4659 203 4716 ἐκ
220 4661 387 4732 Σαμαρείας
403 4655 613 4730 ἀναλεράμενος
624 4655 728 4727 Ἰησοῦς
744 4658 924 4731 ἐθεράπευεν.
