3378 5302
929 395 1000 472 tau

359 640 362 648 ,
410 581 569 646 Consuatis
591 581 686 662 signis
707 581 899 646 indicarimus
921 583 1114 664 apostolicam
1136 583 1227 647 officii
1241 591 1367 666 partam,
1388 583 1605 649 Alexandrinae

326 683 467 748 aeneiae
488 683 675 758 traditiones,
698 683 826 764 denique
848 684 955 747 saeculi
979 685 1076 766 quarti
1097 692 1127 748 et
1147 686 1240 765 quinti
1259 685 1468 762 additamenta,
1492 695 1602 756 mineo,

324 795 360 849 ut
380 785 528 849 existimat
549 785 741 849 Reualdotius
763 786 887 848 coneilio
910 786 1143 850 Chalcedonensi
1163 786 1334 851 vetustiora.
1342 787 1363 865 ¹)

325 1041 404 1092 serbis
422 1040 622 1102 morationibus,
646 1054 698 1090 eum
717 1048 884 1106 repraesentet
899 1041 978 1091 simile
996 1041 1112 1101 olllcium,
1138 1041 1202 1106 quod
1220 1042 1244 1092 iu
1264 1041 1370 1106 Captiuis
1388 1038 1501 1090 omuibus
1520 1054 1603 1090 mem·

325 1125 444 1190 pleribus,
469 1126 490 1176 ei
507 1126 628 1188 Liturgiaa
652 1139 712 1190 quae
730 1125 812 1178 basilii
831 1140 918 1176 nomen
938 1126 1017 1188 babet,
1041 1127 1216 1191 praemittitur;
1241 1127 1304 1176 idem
1323 1133 1412 1185 teman,
1436 1125 1601 1188 quantumst

325 1210 459 1260 sententies
484 1211 668 1274 orationumque
687 1217 710 1260 at
728 1211 816 1260 rituum
835 1209 1018 1274 dispositionem
1037 1225 1100 1272 esse,
1124 1211 1196 1262 laeile
1213 1212 1359 1273 agnoscitur.
1394 1209 1528 1274 Supererat
1544 1224 1602 1273 pars

324 1294 431 1346 secunda
455 1295 479 1346 iu
503 1307 550 1359 qua
573 1295 651 1346 maior
674 1294 773 1361 omniun
791 1293 872 1355 llarci,
890 1303 915 1344 et
930 1295 1012 1346 Basilii
1030 1296 1190 1358 liturgiarum
1207 1295 1341 1346 diversitas.
1375 1294 1418 1344 Est
1436 1294 1535 1358 quidem
1552 1309 1601 1344 nnn

326 1379 350 1430 in
368 1379 418 1430 illis
436 1379 518 1442 modo,
536 1379 579 1430 sed
598 1381 622 1430 in
641 1379 753 1429 omuibus
771 1379 875 1444 antiquie
893 1379 947 1430 aliis
966 1382 1137 1445 cuiuscumque
1154 1380 1259 1444 linguae,
1278 1378 1340 1428 idern
1359 1379 1428 1439 urdo,
1447 1379 1566 1428 orationis
1578 1379 1601 1428 iu

325 1463 434 1514 camdem
453 1464 598 1513 sententiam
616 1463 794 1525 couvenientes,
811 1463 872 1515 ritus
889 1464 990 1526 similes,
1009 1465 1052 1514 sed
1069 1466 1170 1530 insignis
1188 1478 1217 1516 ex
1232 1463 1360 1513 verborum
1377 1463 1601 1512 serietatedirersi·

326 1555 371 1600 tas.
407 1547 441 1598 Eo
460 1549 531 1610 igitur
550 1547 686 1598 coniectura
705 1547 816 1610 ducebat,
843 1555 868 1598 ut
885 1549 915 1600 de
934 1549 983 1600 illis
1011 1549 1075 1600 idem
1093 1564 1121 1600 ae
1139 1549 1168 1599 de
1186 1549 1286 1613 reliquis
1305 1546 1467 1598 Orientalibus
1486 1547 1601 1596 iudicium

325 1633 438 1693 terretur,
463 1647 505 1682 css
530 1632 623 1682 scilicet
646 1632 753 1698 quamvis
777 1647 825 1683 nou
850 1647 878 1683 cx
902 1643 967 1684 certo
993 1633 1073 1698 aliquo
1098 1633 1181 1684 codice
1199 1635 1290 1684 Graeca
1309 1645 1437 1696 expressae
1455 1632 1545 1691 torem,
1571 1630 1600 1679 ad

325 1716 461 1781 simplicem
481 1717 607 1782 quamdam
626 1725 651 1766 ut
667 1717 800 1782 prinoipem
819 1719 930 1768 sacrificii
949 1719 1065 1770 ull'srendi
1083 1719 1171 1782 legen,
1189 1733 1252 1782 quse
1269 1717 1382 1767 omnibus
1398 1715 1516 1766 Eueleslis
1534 1727 1602 1764 cum-

325 1803 406 1852 munis
423 1802 494 1862 iuret,
514 1801 588 1852 luisse
606 1803 758 1854 constitutas.
793 1804 823 1854 lit
838 1804 902 1854 euim
921 1803 952 1854 ite
972 1804 1061 1854 lactum
1079 1819 1135 1855 essa
1152 1803 1214 1856 ciros
1225 1801 1426 1866 LitargiasSprus
1443 1798 1602 1862 multiplices,

325 1886 361 1950 riu
379 1894 459 1950 potest
477 1886 589 1946 dubitari,
607 1885 638 1936 ita
657 1885 687 1936 de
705 1887 939 1953 tribusdeggptiscis
956 1897 983 1938 ut
1000 1889 1154 1948 iudicaretur,
1172 1889 1307 1952 proximum
1326 1893 1384 1936 erat.
1406 1884 1492 1936 Omnia
1510 1883 1602 1948 qnippe

325 1970 536 2022 Sacramentorum
562 1971 650 2031 ollula,
675 1971 746 2022 etiam
769 1972 793 2021 iu
817 1973 864 2022 ritu
889 1974 965 2038 magis
989 1973 1093 2033 diverso,
1117 1972 1197 2038 qualis
1214 1981 1251 2022 cst
1270 1968 1440 2032 Occidentalis,
1464 1969 1533 2032 isque
1553 1981 1603 2016 uon

268 2101 272 2112 ,
326 2069 397 2116 unus,
422 2055 548 2105 convenire
573 2063 665 2105 certum
688 2064 734 2117 est,
759 2057 782 2105 in
807 2056 920 2106 omnibus
943 2055 992 2106 illis
1010 2058 1127 2122 partibus,
1152 2072 1214 2122 quea
1231 2054 1373 2106 essentiales
1391 2053 1485 2105 censori
1503 2053 1604 2102 debent

325 2139 390 2189 luter
408 2139 494 2190 Olflcia
517 2153 573 2189 raro
591 2138 685 2190 diverse
703 2139 825 2190 observari
843 2142 979 2190 orationum
998 2141 1103 2206 aliquam
1122 2140 1352 2201 dissimilitudinem,
1375 2153 1404 2188 eo
1422 2138 1518 2190 lucilius
1537 2140 1604 2187 aeci·

325 2222 370 2284 dit,
395 2223 470 2287 quud,
495 2229 520 2273 ut
538 2237 566 2272 ex
582 2223 673 2274 basilio
691 2225 834 2286 notavimus,
852 2240 866 2273 a
883 2225 927 2275 SS.
946 2226 1056 2278 Patribus
1079 2227 1171 2292 scripta
1194 2227 1280 2276 tradita
1305 2238 1354 2274 unu
1378 2225 1481 2274 luerunt.
1515 2221 1604 2286 ltaque

325 2308 349 2357 in
368 2307 427 2356 satis
445 2305 537 2371 prolixa
556 2321 655 2371 precum
674 2315 698 2358 et
715 2309 873 2360 lormularum
892 2311 965 2372 sarie,
983 2303 1105 2376 quaedam
1119 2311 1235 2373 strictius,
1258 2309 1375 2376 quaedam
1394 2308 1472 2358 lunius
1490 2307 1604 2371 exprimi,

325 2406 378 2441 cum
402 2391 520 2440 sententia
544 2407 642 2456 semper
659 2400 724 2443 esset
742 2392 834 2456 eadem,
859 2395 946 2444 mirum
965 2411 1014 2446 non
1031 2403 1091 2446 erat.
1125 2397 1161 2446 lla
1179 2402 1258 2446 tamen
1275 2407 1391 2444 successu
1409 2399 1548 2456 temporum
1567 2400 1605 2440 tut

324 2476 444 2538 Liturgias
462 2476 634 2538 scriberentur,
659 2485 719 2542 quot
735 2477 863 2543 Episcopis
880 2478 1021 2544 placuisset,
1045 2495 1099 2532 cum
1118 2481 1141 2531 in
1160 2495 1232 2530 unam
1250 2479 1393 2529 senteutiam
1412 2490 1496 2525 omnes
1514 2473 1605 2527 Ecule-

325 2561 375 2610 siaa
393 2561 556 2619 convenirent,
574 2561 599 2612 in
616 2562 728 2625 singulis,
746 2578 808 2628 quae
827 2566 902 2627 magis
919 2565 1027 2627 insignes
1045 2573 1135 2626 essent,
1161 2563 1363 2616 Patriarebalibus
1380 2559 1536 2627 praesertim,
1560 2575 1605 2610 sa·

325 2658 422 2694 crorum
446 2645 567 2696 lormulac
590 2647 734 2698 constitutae
752 2655 816 2708 suut,
841 2663 853 2698 a
873 2651 959 2714 quibos
977 2650 1092 2700 recedere
1110 2665 1158 2700 uun
1177 2650 1269 2711 liceret,
1293 2664 1355 2714 quae
1371 2646 1502 2697 indubitata
1521 2645 1605 2695 dirar-

324 2744 408 2780 surum
424 2729 583 2794 Liturginruru
612 2733 680 2796 urigo
707 2740 752 2782 est.
788 2733 896 2798 Cumque
923 2749 968 2784 usu
995 2743 1150 2785 consecratae
1178 2733 1307 2800 aliquando
1333 2733 1414 2782 lorcnt
1440 2732 1464 2782 in
1482 2729 1604 2780 licalssiis

325 2814 448 2864 orationes
472 2815 612 2878 nonnullae,
637 2831 698 2882 quas
721 2817 813 2868 aboleri
836 2819 889 2868 sine
912 2819 992 2883 plebis
1015 2819 1095 2885 aliqua
1118 2819 1299 2884 perturbatione
1317 2816 1431 2882 Episcopi
1453 2829 1501 2864 nun
1526 2827 1605 2880 possa

325 2899 470 2958 iudicabant,
488 2899 586 2950 relictas
604 2909 662 2951 sont
678 2909 702 2951 et
718 2903 816 2966 scriptis
834 2903 996 2965 consignatas,
1015 2912 1042 2954 ut
1058 2903 1201 2969 quibusdam
1220 2903 1305 2955 diebus
1323 2907 1507 2966 usurparentur.

412 2983 441 3050 1)1
454 2983 559 3047 Custigut
577 2985 791 3038 lleualdotius
809 3002 833 3052 p.
843 2987 971 3038 Llllllllllll
991 2990 1217 3053 intemperantiores
1235 2989 1340 3050 criticos,
1360 2985 1401 3052 qui
1419 2985 1526 3050 lapidem
1546 2987 1604 3036 nul·

329 3067 378 3118 lum
403 3067 527 3118 immotum
551 3069 681 3134 reliquere,
706 3077 731 3121 ut
754 3071 840 3121 lalsam
863 3072 983 3138 planeque
1006 3073 1185 3138 supposititiam
1204 3072 1332 3135 liturgiam
1351 3077 1535 3136 propugnarent
1558 3081 1606 3133 „nt

325 3152 384 3202 nibil
408 3153 485 3204 dicem
509 3153 538 3204 tle
555 3154 642 3204 driaco
661 3154 751 3204 Sandiu
775 3157 857 3219 quiin
877 3172 946 3207 casso
965 3157 1007 3208 illu
1025 3173 1070 3209 sno
1089 3159 1204 3210 lristoriaa
1222 3156 1399 3207 ecclesiasticae
1418 3155 1505 3205 nucleo
1525 3157 1605 3206 maxi·

324 3251 389 3288 mum
415 3237 528 3302 quiddam
553 3240 674 3305 reperisse
699 3255 727 3290 aa
751 3242 879 3292 arbitratus
903 3251 948 3304 est,
972 3243 1028 3294 dum
1047 3243 1119 3294 biarci
1137 3243 1247 3309 Apostoli
1265 3241 1375 3304 liturgiae
1393 3247 1527 3302 auctorem,
1553 3257 1604 3293 nou

323 3321 514 3385 Evangeliatam,
543 3323 587 3374 scd
611 3326 834 3390 praestigiatorem,
864 3327 895 3378 de
918 3343 965 3392 quo
991 3328 1105 3379 irenaeus
1129 3327 1325 3393 stEpipbanius
1349 3324 1456 3390 loquitur
1479 3327 1603 3381 iudicarit.

324 3407 406 3472 Neque
424 3422 483 3457 saue
502 3416 539 3458 est
556 3424 599 3458 cur
616 3409 646 3459 ad
665 3410 723 3462 baec
742 3419 850 3461 monstra
868 3411 1009 3476 opinionum
1029 3421 1141 3477 stupeant
1159 3414 1182 3463 in
1202 3427 1263 3478 quos
1281 3411 1345 3461 lucili
1359 3411 1455 3472 negotio
1468 3411 1603 3465 derolrun·

323 3499 377 3550 tur,
402 3492 443 3556 qui
467 3492 611 3543 traditonem
635 3481 816 3544 contemnunt.“
852 3495 1048 3562 Coalerasquae
1072 3498 1231 3548 dissernimus
1251 3496 1309 3562 pb.
1345 3494 1490 3559 Ceteroquin
1515 3499 1604 3548 serisi-

324 3575 382 3624 mile
407 3583 452 3636 est,
480 3575 552 3626 llarei
576 3577 696 3640 liturgiam
722 3594 750 3628 eo
779 3595 825 3645 quo
850 3595 914 3630 nuno
933 3581 1008 3631 lertur
1025 3589 1088 3632 textu
1107 3585 1265 3648 compositam
1284 3595 1339 3631 esse
1358 3594 1371 3627 a
1390 3578 1478 3641 Cyrillo
1498 3580 1604 3632 Alexan-

323 3659 403 3720 drino,
422 3675 492 3724 quam
512 3661 543 3710 ub
561 3676 612 3712 reru
630 3663 736 3728 Aegyptii
755 3663 874 3726 liturgiam
893 3664 975 3730 Cyrilli
999 3676 1085 3718 vocant
1108 3682 1161 3718 eam
1186 3681 1247 3733 quaa
1272 3672 1309 3715 est
1326 3663 1350 3713 in
1369 3662 1502 3728 Copturum
1522 3664 1604 3730 libris,

326 3757 381 3792 cum
400 3743 478 3794 blarao
497 3745 549 3796 lere
567 3745 590 3796 in
610 3748 722 3798 omnibus
740 3763 881 3800 consonam.
917 3750 1006 3801 Farent
1023 3753 1131 3818 opinioni
1148 3754 1385 3809 dsscmaunus,
1403 3747 1495 3799 Neali
1507 3765 1551 3803 us.
