3314 5304
659 377 732 452 323

87 567 275 641 ncmlramm,
302 564 384 628 notis
411 563 607 629 musicalibus
637 565 786 645 insignem
813 563 870 627 sub
897 563 959 628 hoc
976 564 1082 630 titulo:
1110 559 1334 653 Eippoldyoor

87 672 132 735 roi
148 663 220 734 ὅλου
243 663 398 733 ἐνιαυτοῦ
417 661 535 743 καθὼς
554 658 724 748 Wiener
744 658 794 742 εἷς
812 660 852 730 τὸ
874 657 968 749 ἅγιον
982 655 1070 748 ὅρος,
1092 658 1332 758 &amoniaca

89 764 243 852 δὲμικρὸν
271 762 366 853 παρὰ
391 769 453 831 τοῦ
480 762 515 832 ἐν
543 759 773 855 Ιερομονάχοις
799 759 951 844 siralais
973 759 1142 855 Ἰώσαφατ
1168 773 1230 836 τοῦ
1256 766 1333 837 νέου

88 864 285 958 Κοικουζήλη.
314 870 348 934 ln
370 868 459 932 editis
474 869 669 950 Hirmolugiis
691 870 842 934 adduntur
862 869 1005 934 nonnulla
1027 870 1085 934 alia
1106 891 1143 935 ex
1164 873 1232 936 aliis
1247 872 1333 936 lilaria

90 973 278 1038 ecclesiasticis
292 971 448 1052 decerpta:
472 970 625 1034 lateralia
643 971 787 1034 inseritur
798 971 945 1033 Exaltatiu
957 970 1116 1051 Panagiao,
1140 975 1225 1038 cuius
1241 991 1332 1056 supra

89 1074 179 1138 nautio
191 1075 299 1136 iniecta
315 1081 363 1136 cst
372 1073 484 1153 p.3l3.
505 1071 611 1152 Neque
625 1091 686 1134 are
696 1071 814 1136 ridetur
824 1073 996 1154 loquentem
1008 1073 1107 1136 lacere
1117 1074 1258 1138 lllatium
1271 1076 1334 1138 sin-

90 1177 180 1254 gularis
189 1175 393 1236 observantiae
405 1173 615 1254 interpretem:
637 1173 802 1254 Antequam
816 1172 957 1236 monachi
968 1174 999 1235 in
1011 1191 1144 1237 mensam
1157 1177 1334 1256 procedunt,

90 1275 323 1340 lleldomadarius
339 1274 370 1336 in
382 1273 468 1336 disco
481 1273 544 1336 sisa
559 1273 684 1338 scutella
696 1266 941 1361 (παναγιάριον)
952 1287 1106 1356 acceptum
1119 1293 1227 1358 panem
1240 1278 1276 1340 ad
1288 1279 1335 1340 in·

90 1387 138 1440 star
156 1378 245 1439 crucis
260 1378 291 1438 iu
307 1385 435 1457 patum
447 1375 554 1439 dividit
564 1384 667 1456 partes
680 1376 831 1457 aequales,
854 1395 891 1439 ex
904 1377 1011 1456 angulo
1027 1377 1163 1440 interiori
1178 1379 1267 1459 panis
1283 1375 1335 1441 ab·

91 1478 182 1540 scindit
193 1479 318 1542 frustum
336 1477 431 1541 cultro
446 1477 635 1552 circumiens,
656 1477 732 1542 adeo
749 1487 781 1540 ut
797 1497 833 1540 cx
848 1495 908 1540 una
925 1489 1011 1560 parta
1028 1477 1129 1559 anguli
1149 1479 1336 1544 acuminatus

90 1579 126 1654 sit
146 1598 176 1642 ex
194 1579 285 1642 altero
302 1578 440 1642 circulari
455 1579 558 1658 lipara,
581 1579 717 1659 trigonus
732 1579 927 1660 imperfectus
943 1590 1086 1661 appareat
1100 1592 1130 1644 ct
1144 1581 1189 1644 aio
1204 1582 1337 1645 excisum

91 1699 133 1742 suo
151 1680 220 1756 loco,
242 1699 303 1744 una
326 1697 393 1742 oum
413 1679 531 1760 reliquo
553 1699 632 1761 pane
653 1680 741 1743 simul
761 1679 846 1742 unito
860 1681 1014 1761 relinquit,
1034 1701 1144 1762 panem
1159 1683 1205 1746 sie
1219 1701 1336 1746 aesom-

91 1783 217 1844 nodatum
237 1783 297 1844 alia
317 1792 403 1862 parte
425 1781 501 1844 disci
524 1783 668 1862 cooperit.
698 1781 742 1844 lta
764 1779 845 1844 enim
866 1781 970 1844 discus
991 1776 1043 1846 illc
1065 1792 1256 1864 comparatus
1271 1799 1337 1846 car·

92 1883 145 1945 dine
164 1905 194 1946 cx
214 1903 273 1946 una
295 1893 380 1964 parte
403 1901 471 1946 cum
493 1883 659 1964 superioris
674 1882 770 1964 partis
786 1882 873 1945 oculo
888 1883 1055 1963 colligatus,
1075 1893 1111 1947 ut
1125 1886 1215 1948 modo
1231 1901 1336 1966 capsa·

92 2003 141 2045 mm
158 1985 334 2058 includatur,
355 1985 403 2047 sin
424 1985 525 2048 minus
546 1984 612 2046 velo
635 1993 665 2049 et
687 1985 733 2046 sie
755 1985 915 2064 apponitur
936 1985 968 2046 in
990 2003 1105 2060 mensa,
1128 1985 1159 2046 in
1183 2003 1240 2066 qua
1253 1985 1337 2048 aolus

92 2085 169 2148 illas
193 2087 279 2150 sedet
311 2087 357 2148 rel
385 2087 436 2166 qui
467 2086 532 2149 eius
560 2086 641 2149 vices
670 2086 755 2166 gerit
798 2085 898 2150 Finito
927 2086 1055 2168 prandio
1083 2095 1113 2150 et
1141 2086 1240 2165 signo
1257 2087 1335 2158 dato,

91 2203 174 2250 onnes
194 2199 354 2268 assurgunt
375 2197 406 2250 et
426 2189 582 2268 conceptis
603 2187 754 2268 precibus,
776 2187 892 2252 discum
914 2187 997 2250 illum
1020 2205 1191 2270 campane,
1214 2187 1267 2268 qui
1281 2188 1337 2249 Pa·

92 2290 159 2367 nagia
178 2300 229 2366 est,
252 2288 511 2352 Hebdomadarius
533 2289 674 2352 sustollit.
717 2290 922 2362 Postmodum,
952 2297 1085 2352 reserato
1107 2288 1285 2368 Panagiarin
1308 2297 1339 2350 et

93 2388 165 2453 irusto
191 2391 241 2453 illo
270 2409 306 2454 ex
334 2409 412 2472 pane
435 2391 536 2453 exciso
559 2409 715 2465 converso,
743 2399 776 2454 ut
803 2392 881 2454 mica
910 2391 990 2454 nuda
1011 2379 1151 2473 superior
1172 2391 1220 2464 sit,
1249 2409 1337 2472 prae-

92 2493 293 2566 sentatlblnati,
322 2494 371 2573 qui
395 2492 536 2555 extremis
557 2492 659 2572 digitis
681 2493 820 2556 miculam
843 2493 951 2573 arripit
971 2501 1002 2556 et
1022 2492 1068 2556 ori
1090 2492 1262 2572 impositam
1284 2491 1337 2554 ab·

93 2594 176 2655 sunit:
197 2594 304 2657 deinde
326 2593 394 2656 aliis
417 2592 582 2668 monachis,
605 2601 723 2657 servato
746 2595 853 2657 ordine
874 2595 1008 2670 ollertur,
1032 2594 1083 2674 qui
1112 2593 1219 2660 eudem
1247 2593 1337 2655 modo

92 2693 205 2757 miculam
232 2715 269 2758 ex
291 2695 468 2775 Panagiarin
486 2697 624 2758 auferunt
645 2706 675 2758 et
696 2697 866 2759 comedunt.
910 2696 986 2758 'lum
1008 2695 1108 2759 libes
1127 2696 1230 2758 uinum
1252 2694 1338 2758 calici

93 2793 199 2858 intusum
225 2795 311 2870 bibit,
344 2815 430 2878 quem
461 2814 566 2860 omues
595 2783 761 2877 sequuntur
789 2807 821 2860 et
848 2797 951 2877 gratiis
973 2798 1035 2861 lleo
1063 2797 1139 2859 actis
1167 2797 1337 2861 discedunt.

93 2893 121 2956 Et
143 2897 185 2959 hic
210 2907 256 2963 cst
283 2899 392 2962 modus
420 2897 569 2961 exaltandi
591 2898 762 2978 Panagiam,
792 2900 926 2980 quamvis
948 2898 1000 2960 alii
1022 2898 1083 2960 alio
1106 2897 1337 2978 quoquomodo

94 3007 255 3078 praepare-nt.
292 2999 405 3062 liorem
426 3000 507 3062 nunc
528 3000 617 3062 etiam
639 2999 838 3082 imperatores
859 3001 893 3063 in
913 3018 966 3062 sua
981 3017 1086 3064 mensa
1099 3017 1237 3062 servasse
1252 2998 1339 3061 testis

94 3099 293 3164 rettudimus:
321 3101 412 3162 immo
436 3100 466 3162 in
488 3101 685 3164 saecularium
709 3101 864 3165 hominum
893 3101 1038 3164 conviviis
1060 3100 1169 3163 similis
1191 3101 1340 3164 caerimo-

94 3197 131 3258 nia
147 3203 231 3264 muris
255 3211 310 3264 est.
354 3202 436 3266 llaec
458 3202 591 3265 lllatius.
636 3203 734 3265 Etiam
759 3202 840 3283 apud
862 3202 1049 3266 Christianos
1072 3201 1274 3267 occidentales
1295 3201 1338 3260 vi-

94 3298 160 3456 {ebat
183 3311 210 3366 et
237 3303 318 3383 riget
345 3304 529 3367 consuetudo
559 3304 727 3386 reponendi
755 3304 789 3366 iu
816 3321 911 3367 coena
940 3304 1067 3366 inustum
1097 3302 1186 3383 panis
1207 3302 1338 3376 „Baetae

111 3399 240 3483 irgini“.¹)

159 3522 255 3586 llllll.
284 3523 506 3603 Synanaria,
528 3516 784 3611 Συναξᾶρια,
807 3524 900 3588 relert
919 3523 1083 3586 Passiones
1106 3533 1137 3584 et
1159 3521 1240 3585 Vitas
1262 3517 1339 3584 llar-

96 3627 177 3697 tqrum,
198 3625 227 3686 in
242 3625 375 3686 llenacis
397 3624 484 3703 longa
510 3625 714 3688 narrationum
736 3626 817 3690 sario
838 3627 980 3707 prolixas,
1004 3624 1035 3688 in
1058 3621 1270 3705 compendium
1290 3639 1340 3686 re-

95 3715 175 3786 dactas
194 3745 251 3788 una
275 3744 342 3789 cum
365 3719 517 3788 succincta
540 3727 751 3790 sollemnitatis
775 3728 923 3791 'currentis
945 3725 1143 3808 expositione.

96 3869 376 3889 ῌ-ἣ--ι-ι-

162 3959 183 4021 l)
199 3963 223 4014 Si
241 3963 313 4013 fldem
331 3962 448 4014 habemns
460 3961 624 4027 lipeteriornm
635 3963 807 4014 Lutetiensium
825 3963 947 4027 scriptori,
965 3963 1026 4013 adeo
1044 3958 1217 4013 recentissimis
1230 3967 1342 4025 tempore
1427 3975 1429 3982 ⁴

94 4037 117 4087 tl
130 4045 206 4097 rustica
223 4047 379 4113 simplicitate
396 4049 436 4113 pia
453 4047 496 4098 ¹illu
515 4047 663 4098 consuetudo
683 4048 744 4096 inter
762 4048 845 4100 Gallos
862 4047 1011 4099 obserantur.
1046 4048 1098 4097 tit.
1111 4047 1146 4096 lli.
1165 4062 1186 4096 c.
1197 4045 1228 4095 6:
1246 4045 1341 4108 „lprds

95 4126 144 4178 aruir
164 4130 195 4182 dit
211 4133 233 4183 le
256 4133 393 4184 benedicite
415 4135 429 4182 l
453 4133 525 4183 hante
542 4133 602 4194 roir,
627 4131 650 4182 le
670 4131 730 4196 pera
747 4131 881 4194 Chatelain,
904 4133 998 4184 unirent
1015 4145 1047 4182 nn
1065 4131 1119 4182 aieil
1137 4137 1161 4183 et
1178 4129 1241 4180 erint
1258 4142 1340 4190 usage,

95 4209 144 4269 ¹ill⁸
160 4227 202 4266 uae
218 4217 284 4268 cruia
302 4231 344 4268 eur
361 4231 393 4268 nn
412 4215 455 4268 dee
473 4218 544 4282 prins
561 4231 618 4267 aree
635 4215 658 4267 la
676 4217 759 4281 poinde
776 4215 806 4266 de
824 4231 870 4267 son
888 4225 990 4268 contem
1008 4223 1032 4266 et
1048 4227 1340 4279 eneonpauumoreeau,

96 4299 239 4355 epicaenum
262 4302 291 4354 le
317 4309 390 4368 part
414 4301 450 4352 de
472 4300 634 4364 ludicrae
652 4313 683 4352 ou
703 4300 725 4351 la
742 4308 797 4367 part
814 4301 846 4353 du
864 4317 968 4369 panare;
993 4301 1008 4351 il
1027 4315 1095 4351 versa
1113 4300 1206 4350 euenite
1224 4311 1255 4347 nn
1273 4309 1341 4348 aetra

96 4371 118 4423 de
134 4380 164 4430 rin
186 4399 243 4435 rona
267 4385 290 4436 la
314 4389 393 4438 meme
416 4386 551 4436 inauratior
575 4393 599 4437 et
616 4385 684 4452 plaqa
703 4385 726 4436 le
745 4393 796 4437 tout
813 4401 857 4436 eur
874 4401 921 4438 une
939 4387 1044 4445 assielte,
1068 4384 1109 4450 qui
1127 4383 1172 4434 luit
1188 4382 1340 4446 pieneement

96 4457 161 4519 tincae
177 4481 205 4518 au
223 4469 306 4522 millen
324 4471 354 4522 de
372 4470 395 4521 la
413 4469 503 4522 table.“
529 4469 675 4536 ceteroquin
686 4471 770 4522 Graeci
787 4472 859 4523 etiam
877 4479 973 4538 praeter
990 4483 1090 4520 emnam
1109 4467 1139 4518 ad
1156 4467 1222 4518 illam
1237 4468 1342 4517 cerimo-

95 4541 143 4597 uian
165 4553 314 4617 conlegiunt:
339 4570 442 4621 quaeras
460 4555 524 4620 apud
540 4556 645 4608 Gnarum
664 4554 746 4620 paca
766 4557 871 4608 oldoinm
890 4551 1017 4622 περὶτῆς
1034 4541 1342 4618 &primiflami-

94 4635 142 4684 iltt
157 4623 219 4684 ὅταν
235 4636 320 4708 μέλλῃ
337 4633 517 4707 ἀποδημῆσαι
533 4654 573 4697 τις
589 4634 621 4690 ἐν
638 4635 758 4704 ταξιδίφ.

1079 4717 1136 4772 tt*
