3336 5302
921 397 993 472 362

322 588 508 680 φωτεινῷ,
544 580 662 654 ἔνθα
690 580 870 679 ἀπέδρα
896 577 1034 678 λύπη,
1068 580 1145 656 7776
1155 581 1451 710 στεναγμὸς·
1478 581 1583 662 676-

318 707 504 765 παυσον
537 681 684 779 αὑτὴν
717 681 737 757 6
766 682 927 767 6777‘
906 692 1057 780 ημῶν,
1089 681 1168 758 καὶ
1201 680 1481 761 ἀνάπαυσον
1511 689 1584 762 αύ-

317 783 420 882 τὴν,
457 781 573 860 ὅπου
612 787 856 860 ἐπισκοπεῖ
892 783 943 860 τὸ
980 793 1077 884 φῶς
1117 794 1198 860 τοῦ
1231 783 1478 883 προςνίπου
1511 815 1582 864 σου

319 888 395 981 (lac.
422 888 496 982 36).
539 887 616 960 Ἔτι
650 887 939 984 παρακαλοῦμεν
975 910 1031 961 σε
1076 885 1286 984 μνήσθητι,
1329 886 1464 988 Κύριε,
1506 887 1584 964 πά-

319 1012 397 1118 σης
449 991 702 1115 ἐπισκοπης
753 985 991 1117 ύρθοδύξου,
1046 997 1137 1062 τῶν
1193 989 1583 1086 ύρθοτομούντων

316 1089 397 1166 τὸν
443 1087 584 1216 λόγον
625 1098 704 1188 τῆς
748 1099 827 1186 σῆς
863 1087 1115 1186 ἀληθείας,
1162 1089 1335 1175 παντὸς
1368 1100 1453 1166 τοῦ
1488 1121 1583 1188 πρε-

318 1190 600 1290 σβυτερίοο,
641 1200 719 1288 τῆς
765 1194 814 1318 ἐγ
859 1197 1050 1319 Χριστηῖ
1098 1191 1347 1276 διακονίας
1388 1197 1506 1290 (elem
1534 1199 1582 1269 15.

317 1295 382 1368 lac.
406 1296 481 1390 34),
520 1293 583 1368 καὶ
619 1291 759 1378 παντὸς
783 1293 969 1392 ἱερατικοῦ
995 1290 1195 1422 τάγματος.
1239 1293 1316 1369 Ἔτι
1340 1296 1582 1422 προςφέροιιιν

318 1419 378 1470 σοι
414 1394 564 1522 λογικὴν
600 1395 741 1492 ταύτην
778 1393 953 1495 λατρείαν
988 1394 1079 1494 ὑπὲρ
1116 1404 1181 1494 τῆς
1217 1396 1503 1496 ολιιουμένης,“
1481 1398 1583 1490 υπὲρ

317 1505 394 1592 τῆς
420 1493 576 1623 άγίας
590 1500 849 1622 καθολικης
884 1497 961 1572 7776
1002 1498 1313 1594 άποστολικῆς
1345 1498 1583 1596 ἐκκλησίας

319 1599 393 1692 (lac.
407 1597 529 1696 34),“
507 1596 600 1696 νπὲρ
626 1607 705 1672 τῶν
730 1598 820 1674 ἐν
798 1595 928 1726 αγνείᾳ
954 1599 1017 1672 καὶ
1043 1624 1097 1694 στρ
1083 1608 1159 1695 μνῆ
1187 1598 1351 1724 πολιτείᾳ
1368 1598 1581 1726 διαγόντων,

227 1773 234 1793 ,
315 1697 430 1797 ὑπὲρ
456 1707 549 1774 τῶν
574 1698 821 1790 πιστοτάτων,
846 1699 910 1775 καὶ
936 1699 1231 1799 φιλοχρίστων
1211 1709 1319 1798 ηαῶν
1343 1701 1581 1798 βασιλέων,

316 1798 456 1884 παντὸς
490 1809 558 1875 τοῦ
593 1801 789 1892 παλατίον,
824 1801 902 1877 καὶ
937 1809 1020 1877 τοῦ
1057 1801 1383 1900 στρατοπέδου
1421 1805 1580 1878 αὐτῶν·

316 1899 397 1986 δὸς
429 1901 612 1992 αὐτοῖς,
646 1901 827 2032 Κύριε,
853 1903 1092 2002 εἰρηνικὸν
1125 1903 1173 1980 τὸ
1206 1904 1534 2002 βασίλειον,”
1519 1935 1581 1980 ιια

314 2001 542 2134 καὶῆμεῖς
564 2007 612 2080 ἐν
637 2013 688 2104 τῇ
714 2001 888 2133 γαλήνη
916 2004 1070 2082 αὐτῶν
1095 2007 1269 2103 ἤρεμον
1293 2006 1372 2080 καὶ
1396 2004 1583 2103 ἡσύχιον

313 2103 427 2204 βίον
460 2101 701 2209 διάγωσιν
736 2104 857 2204 πάσῃ
894 2109 942 2181 ἐν
978 2105 1197 2206 εὑσεβεια
1235 2107 1312 2182 καὶ
1338 2105 1581 2204 σεμνότητι

317 2209 432 2302 (clem
464 2211 535 2305 15).

398 2319 436 2390 ‘0
457 2323 519 2410 μὲν
541 2319 694 2404 διάκονος
715 2321 915 2414 ἐπιστρέφει
935 2321 1021 2446 πρὸς
1041 2323 1100 2412 την
1120 2319 1232 2413 θύραν
1252 2329 1312 2391 τοῦ
1334 2319 1431 2411 ὑγίοε
1444 2322 1581 2432 βήματος

314 2430 443 2540 κρατῶν
470 2425 509 2493 τὸ
538 2421 705 2540 ‹6666707
708 2429 780 2506 τοῖς
808 2425 916 2514 τρισίν
947 2419 1060 2512 άκροτς
1092 2420 1267 2505 δακτύλοις
1297 2425 1355 2493 καὶ
1381 2426 1495 2542 λέγει·
1518 2411 1580 2486 Καὶ

315 2511 470 2588 πάντων
502 2513 565 2586 καὶ
598 2521 742 2587 πασῶν.
792 2523 830 2594 ‘0
856 2526 955 2616 χορὸς
983 2525 1123 2616 ψάλλει
1153 2512 1228 2586 Καὶ
1254 2509 1408 2587 πάντων
1433 2513 1497 2588 καὶ
1519 2541 1579 2588 πα

316 2622 406 2690 σῶν.
444 2623 575 2696 ‘066‘
565 2627 671 2715 ιερεὺς
692 2625 865 2718 ἐκφάνιος

393 2731 456 2806 Ἓν
491 2729 651 2830 πρώτοις
676 2729 883 2858 μνήσθητι,
912 2727 1039 2860 Κύριε,
1076 2739 1144 2806 τοῦ
1171 2728 1460 2860 άρχιτπισκόπου
1486 2731 1579 2829 ἡμῶν

315 2853 388 2929 (706
416 2835 582 2930 δεῖνος),
574 2833 618 2908 67
638 2832 794 2932 χάρισαι
819 2839 900 2917 ταῖς
926 2831 1074 2960 άγίαις
1075 2857 1143 2906 σου
1169 2831 1412 2960 ἐκκλησίαις’
1395 2863 1437 2908 εν
1455 2830 1577 2930 εἰρήνη,

317 2941 431 3033 σῷον,
468 2937 632 3032 ἔντιμον,
662 2933 781 3064 6776,
817 2931 1167 3062 μακροηιιερεύοντα
1203 2933 1266 3008 καὶ
1303 2934 1577 3032 ὀρθοτομοῦντα

313 3031 520 3137 τὸνλόγον
544 3045 608 3133 τῆς
634 3044 699 3134 σῆς
725 3035 913 3176 ἀληθείας.

397 3149 513 3222 Ka6‘
495 3178 514 3222 ο
543 3151 697 3233 διάκονος
722 3153 810 3265 πρὸς
836 3157 876 3242 τῇ
896 3149 988 3266 θύρᾳ
1009 3151 1100 3232 στὰς,
1122 3150 1228 3240 λέγει·
1264 3144 1332 3211 τοῦ
1368 3134 1490 3220 δεῖνος
1521 3143 1578 3210 τοῦ

313 3237 559 3338 πατριάρχου,
585 3239 919 3368 μητροπολίτου,
896 3269 919 3335 η
945 3235 1201 3327 ἐπισκόπου,’
1181 3277 1271 3332 οςης
1291 3278 1332 3319 αι
1409 3239 1474 3313 καὶ
1497 3235 1576 3330 ὑπὲρ

313 3349 382 3418 τοῦ
416 3341 724 3468 προςκομίζοντος
759 3341 807 3416 τά
841 3340 929 3443 άγια
962 3339 1069 3436 δῶρα
1094 3347 1215 3414 ταῦτα
1240 3244 1547 3434 766766676107‘
1534 3365 1570 3410 ιε

314 3443 421 3539 ρέως·
459 3442 551 3570 ὑπὲρ
588 3443 771 3540 σωτηρίας
806 3449 884 3517 τῶν
916 3439 1194 3538 εὐσεβεστάτων
1225 3441 1289 3516 καὶ
1314 3438 1576 3539 θεοφυλάκτωι

312 3544 544 3674 βασιλέων
524 3553 643 3641 ημῶν.
679 3556 717 3626 ‘0
739 3555 895 3638 διάκονος
914 3555 1111 3647 μνημονεύει
1132 3557 1175 3626 τὰ
1196 3553 1340 3640 δίπτυχα
1360 3563 1428 3671 767
1451 3555 1576 3641 ζύντιιν.

313 3644 388 3720 Καὶ
414 3642 568 3724 πάντων
592 3645 655 3721 καὶ
680 3653 825 3720 πασῶν.
858 3655 1034 3748 Ὁχορός·
1060 3644 1134 3718 Καὶ
1159 3641 1314 3720 πάντων
1338 3644 1402 3719 καὶ
1428 3669 1561 3720 πασων

733 3809 772 3879 Ὁ
793 3808 864 3880 66‘
853 3811 960 3901 ιερεύς
980 3807 1166 3896 ἐπεύχεται.

398 3913 605 4012 Μνήσθητι
633 3911 745 4042 Κύριε
780 3922 873 4040 τῆς
895 3911 1084 4002 πόλεως,
1121 3917 1169 3988 67
1205 3907 1274 4009 6
1264 3919 1574 4012 παροικοῦμεν

315 4019 429 4112 (Clem.
445 4023 516 4116 15),
542 4017 620 4092 καὶ
645 4016 793 4114 πάσης
818 4012 992 4100 πόλεως
1017 4015 1095 4090 καὶ
1117 4011 1303 4141 χώρας,
1318 4014 1397 4089 καὶ
1422 4022 1512 4090 τῶν
1534 4015 1573 4084 ἐν

312 4123 467 4194 πίστει
494 4115 797 4195 οἰκούντωνέ
803 4119 1012 4201 ναύταῖς
1031 4120 1107 4212 (lac.
1123 4119 1201 4214 34)-
1228 4113 1433 4214 μνήσθητι,
1459 4111 1573 4208 Κύριε,

312 4219 570 4308 πλεόντων,
608 4216 1015 4348 ὁδοιπορούντων,
1052 4216 1343 4346 νοσούντων,
1375 4215 1571 4336 καμνόν-

312 4345 427 4411 των,
464 4318 779 4448 αἰχμαλώτων
804 4320 882 4396 καὶ
907 4329 985 4418 τῆς
1011 4319 1242 4418 σωτηρίας
1268 4320 1439 4395 αὐτῶν·
1475 4309 1573 4414 μνή

313 4423 467 4520 σθητι,
493 4421 646 4521 Κύριε,
672 4430 768 4497 τῶν
792 4419 1225 4521 καρποφορούντων
1243 4417 1572 4546 ε’νταῖςάγίαις

314 4549 397 4598 σου
424 4524 705 4620 ἐκκλησίαις,
731 4524 809 4600 καὶ
835 4525 1147 4620 μεμνημένων
1166 4531 1260 4598 τῶν
1256 4519 1569 4650 πενήτωνίλοι.

313 4627 393 4724 34)·
420 4627 482 4700 καὶ
509 4627 568 4700 ἐπὶ
593 4624 736 4709 πάντας
760 4625 859 4724 ἡμᾶς
884 4625 930 4699 τὰ
957 4626 1034 4724 ε’λέη
1061 4650 1129 4700 σου
1155 4622 1421 4710 ἐξατύστιιλοι.
