3416 5290
718 385 790 460 689

112 565 250 653 τελετῆς
280 561 300 631 δ
326 564 483 651 βασιλεὺς
508 564 567 655 τὴν
596 561 686 636 ἱδίαν
707 562 862 648 ιιὶςαύτως
882 566 1000 660 στέφει
1020 573 1166 656 γυναῖκα.
1209 561 1329 652 Αὖθις
1351 572 1389 642 δέ

114 662 306 756 ἀμφότεροι
328 666 387 734 ἐπὶ
407 665 467 757 τὴν
487 662 684 756 ἀναβάθραν
706 664 929 754 ἀνερχόμενοι,
949 675 1117 757 καθῆνται
1137 669 1197 738 ἐπί
1217 677 1283 737 τῶν
1302 669 1390 760 θρό-

113 792 187 847 νων,
209 773 273 856 τῆς
294 760 395 858 ἀλλης
414 767 645 857 μυσταγωγίας
661 769 868 860 τελουμένης.
887 765 1084 856 Ἀιδσμένου
1098 770 1212 856 μέντοι
1225 778 1286 840 τοῦ
1299 796 1389 861 τρις-

114 865 210 956 αγίου
232 864 257 957 η’
277 875 345 936 τῶν
364 866 596 940 ἀποστολικῶν
615 875 753 961 γραφῶν
772 866 794 959 ἢ
815 875 881 938 τῶν
899 867 1007 940 θείων
1026 870 1147 958 λογίων
1168 867 1389 961 ἀναγινωσκο-

112 969 232 1055 μένων,
256 967 449 1040 ἀνίστανται
468 970 526 1039 καὶ
547 967 653 1040 αύτοί.
694 965 749 1054 Ἐξ
769 967 932 1057 ἑκατέρων
953 971 991 1042 δέ
1011 976 1077 1040 τῶν
1096 980 1157 1042 τοῦ
1176 979 1259 1041 ναοῦ
1278 982 1388 1062 μερῶν

113 1070 173 1140 ἐπὶ
196 1069 337 1154 ξυλίνων
358 1069 560 1162 ἀναβαθρῶν
581 1070 629 1153 εἱς
651 1068 733 1142 αύτδ
754 1079 852 1141 τοῦτο
875 1073 1111 1164 πεποιημένων
1133 1071 1166 1144 οἱ
1180 1075 1388 1164 πρωτοψάλ-

111 1197 168 1240 ται
190 1170 367 1260 ἱστάμενοι
393 1173 449 1242 καὶ
472 1174 661 1260 δομεστικοὶ
682 1171 853 1263 λεγόμενοι
873 1175 931 1242 καὶ
952 1175 1061 1264 έτεροι
1080 1182 1139 1265 τῆς
1160 1175 1387 1266 έκαιλησιαστι-

110 1271 320 1361 κῆςπάξεως
341 1270 434 1366 ἀδοιν
455 1273 591 1357 ιὶδότες,
614 1269 672 1355 οἱὶς
689 1275 748 1343 έπὶ
762 1281 822 1364 τῆς
834 1274 991 1367 τοιαύτης
1003 1279 1136 1366 τελετῆς
1148 1275 1290 1366 τράκτας
1304 1275 1387 1359 ἀθος

111 1371 291 1462 ὀνομάζειν
318 1375 399 1459 ἐστὶ,
425 1377 509 1466 μέλη
536 1376 611 1446 τινὰ
638 1371 777 1467 ᾷδουσιν
803 1375 994 1468 ἐξεπίτηδες
1021 1381 1259 1463 συντεθειμένα
1280 1375 1387 1466 ἀρμέ-

112 1479 211 1560 ζοντα
238 1483 282 1568 τῇ
309 1475 416 1569 ἑορτῇ.
463 1483 531 1566 Τῆς
556 1475 701 1568 μεγάλης
729 1479 766 1546 δέ
787 1475 918 1558 εἱςόδου
939 1477 1000 1548 ἐπὶ
1020 1485 1080 1568 τῆς
1101 1475 1192 1566 ἱερᾶς
1212 1501 1387 1567 μυσταγω-

109 1577 187 1667 γίας
206 1579 386 1668 λεγομένης
406 1571 471 1669 ἤδη
493 1576 682 1670 ἀρχομένης,
711 1576 745 1646 οἱ
764 1585 825 1667 τῆς
846 1577 1017 1668 ἐκκλησίας
1037 1577 1298 1670 ἐπιφανέστεροι
1321 1588 1387 1649 τῶν

111 1679 277 1750 διακόνων
298 1679 468 1768 ἀρχόμενοι
488 1681 752 1770 προςκαλσῦνται
777 1679 837 1747 τὸν
855 1679 1012 1764 βασιλέα·
1041 1677 1060 1750 δ
1083 1682 1121 1750 δέ
1142 1679 1191 1761 εἱς
1210 1681 1270 1770 την
1291 1684 1386 1770 λεγο-

109 1783 212 1871 μένην
234 1779 415 1868 πρόθεσιν,
438 1779 524 1850 ἔνθα
543 1782 586 1851 τὰ
608 1779 687 1870 ἀγια
707 1785 825 1862 κεῖται,
848 1778 979 1869 ἔρχεται
997 1777 1068 1867 μετ’
1093 1777 1210 1850 αὐτῶν.
1238 1778 1325 1864 ’Ἐξω
1349 1785 1386 1854 δέ

111 1879 292 1968 ἱστάμενος
320 1891 381 1972 τῆς
406 1883 619 1971 προθέσεως,
651 1880 890 1970 περιβάλλεται
917 1879 1066 1968 μανδύαν
1091 1889 1232 1966 χρυσοῦν
1260 1883 1320 1952 ἐπὶ
1346 1885 1385 1952 τδ

111 1981 265 2074 διάδημα
284 1986 341 2052 καλ
360 1985 420 2074 τὴν
441 1984 618 2074 πορφύραν
639 1983 696 2053 καὶ
716 1991 756 2074 τῇ
777 1984 838 2071 μέν
860 1985 955 2075 δεξιᾷ
974 1983 1060 2071 χειρὶ
1080 1985 1211 2066 κατέχει
1232 1985 1383 2072 σταυρὸν,

110 2077 149 2152 όν
171 2083 259 2166 ι’έθος
277 2084 426 2169 κατέχειν
446 2083 526 2154 ὅσον
547 2083 588 2155 ἀν
606 2083 723 2174 χρόνον
743 2085 782 2153 τὸ
804 2085 935 2171 στέμμα
958 2090 1055 2174 φορᾷ,
1082 2090 1123 2174 τῇ
1145 2085 1182 2154 δέ
1203 2087 1285 2176 λαιᾷ
1305 2083 1385 2173 νάρ-

110 2191 203 2277 θηκα
226 2190 385 2277 φέροντες
407 2183 647 2275 ἐγχειρίζουσιν,
669 2184 751 2266 ῶςτε
770 2184 865 2267 τάξιν
887 2184 1155 2275 ἐκκλησιαστικήν
1174 2186 1234 2274 την
1254 2189 1385 2254 τοῦδε-

110 2285 265 2356 ποτάτσο
287 2287 464 2374 λεγομένου
486 2287 633 2371 ἐπέχειν·
655 2280 677 2354 ἀ
699 2283 907 2378 ἀμφοτέραις
928 2284 1020 2370 ἔχων,
1043 2293 1102 2375 τῆς
1123 2283 1252 2366 εἱςόδου
1273 2284 1385 2378 πάσης

109 2385 243 2477 ἡγεῖται
270 2395 330 2478 τῆς
358 2385 458 2476 ἱερᾶς.
499 2385 554 2470 Ἐξ
580 2385 742 2476 ἑκατέρων
770 2388 807 2456 δέ
834 2384 937 2456 αὐτοῦ
957 2394 1066 2477 μερῶν
1087 2387 1171 2456 κατὰ
1191 2389 1234 2456 τά
1256 2386 1384 2476 πλάγια

110 2491 149 2557 οῦ
165 2513 204 2558 τε
225 2490 305 2570 τούς
325 2491 477 2571 πελέκεις
497 2487 624 2574 ἔχοντες
638 2487 808 2578 Βάραγγοι
829 2486 1152 2577 προςαγορευόμενοι
1165 2489 1222 2558 καὶ
1235 2489 1306 2560 νέοι
1319 2495 1385 2560 τῶν

109 2587 323 2676 εὐπατριδῶν
348 2595 427 2682 περὶ
455 2587 572 2662 ἑκατὸν
595 2588 802 2678 ὡπλισμένοι
830 2593 1027 2678 διαπρεπῶς
1052 2590 1265 2677 παρέπουται
1285 2587 1307 2679 ἢ
1327 2590 1385 2660 καὶ

108 2683 273 2762 ἀέναπλοι·
295 2691 365 2766 κατ’
388 2691 525 2763 εῦθεῖαν
547 2694 585 2762 δέ
604 2690 674 2780 μετ’
699 2689 799 2762 αὐτὸν
820 2695 856 2761 οῖ’
873 2718 911 2761 τε
932 2692 1083 2762 διάκονοι
1102 2693 1223 2784 έφεξᾷς
1243 2693 1385 2760 ἕπονται

108 2792 168 2860 καῖ
191 2790 226 2860 οἱ
248 2791 356 2881 ἱερεῖς,
380 2791 510 2863 ἔπιπλά
532 2795 643 2863 τεκαὶ
666 2791 763 2883 σκεύη
784 2801 850 2861 τῶν
872 2791 967 2882 ἱερῶν
987 2794 1045 2862 καὶ
1059 2790 1143 2862 αύτά
1157 2796 1198 2862 τὰ
1214 2791 1383 2881 ἁγιώτατα

108 2891 364 2982 ἐπιφερόμενοι.
396 2894 464 2960 Τόν
485 2895 522 2962 δέ
544 2896 624 2963 ναὸν
644 2893 881 2982 περιελθόντες
901 2895 985 2963 κατὰ
1007 2893 1045 2962 τὸ
1061 2891 1153 2974 ἔθος,
1176 2893 1316 2963 ἐπειδάν
1329 2896 1384 2982 γέ-

108 3017 223 3062 νοιντο
251 2993 286 3061 ἐν
312 2998 359 3083 τῷ
386 2994 506 3084 σωλέᾳ,
535 2991 569 3062 οἱ
593 2994 654 3079 μέν
675 2989 772 3062 ἀλλοι
793 2992 917 3075 πάντες
940 2991 1070 3063 ἱστᾶσιν
1091 2993 1193 3074 ἐκτὸς,
1223 2991 1324 3076 αύτδς
1345 2995 1383 3064 δέ

108 3092 215 3182 μόνος
237 3093 459 3182 εἱςερχόμενσς
478 3094 536 3163 τὸν
557 3094 694 3176 σωλέαν,
716 3094 774 3163 τὸν
794 3092 999 3186 πατριάρχην
1022 3092 1081 3165 ἐπὶ
1102 3101 1177 3175 ταῖς
1193 3093 1299 3184 ἱεραῖς
1312 3120 1383 3183 κιγ-

108 3195 220 3267 κλίσιν
237 3195 397 3288 ἑστηκότα
411 3193 562 3288 εύρίοκει.
590 3193 921 3284 Προςαγορεύσαντες
936 3198 973 3268 δέ
988 3193 1160 3284 ἀλλήλους,
1183 3193 1202 3264 ὁ
1217 3195 1383 3285 πατριάρ-

108 3325 169 3390 χης
195 3299 258 3385 μέν
285 3299 447 3386 ἐσωτέρω,
476 3295 539 3380 ἔξω
569 3293 602 3365 δ’
626 3293 645 3366 δ
665 3297 823 3384 βασιλεύς
843 3298 1078 3385 περιμένουσιν
1098 3296 1249 3378 ἑστῶτες·
1280 3295 1383 3380 εὐθὺς

111 3403 150 3471 δέ
177 3397 199 3470 δ
224 3401 310 3488 μετὰ
337 3400 395 3469 τὸν
420 3401 564 3486 βασιλέα
591 3406 656 3466 τῶν
682 3393 793 3468 ἀλλων
818 3395 1000 3489 ἡγούμενος
1026 3397 1198 3482 διακόνων,
1226 3405 1265 3490 τῇ
1288 3401 1382 3491 δεξιᾷ

109 3504 173 3588 μέν
199 3503 343 3588 κατέχων
371 3501 549 3587 θυμιατῦν,
578 3507 618 3592 τῇ
647 3501 685 3570 δέ
713 3497 811 3592 ἑτέρᾳ
837 3501 877 3570 τὸ
898 3507 958 3569 τοῦ
979 3498 1185 3589 πατριάρχου
1207 3499 1383 3590 λεγόμενον

110 3601 293 3696 μαφόριον,
320 3603 379 3671 τδν
404 3603 547 3689 βασιλέα
568 3602 700 3688 παριὼν
719 3608 846 3692 θυμιᾷ·
873 3600 1043 3684 κλίναντες
1065 3603 1103 3671 δέ
1125 3599 1226 3670 αύτοῦ
1247 3604 1307 3692 τὴν
1327 3627 1382 3672 κε-

112 3707 234 3796 φαλὴν,
261 3703 288 3774 δ’
310 3703 463 3786 διάκονος
490 3702 538 3784 εἱς
566 3701 710 3793 ἐπήκοον
736 3701 870 3770 πάντων
891 3702 1077 3795 ,μνησθείη
1098 3701 1249 3793 κύριοςὸ
1275 3705 1383 3786 Θεδςη

112 3809 200 3896 λέγει
222 3812 306 3890 ,τοῦ
326 3805 466 3895 κράτους
494 3812 552 3895 τῆς
571 3801 746 3891 βασιλείας
766 3801 857 3889 ύμῶν
879 3804 914 3873 έν
933 3812 974 3896 τῇ
994 3803 1152 3896 βασιλείᾳ
1173 3802 1275 3875 αὐτοῦ
1295 3805 1382 3875 πάν-

111 3934 198 3992 τοτε,
227 3916 284 3977 νῦν
311 3908 368 3976 καί
395 3904 449 3976 ἀεὶ
474 3907 531 3975 καὶ
557 3904 607 3988 εἷς
626 3905 705 3986 τοὺς
726 3904 851 3986 αἱῶνας
870 3912 936 3974 τῶν
958 3904 1119 3989 αἱῶνων“,
1141 3905 1305 3996 ἐπιλέγων
1325 3907 1382 3976 καὶ

111 4012 149 4081 τὸ
179 4010 275 4100 ἀμήν.
317 4007 455 4101 Ἐφεξᾷς
483 4009 521 4077 δέ
547 4008 606 4078 καὶ
633 4005 665 4076 οἱ
694 4007 811 4076 λοιποὶ
833 4004 982 4076 διάκονοι
1004 4007 1184 4096 παριόντες
1204 4008 1260 4078 καὶ
1283 4004 1382 4095 ἱερεῖς

111 4113 245 4201 λέγουσι
265 4113 304 4182 τὸ
327 4109 419 4180 αύτύ.
465 4107 594 4179 Τούτου
617 4109 654 4179 δέ
674 4111 900 4191 τελεσθέντος,
922 4106 940 4177 ό
962 4111 1119 4196 βασιλεύς
1138 4111 1195 4178 τδν
1216 4106 1383 4198 πατριάρ-

110 4239 168 4304 χην
188 4211 468 4304 προςαγορεύσας,
491 4210 677 4281 ἀποδύεται
697 4211 755 4280 τὸν
774 4208 933 4297 μανδύαν.
963 4213 1034 4281 Καὶ
1054 4212 1112 4282 τὸν
1132 4211 1193 4298 μέν
1215 4208 1233 4280 ό
1254 4219 1313 4300 τῆς
1328 4211 1381 4280 ἐκ·

111 4313 248 4408 κλησίας
268 4312 543 4408 ῥαιφερενδάριος
564 4310 775 4404 ἀποφέρεται
797 4311 896 4392 (ούτω
917 4313 979 4403 γὰρ
1002 4311 1106 4395 ἔθος),
1128 4309 1147 4382 ό
1167 4313 1324 4398 βασιλεὺς
1346 4310 1379 4380 δ’

113 4412 171 4486 έπῖ
197 4416 256 4506 τὴν
286 4414 483 4504 ἀναβάθραν
509 4413 731 4506 ἀνερχόμενος,
762 4415 822 4485 ἐπὶ
847 4422 908 4484 τοῦ
937 4413 1063 4506 θρόνου
1090 4411 1239 4506 κάθηται
1264 4412 1378 4495 πάλιν,

111 4525 170 4588 τοῦ
192 4516 360 4605 συμβόλου
381 4527 441 4611 τῆς
461 4517 606 4600 πίστεως
626 4524 685 4609 τῆς
705 4543 742 4586 τε
762 4523 945 4609 προςευχᾷς
965 4523 1025 4586 τοῦ
1045 4514 1152 4606 πάτερ
1173 4514 1265 4607 ἡμῶν
1286 4517 1380 4604 λεγο-

109 4621 217 4703 μένων
237 4621 294 4691 καὶ
314 4627 375 4712 τῆς
394 4619 557 4713 ἑψιόσεως
577 4619 749 4712 γινομέτης
768 4627 829 4690 τοῦ
851 4622 1051 4690 δεσποτικοῦ
1070 4618 1128 4688 καὶ
1149 4615 1245 4709 ἁγίου
1266 4615 1381 4706 σῶμα-
