3378 5302
693 429 762 502 161

89 609 201 688 θεὸν
224 619 322 688 τῶν
347 609 488 702 ὅλων,
513 608 881 712 εὐχαριστήσας,
918 611 1196 720 εὐλογήσας,
1232 617 1364 723 ἅγιά·

90 737 186 804 σας,
212 709 411 803 κλάσας,
443 708 640 790 διέδωκε
665 720 763 799 τοῖς
791 714 928 818 [ἁγίοις
951 717 1016 794 καὶ
1039 718 1253 821 μακαρίοις]
1283 723 1361 799 αῦ-

87 821 166 1016 ρῖοῦ
190 815 536 946 μαθηταῖςκαὶ
561 813 864 909 ἀποστόλοις,
890 813 1044 898 ελπιόν.
1068 830 1254 927 Ἐκφάνους.
1275 822 1368 900 Λά-

118 947 206 1008 ετε,
235 943 422 1022 φαγετε.

608 1011 647 1085 ‘O
669 1011 833 1098 διάκονος.

148 1099 370 1178 Ἔκτείνατε.

550 1195 589 1269 ‘O
611 1197 719 1291 ίερεῦς
740 1197 908 1294 ἐκφάτως.

161 1311 314 1380 Τοῦτο
349 1299 440 1406 γάρ
476 1305 576 1380 ἐστι
610 1305 661 1381 τὸ
698 1304 831 1404 σῶμά
866 1335 958 1404 μου
992 1309 1043 1386 τὸ
1078 1305 1192 1409 ὑπὲρ
1231 1309 1368 1409 ’ὑμῶν

89 1407 328 1504 κλῶμενον
352 1403 429 1481 καὶ
454 1400 802 1506 διαδιδόμενον
827 1415 891 1495 ελς
918 1409 1091 1514 ἄφεσιν
1107 1411 1356 1515 άμαρτιῶν

645 1535 685 1609 ‘O
712 1537 806 1624 λαός.

149 1619 285 1723 Ἀμήν·
459 1719 471 1749 .
521 1721 533 1748 .
594 1723 604 1750 ,

458 1724 498 1792 ,0
521 1749 628 1813 ιερευς
648 1723 738 1813 λέγει
759 1723 991 1815 έπευχόμενος.

154 1823 390 1913 Ὡςαῦτοις
423 1827 502 1902 καὶ
536 1828 586 1904 τὸ
621 1826 851 1931 ποτήριον
886 1830 1003 1930 μετὰ
1037 1832 1088 1908 τὸ
1115 1833 1367 1934 δειπνήσαι

89 1927 265 2028 λοβῶν,
291 1929 371 2006 καῖ
395 1926 597 2028 κεράσας
620 1933 668 2018 ἐξ
693 1935 827 2008 οίνου
850 1929 1137 2024 καῖῦδατος,
1164 1936 1368 2034 ἀναβλέ-

88 2051 174 2128 ψας
209 2035 278 2116 ελς
311 2029 396 2108 τὸν
430 2030 638 2130 οὐρανὸν
673 2032 789 2132 πρὸς
813 2033 870 2108 ’σί
907 2032 990 2111 τὸν
1014 2035 1142 2112 ’ίδιον
1167 2038 1366 2135 πατέρα,

88 2131 198 2208 θεὸν
224 2129 275 2208 δέ
300 2131 434 2230 ἡμῶν
456 2130 536 2208 καῖ
562 2131 678 2210 θεὸν
702 2141 795 2210 τῶν
821 2133 962 2225 ὅλων,
998 2135 1366 2238 εὐχαριστήσας,

88 2231 370 2337 εὐλογήσας,
411 2229 587 2332 πλήσας
621 2231 892 2332 πνεύματος
926 2235 1065 2340 ἁγίου
1078 2295 1092 2330 ,
1134 2238 1368 2336 μετέδωκε

88 2341 181 2421 τοῖς
207 2333 348 2439 [άγίοις
371 2333 437 2411 καῖ
461 2332 674 2436 μακαρίοις]
711 2336 857 2414 αὐτοῦ
881 2343 1125 2438 μαθηταῖς
1149 2341 1228 2417 καῖ
1254 2342 1368 2418 ἀπο-

88 2434 290 2528 στόλοις,
316 2433 483 2528 εῖποίν,
503 2447 688 2542 Ἐκφώυως.
714 2435 912 2554 πίετεέξ
936 2439 1084 2517 αὐτοῦ
1109 2437 1293 2530 πάντες.
1357 2449 1360 2456 '

614 2565 654 2637 ‘O
676 2565 841 2654 διάκονος.

151 2657 229 2732 Ἔτι
254 2654 450 2732 ἐκτείνατε.

546 2784 585 2856 ‘0
608 2785 715 2877 ίερεῦς
736 2785 905 2881 ἐκφάτως.

164 2899 314 2970 Τοῦτο
372 2889 426 2992 άρ
453 2891 627 2968 ἔστιτὸ
654 2890 771 2989 αἷμά
796 2921 887 2991 μου
912 2892 963 2970 τὸ
988 2895 1368 2993 τήςκαινήςδια-

88 2993 262 3093 θήκης,
305 2920 366 3070 τό
393 2992 507 3092 ὑπὲρ
542 2991 678 3092 ὑμῶν
712 2995 791 3070 καὶ
825 3003 1010 3074 πολλῶν
1045 2997 1368 3097 έκχυνόμενον

89 3099 160 3172 καὶ
184 3094 537 3194 διαδιδόμενον
561 3101 626 3180 είς
651 3096 825 3194 ἄφεσιν
851 3095 1108 3197 ἁμαρτιῶν.

644 3239 684 3311 Ὁ
713 3241 806 3324 λαός.

151 3329 284 3430 Ἀμήν.

499 3425 539 3496 Ὁ
561 3427 668 3519 ἱερεὺς
689 3424 821 3515 εῖχετοιι
841 3427 958 3510 οὕτως.

164 3540 314 3611 Τοῦτο
339 3537 515 3607 ποιεῖτε
541 3537 606 3617 ελς
630 3534 714 3630 τὴν
733 3531 853 3632 ,ἐμήν
879 3529 1159 3630 ἀνάμνησιν.
1182 3529 1369 3619 Ὁσάκις

89 3635 170 3738 γάρ
206 3634 266 3711 ἂν
301 3633 494 3732 ἐσθίητε
519 3634 603 3710 τὸν
629 3635 774 3733 ἄρτον
799 3643 990 3725 τοῦτον,
1026 3633 1190 3731 πίνητε
1216 3633 1265 3711 δέ
1291 3637 1369 3712 καὶ

90 3733 313 3837 ποτήριον
337 3741 498 3824 τοῦτο,
524 3734 606 3812 τὸν
632 3736 747 3832 ἐμὸν
772 3733 991 3812 θάνατον
1007 3737 1367 3839 καταγγέλλετε,

14 3935 15 3938 ¹
89 3839 161 3914 καῖ
184 3838 272 3935 τήν
297 3835 413 3936 ἐμὴν
438 3832 706 3914 ἀνάστασιν
721 3835 798 3912 καὶ
817 3834 1057 3936 ἀνάληψιν
1074 3836 1368 3940 ὁμολογεῖτε,

91 3941 220 4040 ἄχρις
256 3933 310 4015 οὗ
342 3937 400 4013 άν
435 3939 570 4014 έλθω.
628 3936 717 4013 Τὸν
741 3935 980 4028 θάνατον,
1008 3937 1212 4014 δέσποτα
1237 3937 1368 4036 κύριε

90 4038 413 4142 παντόκρατορ
440 4037 694 4139 ἐπουράνιε
719 4041 936 4137 βασιλεῦ,
969 4047 1052 4114 τοῦ
1076 4047 1369 4143 μονογενοῦς

91 4167 166 4218 σου
198 4143 328 4232 Υἱοῦ,
365 4141 533 4240 κυρίου
568 4137 617 4215 δέ
649 4140 728 4216 καὶ
752 4143 870 4216 θεοῦ
895 4139 973 4216 καῖ
998 4149 1210 4240 σωτῆρος
1233 4139 1368 4237 ἡμῶν

14 4255 15 4260 ’
84 4244 229 4342 Ἰησοῦ
253 4250 469 4344 Χριστοῦ
503 4243 926 4372 καταγγέλλοντες,
959 4240 1037 4317 καὶ
1068 4241 1153 4338 τήν
1176 4238 1367 4339 τριήμε-

14 4411 15 4436 ff
92 4374 168 4442 ρον
208 4347 290 4422 καὶ
333 4342 580 4444 μακαρίαν
620 4351 768 4420 αυτοῦ
804 4345 851 4420 ἐκ
887 4349 1065 4442 νεκρῶν
1101 4336 1369 4418 ἀνάστασιν

93 4447 460 4553 ὁμολογοῦντες,
501 4443 580 4521 καὶ
620 4446 704 4542 τήν
747 4449 812 4530 εὶς
856 4441 1091 4546 οὐρανοὺς
1126 4439 1367 4542 ἀνάληψιν

14 4571 15 4574 ’
94 4549 436 4654 ὁμολογοῦμεν,
463 4546 542 4622 καῖ
566 4545 650 4644 τήν
675 4551 722 4622 έκ
748 4545 916 4632 δεξιῶν
942 4569 1025 4620 σου
1045 4551 1128 4618 τοῦ
1149 4547 1268 4619 θεοῦ
1287 4543 1366 4620 καὶ

94 4653 261 4757 πατρὸς
285 4649 557 4749 καθέδραν,
589 4648 668 4724 καὶ
698 4648 781 4745 τὴν
806 4646 1037 4747 δευτέραν
1062 4644 1140 4720 καὶ
1166 4645 1368 4746 φρικτήν

120 4776 154 4822 ιτ.
1131 4763 1160 4814 11
