3394 5308
12 451 13 478 ι

12 507 14 544 λ

12 563 14 604 Ι

12 607 13 634 ι

682 417 727 492 51

147 601 183 675 V·
208 611 280 682 Καὶ
301 612 390 727 μετά
409 618 510 682 τούτο
531 639 550 682 ο
539 609 726 696 ’διάκονος
742 613 876 704 λεγέτω,
892 601 1144 702 πφθὲλθεῒε
1109 631 1144 678 οι
1160 601 1344 699 κατηχού-

12 777 13 782 ,
71 730 168 798 μενοι
195 703 292 776 ἐν’
261 697 402 828 ειφήνῃ
436 715 509 784 Καὶ
528 715 614 802 μετὰ
627 742 666 831 τρ
653 713 890 799 ἐξελθεῖν’
849 718 980 801 αυτούς,
1002 719 1141 882 λεγέτω·
1166 706 1343 791 Εύξασθε

72 805 101 878 ολ
123 798 387 932 ἐνεργούμενα
411 801 486 878 ἀπὸ
511 801 738 900 πνευμάτων
763 802 1049 934 ἀκαθάρτωνε
1050 808 1219 906 κτενῶςί)
1247 805 1343 884 πάν-

71 936 122 992 τες
146 905 240 1000 ὑπὲρ
268 905 399 981 αὐτῶν
424 902 522 1002 δεηθ
522 911 637 1000 ῶμεν,
673 906 773 991 ὅπως
804 907 825 984 5
859 904 1130 1008 φιλάνθρωπος
1158 909 1245 993 Θεὸς
1278 907 1342 984 διδ

71 1013 234 1134 Χριστοῦ
268 1003 463 1104 ἐπιτιμήσῃ
495 1012 574 1091 τοῖς
599 1005 832 1106 ἀκαθάρτοις
856 1011 920 1086 καὶ
944 1017 1118 1110 πονηροῖς
1143 1008 1344 1108 πνεύμασι,

71 1111 126 1186 καὶ
152 1107 310 1206 ῥύσηται
333 1106 422 1193 τούς
447 1108 567 1184 αὐτοῦ
590 1109 792 1208 ixe‘tac2)
772 1110 846 1188 απὸ
870 1121 936 1209 τῆς
960 1119 1029 1188 τοῦ
1054 1111 1251 1242 ἀλλοτρίου
1274 1140 1343 1187 κα-

72 1209 355 1294 τσδυναστείας·
371 1207 622 1306 ὃέπιτιμήσας
634 1239 688 1310 τιρ
671 1219 855 1343 ’λεγεῶνι
868 1223 948 1289 τῶν
961 1209 1263 1311 δαιμόνωνωοιο.
1271 1236 1291 1296 5
1293 1231 1342 1308 9)
1416 1267 1419 1277 =

71 1343 126 1387 κω
150 1321 207 1411 τῷ
234 1307 431 1437 ἀρχεκάκῳ
457 1309 666 1440 διαβόλῳέ
667 1311 842 1441 πιτιμήση
861 1313 974 1399 αὐτὸς
989 1315 1053 1390 καὶ
1067 1324 1141 1392 νῦν
1156 1322 1233 1403 τοῖς
1250 1315 1343 1390 ἀπο-

73 1412 220 1498 στάταις
243 1421 309 1510 τῆς
334 1411 534 1508 εὐσεβείας,
559 1414 623 1489 καὶ
648 1412 803 1513 ῥύσηται
828 1415 876 1491 τά
897 1419 1035 1492 ἑαυτοῦ
1050 1414 1289 1513 πλάσματα’
1269 1414 1343 1491 απὸ

73 1525 126 1612 τῆς
151 1513 340 1642 ἐνεργείας
366 1515 497 1604 αὐτοῦ,
523 1515 587 1590 καὶ
611 1517 803 1616 καθαρίσῃ
830 1518 940 1608 αυιά,
968 1520 992 1594 ἀ
1017 1519 1111 1615 μετὰ
1128 1527 1263 1615 πολλῆς
1279 1541 1345 1592 σο-

74 1619 154 1717 ριίις
188 1615 372 1712 ἐποίησεν.
416 1618 534 1691 ’Ἐπ’
518 1626 673 1703 εκτενῶς
697 1617 790 1714 ὑπὲρ
817 1621 946 1698 αὐτῶν
971 1620 1183 1719 δεηθῶμεν,
1219 1628 1344 1694 σῶσον

74 1893 141 1942 τοῦτο
159 1889 209 1942 καλ
227 1887 354 1956 ἐκτενῶς,
372 1885 452 1956 φησί,
469 1885 626 1956 δεηθῶμεν,
643 1888 690 1940 ἵνα
706 1886 747 1958 μῆ
765 1885 802 1948 ὡς
818 1887 977 1960 ἀλλοτρίους
993 1887 1162 1962 ἀποποιήση,
1188 1892 1234 1942 ἵνα
1251 1887 1291 1961 μή
1309 1890 1347 1950 ῶς

74 1975 158 2033 ξένους
184 1967 329 2043 ἀγνοήση·
359 1967 470 2024 οὐδέπω
492 1969 547 2040 γὰρ
571 1967 655 2039 εὐχῆν
678 1970 772 2040 ἔχουσι
789 1969 837 2038 τήν
854 1976 1060 2043 νενομισμένην
1077 1975 1126 2026 καὶ
1142 1977 1346 2042 εἰςενεχθεῖσαν

73 2053 119 2110 ἀπὸ
143 2059 194 2110 τού
213 2055 349 2124 Χριστοῦ,
368 2051 478 2108 οὐδέπω
495 2055 655 2127 παρρησίαν
671 2057 821 2124 κέκτηνται,
845 2053 901 2108 ἀλλ’
922 2055 1022 2126 ἑτέρων
1039 2055 1148 2110 δέονται
1164 2057 1220 2110 τῶν
1235 2070 1347 2128 μυστα-

73 2145 269 2211 γιιγηθέντων·
288 2139 341 2201 ἔξω
359 2137 414 2212 γάρ
431 2139 487 2193 τῶν
502 2139 653 2207 βασιλικῶν
668 2136 816 2207 ἑστήκασιν
832 2137 935 2207 αὐλῶν,
951 2137 1046 2210 πόῤῥω
1063 2157 1119 2194 των
1135 2141 1219 2211 ἱερῶν
1230 2134 1346 2212 περιβό-

73 2228 134 2278 λιιν·
153 2222 209 2292 Ιδιά
235 2225 319 2277 τοῦτο
345 2225 394 2276 καλ
415 2219 620 2276 ἀπελαύνονται
642 2226 698 2277 τῶν
720 2226 844 2296 φρικτῶν
860 2223 951 2294 εὐχῶν
969 2225 1083 2280 ἐκείνων
1099 2228 1271 2297 γινομένων·
1298 2220 1346 2278 διά

73 2315 140 2364 τοῦτο
167 2313 221 2362 καί
243 2321 276 2361 σε
294 2307 458 2376 παρακαλεῖ,
477 2306 589 2360 δεῖσθαι
605 2304 676 2378 ύπὲρ
695 2306 795 2375 αὐτῶν,
813 2311 859 2362 ἵνα
877 2310 947 2379 μέλη
964 2312 1100 2379 γένωνται
1117 2310 1163 2376 σά,
1187 2307 1290 2382 ἵναμή
1308 2307 1348 2364 ἔτι

73 2383 116 2447 ύσι
141 2395 216 2454 ξέναι
240 2393 291 2444 καλ
314 2390 539 2461 ἠλλοτριωμένου·
567 2389 598 2446 τὸ
614 2390 679 2464 γάρ,
698 2392 854 2466 δεηθῶμεν,
880 2393 912 2446 οὐ
931 2397 988 2453 τοῖς
1003 2394 1105 2465 ἱερεῦσι
1121 2396 1229 2464 λέγεται
1245 2389 1348 2464 μόνον,

72 2474 137 2532 ἀλλὰ
151 2480 198 2531 καλ
215 2481 276 2536 τοῖς
292 2477 333 2536 είς
349 2473 398 2528 τὸν
413 2475 482 2530 λαὸν
499 2478 692 2531 συντελοῦσιν·
709 2473 778 2531 όταν
794 2476 848 2547 γὰρ
861 2481 933 2550 είπη,
950 2477 1061 2547 στῶμεν
1073 2480 1171 2544 καλῶς,
1190 2477 1347 2549 δεηθῶμεν,

73 2560 171 2622 πάντες
191 2562 235 2621 τίς
252 2556 303 2627 τήν
320 2556 405 2628 εύχῆν
422 2563 586 2630 παρακαλεῖ.
621 2555 680 2614 εἶτα
697 2557 855 2633 ἀρχόμενος
870 2563 916 2628 τῆς
932 2560 1014 2630 εὐχῆς
1029 2567 1131 2632 φησίν·
1158 2564 1205 2614 ἵνα
1232 2559 1247 2614 ὁ
1270 2579 1348 2614 παν-

74 2643 189 2716 ελεήμοιν
214 2645 266 2698 καλ
283 2645 434 2714 οἰκτίρμων
453 2643 521 2704 Θεός
537 2642 678 2718 ἐπακούσῃ
694 2647 750 2699 τῶν
766 2641 890 2713 δεήσεων
905 2646 1009 2699 αὐτῶν·
1036 2649 1083 2703 ἵνα
1100 2645 1224 2718 διανοίξη
1240 2641 1275 2700 τά
1291 2639 1348 2700 ὦτιι

75 2737 120 2784 τῶν
142 2728 285 2801 καρδιῶν·
313 2725 379 2788 ῶςτε
405 2725 523 2783 ἀκούσαι
539 2721 557 2782 ἀ
576 2725 725 2801 ὀφθαλμὸς
742 2729 792 2784 οὐκ
809 2723 877 2832 εἶδε,
903 2719 1015 2790 καλούς
1033 2728 1083 2784 οὐκ
1100 2723 1209 2798 ῆκουσε,
1235 2731 1284 2782 καλ
1300 2729 1349 2784 ἰπλ

75 2816 184 2886 καρδίαν
208 2810 367 2884 ἀνθρώπου
386 2807 435 2866 οὐκ
452 2811 551 2881 ἀνέβη·
576 2815 623 2866 καλ
639 2808 777 2887 κατηχήση
795 2811 895 2874 αὐτούς
910 2810 1061 2886 τὸνλόγον
1077 2817 1123 2882 τῆς
1139 2813 1279 2884 ἀληθείας,
1301 2815 1350 2868 καλ

76 2869 239 2972 κατασπείρη
267 2895 318 2951 τόν
344 2891 436 2966 φόβον
459 2895 545 2950 αὐτοῦ
567 2897 599 2950 ἒν
622 2897 722 2981 αὐτοῖς,
749 2899 798 2951 καὶ
813 2894 950 2972 βεβαιώσῃ
968 2895 1016 2966 τήν
1032 2903 1126 2952 πίστιν
1142 2895 1225 2951 αὐτου
1213 2897 1274 2951 ἒν
1290 2903 1350 2958 ταῖς

77 2985 205 3044 διανοίαις
221 2979 327 3048 αὐτῶν,
345 2983 393 3034 ἵνα
410 2977 578 3056 ἀποκαλύψῃ
595 2979 688 3042 αὐτοῖς
705 2943 736 3035 τό
751 2979 963 3052 εὐαγγέλιον
931 3002 977 3050 της
993 2977 1182 3048 δικαιοσύνης·
1200 2983 1246 3034 λνιι
1256 2980 1350 3042 αὐτοις

76 3069 126 3136 δοίη
143 3071 215 3122 νούν
230 3067 344 3132 ενθεον,
363 3058 497 3135 σαόφρονα
514 3063 660 3138 λογισμὸν,
683 3066 731 3120 καλ
747 3060 880 3134 ἐνάρετον
897 3070 1052 3120 πολιιείαν·
1076 3061 1229 3125 διαπαντός
1244 3062 1277 3119 τά
1295 3065 1349 3120 αὐ-

77 3157 117 3206 του·
132 3157 221 3220 νοεῖν,
246 3147 282 3204 τά
298 3147 387 3204 αὐτοῦ
404 3153 529 3221 φρονειν,
555 3145 588 3203 τά
606 3148 692 3205 αὐτού
708 3152 842 3220 μελετᾷν·
867 3146 973 3222 ἡμέρας
988 3151 1036 3203 καὶ
1052 3147 1150 3210 νυκτὸς
1166 3149 1198 3203 ίν
1213 3151 1253 3217 ιφ
1269 3146 1348 3218 νόμιρ

76 3235 152 3291 αὐτοῦ
166 3238 389 3306 καταγίνεσθαι·
407 3233 445 3285 ἔτι
459 3233 648 3305 ἐκτενέστερον
663 3232 734 3304 ὑπὲρ
744 3232 836 3286 αὐτῶν
844 3237 1090 3304 παρακαλέσωμεν,
1108 3235 1154 3284 ἵνα
1165 3233 1287 3299 ἐξέληται
1295 3233 1349 3286 αύ-

77 3322 132 3382 τούς
146 3317 205 3374 ἀπὸ
223 3317 332 3378 παντὸς
348 3319 474 3388 πονηροῦ
489 3320 537 3370 καλ
553 3316 660 3372 ἀτόπου
677 3313 850 3389 πράγματος,
878 3315 934 3372 ἀπὸ
952 3314 1056 3375 παντὸς
1072 3311 1269 3388 ἁμαρτήματος
1285 3317 1349 3370 δια-

77 3409 187 3476 ρολιιοῦ,
204 3405 257 3458 καλ
272 3399 368 3468 πάσης
383 3397 570 3473 περιστάσεως
586 3405 633 3456 τοῦ
649 3399 857 3473 ἀντικειμένου·
872 3402 918 3454 λνα
936 3395 1089 3472 καταξιῶση
1106 3397 1204 3461 αὐτούς
1221 3399 1350 3470 λνκαιρηῖ

77 3489 169 3558 ῶθίτηι
187 3490 235 3555 τῆς
249 3487 300 3541 τοῦ
317 3487 436 3555 λουτροῦ
452 3487 674 3556 παλιγγενεσίας,
691 3489 737 3552 τῆς
752 3482 880 3556 ἀφέσεως
896 3489 951 3539 τῶν
968 3483 1120 3556 ἁμαρτιῶν,
1138 3487 1187 3538 τοῦ
1196 3481 1352 3555 λνδύμιιτος

78 3577 115 3638 τῆς
128 3572 304 3646 ἀρθαρσίας,
321 3571 369 3624 ἵνα
386 3566 521 3643 εύλογήση
539 3568 586 3630 τὰς
602 3566 723 3630 ελςὸδους
739 3566 896 3624 αὐτῶνκαὶ
912 3565 961 3630 τάς
977 3567 1096 3636 ίξόδους,
1113 3564 1206 3623 πάντα
1223 3567 1272 3624 τὸν
1287 3573 1350 3637 βίον

79 3655 170 3726 αἰτῶν,
186 3653 253 3717 τούς
271 3657 366 3714 οἴκους
382 3653 475 3708 αὐτῶν
491 3656 538 3708 κοιλ
555 3652 603 3714 τὰς
620 3655 744 3722 ολκετίας,
760 3650 795 3707 τά
813 3656 893 3708 τέκνα
911 3652 1004 3708 αὐτῶν
1020 3648 1350 3729 ἵνααάχήσαςεύλογήση,

79 3743 120 3794 κιλ
139 3745 177 3802 είς
199 3745 308 3812 μέτρον
331 3735 437 3805 ῆλικίιις
452 3733 570 3810 ἀγαγῶν
585 3743 704 3810 σοφίση·
730 3740 777 3792 ἵνα
794 3733 949 3811 κατευθύνη
966 3737 1059 3798 αὐτοῖς
1074 3733 1166 3791 πάντα
1184 3736 1217 3792 τά
1235 3741 1351 3809 προκεί·

79 3844 142 3894 μινι
158 3823 231 3899 πράς
249 3824 280 3878 ιδ
298 3826 457 3894 συμφέρον.
474 3851 508 3864 ·-
525 3853 559 3866 -
579 3821 637 3876 Τὸν
653 3818 775 3893 ἄγγελον
792 3825 838 3888 τῆς
852 3817 962 3893 εἰρήνης
978 3819 1114 3888 αλιήσατε,
1132 3821 1160 3875 ολ
1176 3820 1352 3894 κατορχούμε-

81 3927 126 3976 νοι,
141 3910 268 3980 είρηνικά
285 3903 356 3978 ύμῖν
371 3902 464 3960 πάντα
481 3905 515 3961 τά
532 3910 717 3980 προκείμενα·
735 3904 875 3978 ελρηνικῆν
892 3903 942 3974 τήν
957 3912 1105 3979 παρούσαν
1120 3902 1229 3980 ἡμέραν
1236 3906 1285 3959 καλ
1292 3899 1352 3958 πά-

80 4009 125 4053 τις
144 3991 192 4054 τὰς
213 3990 324 4066 ἡμέρας
339 3992 386 4056 τῆς
403 3993 469 4054 ζωῆς
484 3985 566 4061 ύμῶν
582 3984 749 4058 αἰτήσασθε·
769 3991 916 4062 χριστιανά
933 3987 1016 4062 ἀμῶν
1032 3986 1066 4046 τύ
1082 3993 1158 4058 τέλη·
1181 3985 1297 4049 ἑαυτούς
1311 3989 1353 4055 ις’

81 4079 150 4138 ζῶντι
168 4081 231 4147 Θεῷ
250 4077 300 4130 καλ
317 4075 356 4143 τῷ
373 4077 486 4148 Χριστῷ
503 4072 589 4128 αὐτοῦ
604 4078 793 4145 παραθέσθαι.
810 4103 845 4116 -
862 4103 894 4116 -
911 4067 981 4128 Εἶτα
998 4077 1089 4129 κλῖναι
1105 4072 1154 4136 τάς
1168 4069 1292 4146 κεφαλὰς
1307 4088 1351 4125 κε-

80 4158 196 4232 λεύομεν,
218 4156 375 4234 τεκμήριον
396 4160 445 4214 τοῦ
466 4157 514 4220 τάς
530 4156 613 4228 εὐχάς
630 4157 810 4227 ἀκουσθῆναι,
827 4156 993 4230 ποιούμενοι
1010 4158 1041 4213 τδ
1058 4153 1107 4213 τάν
1123 4153 1194 4212 θεόν
1210 4153 1350 4225 εὐλογεῖν·

82 4243 110 4298 οὐ
130 4247 181 4316 γάρ
204 4243 241 4311 δή
264 4241 420 4314 ἄνθρωπός
436 4244 511 4298 ἐστιν
528 4239 543 4296 5
561 4239 695 4313 εὐλογῶν,
718 4241 787 4297 ἀλλὰ
804 4242 851 4297 διά
868 4245 914 4309 τῆς
929 4242 1037 4298 ίκείνοιι
1051 4241 1144 4315 χειρός
1159 4241 1207 4294 καλ
1223 4235 1352 4309 γλῶττης,

81 4325 147 4397 αὐτῆ
160 4325 345 4400 προςάγομεν
361 4329 399 4396 τῷ
415 4329 525 4396 βασιλεῖ
538 4324 586 4386 τάς
601 4324 726 4398 κεφαλὰς
741 4330 796 4382 τῶν
812 4323 1007 4401 παρεστώτοιν,
1029 4329 1078 4381 καλ
1094 4326 1244 4394 ἐπιβοῶσιν
1261 4322 1353 4378 ἀποιν·

82 4429 120 4472 τις
134 4411 170 4482 τό,
186 4410 273 4484 ἀμήν.

158 4505 182 4564 λ)
200 4504 230 4556 [λε
248 4510 288 4553 εει
305 4503 330 4554 λιι
349 4502 423 4552 uim
439 4501 498 4565 λος.
516 4501 586 4552 unii:
606 4501 703 4552 ἰολοιιιίε
720 4502 842 4567 precibus.

12 4571 13 4598 ¹
81 4617 88 4630 ·
157 4587 183 4648 λ]
198 4589 274 4640 Recte
291 4588 441 4650 Augusti:
460 4587 616 4649 „DieLum
632 4579 716 4637 αὐτοῦ
732 4584 822 4644 ίκέτας
839 4587 902 4640 kann
919 4580 1175 4645 ιειλλιιλιίίςιιιειιλοο,
1193 4595 1261 4634 νιοο
1273 4583 1352 4649 guith

86 4669 122 4720 die
135 4671 241 4726 Variana
259 4669 373 4728 οἰκέται
390 4672 460 4724 einen
476 4672 602 4724 ιοίεὐετεο
620 4672 679 4724 Sinn
697 4671 789 4736 ςίολιῑέ*
1114 4748 1158 4802 μ
