3394 5308
404 1327 1078 1518 rnonuoonuul.

645 1629 850 1641 --——...-.

704 1802 734 1877 §-
753 1803 782 1863 1.

310 1929 410 1993 vona
431 1930 557 1994 sruon
578 1931 774 1996 urrunnun
794 1931 912 1998 nauto
935 1933 986 2040 ur
1007 1932 1184 1996 nocuus.

197 2114 236 2206 ln
258 2146 432 2208 confossum
453 2146 535 2208 uouit
555 2147 637 2228 qnod
657 2166 726 2210 cum
748 2147 886 2210 omnibus
912 2146 1002 2209 bouis
1031 2145 1158 2208 maximo
1180 2143 1387 2225 deploramus:

120 2261 196 2308 sacra
217 2265 251 2310 ea
272 2254 370 2310 aetate
396 2265 466 2310 osse
492 2249 667 2324 reformata,
700 2267 758 2330 qua
790 2247 1005 2328 antiquissimis
1028 2247 1265 2310 Christianorum
1292 2246 1388 2310 litoris

121 2353 200 2426 atquo
220 2347 343 2410 omnino
365 2347 532 2428 primaevae
555 2348 698 2412 ecclesian
718 2349 856 2430 imagini,
885 2349 916 2412 in
945 2347 1077 2412 tenebris
1100 2347 1278 2424 iacentibus,
1311 2366 1390 2410 nora

123 2443 166 2508 lux
183 2449 312 2512 nondum
336 2450 490 2512 allulsorit.
545 2451 622 2514 Sane
645 2453 696 2534 qui
717 2471 734 2514 a
754 2449 908 2514 Pontificio
930 2449 1065 2534 partibus
1088 2449 1220 2524 stabant,
1243 2449 1388 2530 dogmatis

123 2546 274 2632 ritibusque
296 2551 439 2614 Romanis
462 2553 656 2634 apostolicam
678 2553 865 2617 vindicabant
891 2551 1095 2616 auctoritatem
1117 2559 1205 2630 atque
1228 2549 1388 2632 originem:

124 2657 150 2709 ot
171 2661 269 2715 contra
283 2652 407 2715 Luthori
428 2673 462 2716 ac
477 2654 582 2734 Ginglii
602 2656 768 2738 praeceptis
791 2675 826 2720 sc
845 2654 1017 2718 addicentos
1040 2653 1113 2716 nihil
1134 2652 1211 2716 aliud
1234 2671 1268 2714 se
1290 2651 1391 2716 moliri

124 2748 274 2828 monhaut,
305 2754 365 2816 nisi
393 2763 427 2816 ut
459 2755 696 2819 Christianorum
729 2767 847 2820 costum
882 2757 919 2818 ad
947 2757 1065 2837 priscae
1091 2754 1234 2816 ecclesias
1262 2755 1390 2816 sormam

125 2853 296 2950 rodnoorent.
350 2856 387 2918 At
408 2873 470 2918 non
493 2858 589 2919 oronit
610 2859 690 2938 quod
711 2859 743 2920 in
764 2857 820 2920 hac
848 2856 1054 2920 controversia
1082 2855 1147 2916 iuro
1173 2863 1276 2936 potest
1297 2873 1388 2934 oupe-
1499 2850 1507 2865 “

126 2955 201 3017 clari.
241 2955 397 3019 Docertant
418 2958 553 3021 armise
576 2978 660 3022 sacra
683 2959 831 3040 scriptura
853 2958 1034 3039 depromtis3
1067 2955 1099 3018 in
1121 2955 1260 3020 auxilium
1282 2963 1390 3016 vocant

127 3057 314 3134 posteriorum
343 3059 529 3124 saeculorum
550 3069 668 3140 patros,
700 3059 848 3142 imprimis
872 3057 1132 3140 &angustinum
1168 3055 1245 3121 haud
1270 3055 1388 3120 modio-

128 3157 179 3219 oia
200 3159 252 3222 tola
272 3160 310 3223 ad
338 3179 388 3222 res
411 3161 555 3240 gerendas
582 3161 693 3224 habent
714 3162 967 3226 Scholasticornm
992 3169 1088 3234 artos,
1109 3159 1288 3222 Pontificum
1309 3157 1390 3238 loges

128 3267 154 3317 et
171 3259 364 3324 conciliorum
387 3262 519 3324 decreta:
553 3263 606 3325 sod
635 3264 716 3344 quod
737 3271 856 3345 praetor
878 3281 995 3324 sacrum
1017 3261 1151 3324 codicem
1172 3259 1261 3322 cardo
1283 3276 1391 3320 consae

128 3355 259 3424 iudicatur
280 3371 310 3424 et
331 3371 433 3444 capnt,
453 3364 588 3442 priorum
611 3366 795 3428 saeculorum
818 3363 909 3426 lacios
932 3371 963 3423 ot
984 3361 1257 3442 antiquissimorum
1271 3366 1390 3438 patrum

128 3477 290 3540 consensus,
312 3463 393 3526 huno
413 3464 496 3526 rides
518 3465 699 3546 neglectum,
722 3467 802 3528 hunc
822 3466 858 3529 ah
881 3464 1036 3552 utpiusquo
1058 3463 1204 3526 exercitus
1219 3457 1390 3540 antesigna-

130 3561 169 3622 nis
182 3565 289 3646 plangis
305 3565 483 3645 ignoratum.
513 3565 593 3630 Haec
612 3587 714 3632 manca
729 3567 839 3632 veteris
855 3565 997 3631 eccesiae
1012 3563 1159 3646 cognitio,
1183 3581 1250 3624 oum
1265 3561 1389 3642 dogma-

132 3661 187 3726 tio's
207 3666 455 3748 (lisputationibus
484 3669 555 3730 vitio
584 3669 724 3734 vertenda
753 3669 809 3745 sit,
839 3678 903 3733 tum
930 3669 961 3732 in
988 3668 1079 3732 robus
1108 3663 1252 3743 liturgicis
1280 3662 1390 3726 multos

131 3765 256 3840 pullulare
278 3769 348 3832 lecit
370 3788 489 3832 errores
514 3788 626 3850 eosque
647 3771 773 3836 maximo
794 3771 995 3852 perniciosos.
1004 3769 1026 3844 ¹)

133 3923 232 3937 ‘-

188 4022 210 4082 l)
225 4022 383 4076 licoalrlotius
400 4024 445 4074 lit.
464 4025 506 4076 Or.
524 4024 587 4076 (loll.
605 4025 647 4076 lid.
662 4025 686 4075 2.
703 4026 723 4076 l.
741 4041 766 4091 p.
779 4025 842 4076 xlv:
866 4023 977 4088 ‚merope
1000 4035 1086 4084 magna
1104 4019 1146 4070 illa
1162 4018 1325 4069 lioolosirrum
1344 4015 1391 4066 ilo·

131 4101 270 4158 inmaturum
295 4107 388 4158 lumino
411 4117 504 4160 tuntum
530 4109 673 4175 discipliuae
690 4109 872 4161 sacramentalis
897 4109 1019 4168 sciebant,
1050 4111 1164 4171 quantum
1188 4099 1278 4152 llissali
1301 4097 1392 4160 vunan

132 4192 291 4254 occaecatos,
317 4193 354 4243 rix
377 4193 508 4258 quidquam
532 4194 644 4260 amplios.
679 4195 762 4259 Neque
780 4195 915 4258 negantiam
934 4200 979 4254 ost,
1005 4190 1148 4256 penitiorom
1166 4187 1232 4237 illios
1249 4182 1392 4250 disciplinae

132 4273 276 4334 coguitionem
293 4277 425 4341 'theologis
442 4281 533 4330 nostris
550 4294 627 4344 aequo
651 4279 784 4330 ortonnes·
817 4279 868 4329 llao
885 4279 932 4329 lliri
949 4276 1019 4328 llooti
1036 4273 1147 4326 censoria
1165 4269 1295 4320 amicitate
1311 4266 1392 4319 notari

131 4355 208 4408 ridetur
223 4360 353 4422 intimus,
378 4363 402 4412 in
421 4364 601 4429 antiquitatibus
619 4364 762 4414 Christianis
779 4363 889 4428 paullum
912 4371 1020 4414 versatos
1037 4361 1069 4422 (o.
1086 4373 1110 4420 s·
1133 4353 1324 4416 „Tfflulllfflflssr
1348 4351 1392 4402 (Μ

130 4439 262 4496 tlltttltosto
279 4447 372 4498 Lohror
388 4463 417 4498 so
435 4463 490 4499 mun
514 4449 555 4499 liat
579 4449 626 4498 sint
650 4449 694 4498 dor
710 4448 809 4513 Apostel
826 4448 897 4498 Zeit“
929 4447 966 4496 W.
984 4446 1032 4505 XX,
1048 4439 1146 4502 1063.)ι
1177 4437 1317 4504 excipiendo
1341 4443 1393 4488 erat

130 4523 287 4582 lorootirsima
314 4529 475 4584 litlantbouis
501 4533 610 4584 doctrina
640 4547 784 4597 quamquam
816 4531 879 4584 ralot
901 4530 943 4582 illa
973 4526 1107 4579 Thiorsclrii
1130 4526 1249 4576 sententia
1276 4524 1341 4574 Prot.
1368 4533 1391 4570 n.

130 4606 212 4664 lrtlol.
230 4616 266 4667 orl.
279 4615 300 4665 l.
319 4631 344 4681 p.
356 4616 403 4670 ¹9:
429 4617 511 4680 „Zoni
529 4617 627 4668 litooor
645 4617 739 4668 iroilich
757 4632 831 4682 rogan
849 4624 921 4668 noter
938 4615 984 4666 deu
1003 4610 1143 4674 Theologoo
1166 4611 1210 4660 dor
1227 4605 1391 4660 luthoritoheu

130 4691 212 4762 inme,
228 4701 332 4752 meinent
351 4702 441 4754 Urtiail
460 4704 530 4765 nach,
548 4701 584 4753 alr
602 4703 641 4754 dio
658 4710 770 4766 grosston
787 4701 883 4766 horror,
900 4697 991 4750 noiolio
1009 4696 1048 4746 ihr
1065 4695 1187 4828 zemnler*
1197 4709 1226 4744 an
1244 4692 1298 4743 teht
1315 4691 1393 4740 histo-
