3368 5308
694 409 768 483 463

92 603 292 689 cooperante
308 592 417 666 Verbo
442 604 501 666 *tuo
529 595 855 691 incomprehensibili
884 597 1017 670 calcasti
1043 598 1183 695 pedibus
1202 600 1330 674 uincula
1342 599 1364 698 ¹)

92 695 354 767 maledictionis:
394 695 535 792 Propter
570 719 668 794 qncm
705 697 872 791 omnibns,
909 701 965 798 qni
1002 701 1037 772 in
1076 713 1106 773 te
1143 701 1296 797 eredunt,
1330 705 1365 777 in

92 819 194 868 unum
230 797 390 887 collectis,
426 797 565 870 formata
599 808 651 870 est
683 801 834 892 ecclesia,
870 825 967 897 quarn
1002 801 1063 873 tibi
1088 803 1261 876 vindicasti
1288 830 1365 902 pro·

90 900 206 994 priam.
259 899 303 971 Et
329 900 416 989 inter
442 923 504 971 nos
531 899 680 973 babitare
707 903 861 998 dignatus
889 927 924 975 es
951 906 985 976 in
1013 927 1051 977 ea
1078 903 1223 978 hominis
1247 908 1364 1004 lorma,

91 1025 188 1098 qnam
216 1024 256 1074 ex
281 1001 411 1097 virgine
439 999 636 1074 assumsisti.

167 1119 208 1191 Et
241 1143 352 1192 coram
389 1144 453 1218 qno
488 1120 596 1215 angeli
630 1119 813 1192 consistere
848 1132 1019 1219 nequeunt
1053 1146 1130 1219 prae
1156 1125 1362 1200 lucidissimo

91 1231 122 1292 et
156 1220 485 1318 incomprebensibili
512 1222 652 1294 Deitatis
687 1222 828 1318 fulgore,
864 1223 919 1295 bic
953 1223 1051 1297 bomo
1087 1225 1193 1298 iactus
1228 1239 1363 1326 propter

91 1323 352 1419 redemptionem
388 1334 535 1396 nostram
571 1325 737 1396 concessit
764 1323 860 1397 nobis
888 1349 952 1398 nna
981 1349 1056 1398 cum
1083 1329 1273 1424 angelorum
1302 1331 1363 1404 mi·

90 1423 159 1495 litia
185 1437 219 1498 et
245 1427 337 1497 omni
366 1425 533 1498 coelorum
562 1426 719 1498 exercitu.
793 1441 816 1480 ¹

164 1543 345 1617 Diaconos.
400 1544 464 1628 Qui
493 1543 616 1617 sedetis
644 1545 781 1639 surgite.
819 1544 901 1617 Cum
929 1543 1108 1619 Cherubim
1135 1557 1168 1619 el
1186 1548 1361 1648 Seraphim

92 1668 198 1718 sacros
226 1645 285 1718 tibi
315 1670 434 1718 canere
462 1646 615 1742 hymnos,
644 1645 795 1738 clamare,
823 1671 939 1719 vocare
967 1672 1005 1720 ac
1032 1640 1209 1745 dicere:¹)'

165 1761 305 1838 Chorus.
359 1765 514 1857 Sanctus,
542 1762 696 1858 Sanetus,
723 1765 865 1838 Sanctus
891 1765 1054 1839 [lominus
1082 1767 1238 1841 Sabaoth.
1267 1767 1358 1842 Pleni

91 1874 166 1935 sunt
189 1866 273 1938 coeli
302 1877 335 1938 et
363 1877 450 1938 terra
477 1867 582 1964 gloria
609 1876 674 1938 tna.
728 1859 860 1940 Osanna
891 1866 925 1940 in
953 1869 1102 1961 excelsis.
1155 1869 1358 1944 Benedictus

91 1967 141 2062 qni
169 1969 317 2049 venitin
346 1969 481 2040 nornine
507 1967 652 2040 Domini.
705 1969 837 2044 Osanna
863 1969 899 2041 io
925 1969 1074 2042 excelsis.

162 2084 343 2159 Diocoam.
397 2085 550 2178 Domine,
580 2086 731 2160 benedic.

161 2187 328 2260 Sacerdos
354 2188 501 2260 brachiis
528 2190 686 2285 espancis
713 2199 788 2260 orat
814 2198 964 2261 secreto:

159 2289 321 2382 SanctuS‚
357 2290 519 2383 Sanctus,
555 2290 698 2362 Sanctus
720 2313 769 2362 -es
805 2301 838 2362 et
871 2289 1120 2364 Sanctissimus
1175 2289 1257 2376 Quis
1292 2301 1354 2384 est,

91 2390 139 2483 qni
161 2391 270 2464 verbis
298 2391 581 2489 comprehendere
609 2392 728 2464 audeat
745 2391 932 2480 ‚immensas
958 2391 1116 2464 bonitatis
1143 2400 1219 2464 tuae
1246 2402 1354 2464 scatu-

90 2492 220 2585 rigines,
255 2493 377 2567 effusas
411 2517 511 2589 snper
537 2517 610 2565 uos.
664 2495 792 2590 Quippe
820 2495 876 2591 qni
902 2494 1051 2590 patribus
1077 2494 1214 2587 nostris,
1248 2493 1281 2566 iu
1308 2495 1354 2565 vi·

91 2591 163 2666 hom
189 2595 292 2692 lapsis
318 2604 479 2692 patronus
505 2593 597 2667 inisti
623 2607 657 2668 et
683 2596 872 2669 aninsolator
896 2595 1070 2692 multiplici
1096 2595 1242 2668 ratione:
1278 2620 1353 2692 pro·

90 2692 200 2787 phetiis
227 2709 262 2770 et
288 2698 372 2792 legis
400 2697 572 2789 institutis,
600 2699 786 2770 sacerdotio
809 2709 843 2770 et
861 2698 980 2772 oblatis
1000 2699 1184 2790 sacrificiis,
1212 2723 1250 2770 ee
1269 2721 1353 2795 quae

91 2809 215 2871 rentnra
250 2811 356 2892 erant,
391 2798 676 2872 adumbrantibus.
727 2801 886 2892 atvero,
922 2825 998 2874 enm
1025 2801 1157 2872 adesset
1181 2801 1351 2896 plenitudo
1391 2844 1393 2850 ·

84 2901 249 2996 temporis
279 2902 386 2975 deleto
414 2901 502 2998 qnod
530 2901 688 2974 adversus
716 2926 777 2974 reos
797 2913 868 2974 erat
885 2912 1095 2997 peccatorum
1117 2901 1351 2998 chirographo,

91 2998 200 3074 dedisti
240 3003 339 3076 nobis
374 3003 584 3098 unigenitum
616 3002 737 3075 Filium
771 3014 865 3076 tuum
899 3003 1084 3078 debitorem
1117 3027 1155 3076 ae
1190 3002 1350 3098 debitum,

92 3101 241 3176 victimam
276 3116 310 3177 et
343 3128 456 3198 regern
485 3115 632 3194 nocturn,
667 3127 788 3199 agnum
816 3115 850 3176 et
874 3127 995 3200 panem
1021 3104 1104 3176 vitae
1132 3105 1349 3202 (offerentem)

91 3207 284 3278 sacerdotem
322 3218 355 3279 ct
381 3205 593 3279 oblationem.
645 3205 718 3301 lpse
746 3205 834 3278 enim
861 3204 958 3278 nobis
986 3203 1156 3279 distribuit
1180 3215 1214 3278 et
1239 3206 1349 3278 distri·

91 3301 190 3378 buitur
224 3309 257 3380 iu
285 3320 493 3405 perpetuum,
528 3319 730 3379 nontamen
759 3308 975 3382 consumitur.
1028 3306 1133 3379 Verus
1160 3307 1259 3380 leonio
1287 3306 1351 3380 luit

92 3427 186 3504 noque
211 3411 311 3483 bomo
339 3412 372 3482 in
395 3409 589 3503 imaginaria
612 3409 735 3482 lorma:
763 3411 898 3501 unione,
922 3432 989 3481 uon
1007 3410 1115 3506 aliqua
1133 3408 1348 3505 permistione

93 3528 209 3582 carnem
244 3513 388 3608 sumpsit
420 3535 460 3584 cx
491 3523 596 3583 matre
631 3511 704 3602 Ilei,
738 3523 851 3584 sancta
885 3511 1012 3606 virgine
1046 3511 1147 3584 blaria
1183 3521 1216 3582 et
1248 3511 1347 3584 homo

92 3625 287 3687 courersatns
315 3624 377 3705 est,
405 3613 513 3711 quoad
541 3613 664 3704 omnia,
691 3625 826 3710 peccato
853 3624 1000 3710 excepto.
1053 3613 1203 3710 Denique
1230 3613 1348 3686 mnndi

93 3713 276 3812 redemptor,
304 3740 403 3788 cansa
430 3715 547 3787 salutis
575 3724 719 3808 nostrae,
743 3716 950 3788 uoluntarius
978 3716 1067 3787 venit
1093 3715 1133 3787 ad
1161 3739 1305 3788 crucem.

154 3817 195 3887 Et
220 3819 389 3910 innecte,
417 3841 481 3914 qua
507 3816 710 3910 tradebatur,
739 3818 866 3914 accepit
890 3841 1010 3914 panem
1037 3819 1070 3888 io
1094 3829 1237 3910 sanctes,
1265 3815 1346 3889 divi·

90 3985 367 4006 '‘Q——

164 4087 186 4146 rt
203 4089 286 4140 Stectr:
306 4089 349 4139 das
369 4088 510 4138 flinderniss
528 4087 577 4146 <die
595 4085 757 4148 Eotzccinnssl
775 4085 817 4135 des
836 4085 948 4136 Flacbes.

162 4169 185 4228 hl
209 4175 292 4224 Stcck:
318 4173 370 4224 llnd
396 4174 438 4222 mit
461 4172 596 4222 sicbtbarer
613 4171 687 4221 llatar
711 4170 800 4219 mittete
818 4169 861 4219 der
880 4170 1091 4234 Menscbucrdnng
1108 4185 1151 4220 aar
1169 4170 1213 4219 der
1229 4169 1344 4230 lnuglran

91 4245 136 4301 Sicb
152 4255 281 4308 berebliess
300 4267 371 4308 anter
388 4271 434 4306 nna
450 4225 479 4306 in
498 4256 608 4314 uetuere,
632 4256 680 4306 ond
700 4255 742 4304 eni
757 4254 871 4316 gnttliehc
890 4255 968 4305 Weiss
987 4257 1024 4306 ein
1043 4270 1118 4305 nenas
1137 4253 1207 4303 Wcrlr
1225 4251 1344 4302 incallich

93 4333 195 4390 erbancnd
214 4341 251 4391 dic
270 4343 333 4392 Erde
351 4355 405 4392 znm
420 4339 522 4390 llirnmcl
541 4340 650 4402 gemacht
668 4339 715 4388 bet.
751 4338 818 4388 bern
835 4353 877 4388 eor
894 4339 1010 4389 rrclrbcm
1029 4339 1155 4389 dicChcrc
1173 4335 1344 4387 dchacben·

92 4413 127 4468 Μ
143 4425 197 4478 ld.i.
214 4427 256 4476 der
274 4427 359 4489 Eugcl)
385 4426 450 4475 nicht
472 4439 500 4474 cn
525 4425 609 4475 stehcn
633 4421 795 4480 vermachtco,
822 4424 959 4474 craebraclrt
981 4438 1025 4472 von
1049 4423 1104 4473 dero
1129 4422 1275 4484 pltnzcndcn
1294 4420 1344 4469 ond

93 4507 227 4560 tnnabbaren
250 4511 333 4561 Licbtc
357 4491 400 4561 der
424 4509 538 4568 Gottbcit,
562 4507 643 4557 diener
666 4507 697 4556 ist
721 4505 817 4556 tlenseb
842 4509 969 4571 gewordcn
993 4521 1073 4569 wepcn
1097 4521 1198 4556 unserer
1214 4505 1343 4568 Eridanus,

93 4587 129 4634 ond
149 4590 185 4642 hat
208 4607 252 4644 nas
269 4595 401 4654 rcrliehen,
427 4595 469 4642 mit
487 4592 541 4642 dem
560 4591 661 4642 flimmel
681 4591 779 4652 getsrige
798 4591 877 4643 Chore
893 4607 921 4642 an
941 4593 1025 4641 teiam.
1060 4591 1107 4641 Ber
1125 4591 1230 4641 Dircen:
1254 4589 1342 4652 Segne,

93 4663 147 4722 llttr.
178 4675 293 4729 Pricster:
312 4677 365 4729 Uud
384 4679 427 4728 mit
444 4677 490 4728 den
510 4675 636 4740 Seraphim
656 4677 702 4725 ond
722 4675 766 4725 mit
783 4677 830 4727 dcc
849 4675 978 4728 Cherubim
997 4691 1020 4725 n.
1031 4691 1052 4726 r.
1062 4689 1090 4725 rr.
