3378 5302
929 402 978 476 94

399 574 485 650 Εἶτα
506 575 764 705 ἀναγινώσκεται
785 579 1074 668 διιξοδινιόταταἺ
1096 585 1139 654 τὰ
1161 581 1235 676 ἱερὰ
1256 581 1354 674 λόγια
1367 589 1428 676 τῆς
1440 587 1595 663 παλαιᾶς

315 679 481 772 διαθηκης
501 681 558 751 καί
578 688 644 751 τῶν
663 691 855 774 προφητῶν,
877 711 935 754 και
926 681 1235 756 σίποδείκνυτυι“
1215 713 1235 776 η
1252 693 1312 756 τοῦ
1331 685 1424 758 Υἳοῦ,
1425 710 1485 754 του
1470 687 1595 754 Θ”εοῦ

315 781 649 907 ὲνανθρῶπηοις,’
608 810 651 853 τα
677 810 713 852 τε
740 783 839 877 πάθη
861 786 926 856 καὶ·
939 813 959 876 η
948 783 1019 856 ‘ix
1040 794 1162 913 νεκρῶν
1182 783 1373 870 όνόστασις,
1400 785 1421 877 ἦ
1444 783 1494 867 εἰς
1514 783 1595 866 τοὺς

315 869 477 1010 ουρανοὺς
499 881 628 968 ανοδος,
650 911 707 954 και
697 883 873 956 πόλιν(
853 913 872 978 η
897 889 1036 978 δευτέρα
1058 886 1162 958 αὐτοῦ
1182 889 1268 976 μετὰ
1289 886 1389 981 δόξης
1403 883 1595 978 παρουσία·

314 984 371 1054 καὶ
391 993 490 1054 τοῦτο
512 985 637 1075 γίνεται
657 984 736 1057 καθ’
760 985 899 1079 ἑκάστην
921 989 956 1059 ἔν
976 996 1017 1081 τῇ
1039 988 1113 1082 ἱερᾷ
1134 991 1192 1059 καὶ
1212 990 1296 1083 θείᾳ
1318 987 1497 1082 ιερουργόρ.

441 1155 542 1224 Μετὰ
564 1155 605 1225 δὲ
622 1153 706 1225 τδ’
684 1163 874 1246 αναγνῶοαι
894 1184 952 1227 και
943 1131 1112 1242 διδάξαι
1133 1157 1262 1249 λέγειε
1244 1186 1262 1229 ο
1287 1157 1457 1241 διάκονος·

391 1278 467 1352 ΧΠ.
494 1281 670 1375 Εἴπωμεν
695 1275 841 1407 πάντες,
867 1276 982 1375 Κύριε
1007 1280 1165 1378 ἐλέησον

390 1376 504 1476 Κύριε
529 1376 789 1479 παντοκράτορ
816 1380 836 1454 ὃ
865 1380 953 1464 Θεὸς
972 1389 1059 1458 τῶν
1081 1382 1253 1548 πατέρων
1272 1381 1395 1479 ἡμῶν,
1422 1376 1596 1479 δεόμεθά

314 1504 411 1570 σου,Ι
424 1477 643 1557 ἐπάκουσον.

385 1579 491 1679 (Υπὲρ
522 1589 589 1679 τῆς
614 1584 769 1657 ἄνωθεν
795 1579 940 1681 εἰρήνης
963 1612 1027 1659 και
1050 1592 1116 1683 τῆς
1142 1539 1325 1684 σωτηρίας
1349 1593 1428 1660 τῶν
1452 1591 1595 1682 ψυχῶν

312 1681 435 1779 ἡμῶν,
460 1692 528 1757 τοῦ
553 1682 697 1782 Κυρίου
723 1681 934 1780 δεηθῶμεν.

385 1783 490 1883 Υπὲρ
523 1795 589 1882 τῆς
620 1783 764 1882 εἰρήνης
795 1793 864 1860 τοῦ
899 1783 1113 1883 σύμπαντος
1145 1785 1302 1884 κόσμου,
1334 1785 1398 1877 καὶ
1423 1780 1596 1870 ἑνῶσεως

313 1893 447 1960 πασῶν
479 1894 557 1963 τῶν
590 1886 711 1989 ἁγίων
742 1895 811 1962 τοῦ
847 1892 940 1964 Θεοῦ
973 1891 1195 1986 ἐκκλησιῶν,
1232 1895 1296 1964 τοῦ
1328 1888 1471 1987 Κυρίου
1506 1885 1594 1982 δεη-

311 1990 457 2084 θῶμεν.

401 2141 424 2203 t)
442 2144 573 2189 Fusissimu.
600 2144 709 2200 Augusti:
726 2143 771 2189 flor
788 2143 934 2200 ΒιλΙιευίοΙςο
952 2146 1019 2190 uach.

307 2269 602 2280 -———-

314 2346 363 2394 λι.
387 2343 520 2395 versiculos
545 2345 664 2410 ριιειίοε,
689 2346 729 2410 qui
748 2347 919 2410 praecinuntur
937 2355 992 2397 outo
1016 2347 1157 2412 Epistulam.
1193 2348 1306 2412 Sequitur
1329 2347 1459 2412 Apostolus
1477 2343 1593 2406 λΙΙεΙυίι,

313 2423 380 2494 εὐχὴ
397 2427 437 2484 εἰς
453 2420 483 2478 τό
500 2429 632 2496 θυμίαμα
650 2425 698 2476 τοῦ
709 2424 877 2492 Ἆλληλοόϊα,
895 2423 960 2496 εὐχὴ
978 2423 1032 2497 νιρδ
1050 2428 1100 2480 τοῦ
1114 2429 1292 2498 εὐαγγελίσαι
1310 2429 1363 2481 Σολ
1373 2425 1596 2498 εὐχαριστοῦμεν

313 2503 389 2581 νόριε
412 2509 453 2576 τῷ
473 2503 710 2568 ίξανατείλαντι“
697 2511 766 2580 ημιν
788 2511 850 2580 φῶς
873 2509 904 2564 ἐκ
920 2511 1037 2570 σκότους
1052 2513 1101 2563 καλ
1117 2507 1330 2581 αασιιαλόψανιι
1346 2507 1410 2570 τούς
1426 2507 1597 2580 ὀφθαλμοὺς

312 2594 359 2660 τῆς
382 2588 541 2652 διανοίας“
527 2593 608 2661 ημῶν
630 2595 670 2652 είς
692 2591 860 2660 κατανόησιν
882 2597 937 2648 τῶν
959 2599 1130 2666 θαυμασίων
1152 2612 1205 2650 σου
1221 2597 1270 2650 καλ
1293 2593 1433 2656 ἀνοίξαντι
1450 2593 1481 2646 τδ
1498 2589 1594 2672 στόμα

313 2668 394 2747 ἡμῶν
417 2678 457 2736 εἰς
479 2675 682 2746 ἐξομολόγησιν
705 2677 760 2729 τῶν
782 2673 963 2780 ἡμετέραν*
947 2680 1099 2750 αμαρτιῶν,
1121 2683 1239 2778 psi-sunu
1262 2679 1292 2733 δὲ
1315 2683 1370 2732 τῶν
1386 2679 1446 2732 σῶν
1462 2655 1593 2732 irritor.

312 2758 405 2820 Αὐτός
427 2761 475 2814 καλ
497 2761 549 2814 νῦν
565 2762 696 2814 Δέσποτα
720 2755 911 2831 πρόςδεξιιι
884 2780 933 2829 την
950 2759 1103 2832 προςευχὴν
1119 2759 1199 2863 ημῶν
1216 2765 1271 2817 τῶν
1288 2761 1461 2863 αμαριηιλῶν
1476 2761 1524 2813 καλ
1541 2759 1593 2814 εὐ-

310 2849 453 2918 χαρίσταιν
469 2838 577 2899 δούλαν
593 2859 646 2898 σου
663 2846 711 2897 καλ
725 2842 765 2916 μὴ
783 2841 915 2918 ὑπερίδης
937 2864 987 2916 την
1004 2845 1128 2914 δεήσιν
1117 2849 1196 2912 ημῶν
1213 2844 1282 2902 stt&
1299 2849 1348 2901 καλ
1364 2845 1412 2914 τὴν
1429 2844 1481 2912 σὴν
1496 2863 1593 2918 μεγα-

313 2933 482 3000 λοπρέπειαν
500 2923 627 2999 φύλαξον
645 2925 712 2998 ἡμῖν
728 2932 776 2982 καὶ
793 2926 856 2990 τούς
872 2927 1059 2992 συνελθόντας
1075 2933 1123 2985 καλ
1138 2935 1362 3004 συνευχομένους
1373 2924 1594 3000 ἡμῖνκαλίναό.

313 3030 403 3086 γασον
425 3013 457 3068 ἐν
479 3018 540 3073 ταῖς
561 3011 687 3086 καρδίαις
703 3008 783 3079 ἡμῶν
799 3030 827 3066 τε
845 3016 893 3066 καλ
909 3013 1001 3067 αὐτῶν
1018 3013 1066 3070 τόν
1083 3013 1231 3086 φωτισμόν
1247 3017 1302 3069 τῶν
1318 3020 1405 3068 θείων
1421 3017 1525 3083 λογίων
1543 3015 1595 3066 τοῦ

313 3093 477 3170 ιεἰαγγελίου
501 3099 550 3152 τοῦ
567 3099 688 3167 Χριστοῦ
710 3112 772 3150 σου.
807 3101 925 3168 Deinceps
944 3117 1038 3168 preces,
1062 3120 1122 3169 quus
1142 3105 1220 3155 editus
1239 3104 1311 3154 habet
1328 3120 1349 3154 c.
1362 3103 1394 3153 12
1411 3103 1441 3152 ud
1459 3102 1528 3166 Ιλγιὶε
1547 3118 1592 3154 us-

314 3202 369 3252 quo.
405 3187 538 3238 Sacerdos:
563 3181 709 3252 ἔλλαμψον
732 3180 765 3233 ἓν
787 3185 846 3242 ταῖς
867 3183 994 3251 καρδίαις
1010 3196 1054 3239 etc.
1074 3197 1099 3239 ut
1116 3190 1140 3239 iu
1158 3187 1262 3252 Lituruiu
1281 3189 1305 3240 S.
1323 3188 1405 3238 Basilii
1424 3187 1502 3238 additu
1517 3187 1592 3248 ,ciuu-

313 3271 382 3324 suio:
401 3264 507 3338 οὐγὰρ
524 3260 552 3321 εδ
568 3278 612 3320 otc.
631 3279 657 3320 ut
674 3285 695 3320 ι.
707 3267 748 3319 13.
781 3271 978 3322 λιαλιίδλετουυε.
991 3268 1097 3340 Ὀρθοί.
1111 3266 1288 3342 ’Λκοόσυιμεν
1305 3273 1352 3322 τοῦ
1369 3264 1451 3337 ἁγίου
1468 3267 1593 3338 εὐαγγε-

312 3355 383 3408 λίου.
418 3357 546 3408 Sacerdos.
573 3343 666 3421 είρήνη
684 3351 780 3403 πᾶσιν.
815 3354 943 3407 Disoouus.
971 3352 1002 3405 in
1018 3354 1066 3405 τοῦ
1082 3351 1151 3406 κατὰ
1168 3356 1328 3410 Μαιδαῖον.

395 3441 421 3491 R.
441 3441 499 3491 Post
516 3441 601 3489 Pucom
620 3438 702 3489 dicunt
720 3439 834 3488 Lectores
852 3439 1002 3504 ΡτορεεΙιιιι,
1020 3448 1044 3490 ot
1061 3441 1193 3506 Epistulam
1212 3451 1235 3491 ot
1247 3441 1428 3504 Stichologium.
1463 3439 1593 3504 Excipiunt

314 3539 367 3574 εισι
385 3525 527 3588 Deprecatio
552 3538 629 3587 usquo
652 3523 682 3572 ud
705 3515 865 3588 ἱκετεύομεν
888 3533 919 3571 σε
943 3524 999 3576 incl.
1034 3524 1117 3575 Oratio
1135 3526 1305 3591 Tlrymiomatis
1322 3533 1377 3576 suto
1394 3523 1516 3588 Eunosti:
1536 3524 1591 3575 Tibi

313 3607 415 3658 Domine
427 3607 491 3656 Deus
510 3615 593 3656 noster
611 3615 656 3658 oto.
691 3607 806 3670 Sequitur
824 3606 870 3656 uiis
889 3606 990 3659 collecto
1008 3617 1064 3659 oute
1082 3610 1185 3660 diuinum
1196 3609 1363 3674 Euangeliou:
1381 3610 1429 3660 Fue
1446 3615 1472 3658 ut
1489 3609 1514 3658 iu
1532 3623 1591 3659 our-

313 3693 385 3742 dibus
403 3693 503 3752 uostris,
522 3699 547 3741 ut
565 3692 588 3742 iu
600 3689 630 3740 Μ.
649 3691 763 3741 desinens
781 3691 828 3740 ito:
847 3684 881 3738 σὺ
897 3684 952 3756 γόρ
970 3679 998 3741 εί
1012 3687 1027 3742 ό
1045 3687 1246 3761 εὐαγγελισμδς
1263 3703 1289 3746 ut
1301 3711 1320 3746 α
1333 3693 1363 3744 13
1391 3693 1590 3744 Arohidiuuuuus.

313 3778 379 3828 Booti
406 3776 531 3826 audiamus
558 3781 667 3825 sunctum
692 3775 731 3824 Er.
767 3774 895 3826 Sacerdos.
924 3775 970 3825 Pus
994 3777 1114 3829 omuibus.
1149 3779 1283 3830 Archidiac.
1311 3778 1466 3831 Attendamus
1489 3785 1590 3828 sauctus

314 3861 418 3913 loutioni.
454 3860 484 3910 Et
500 3866 556 3924 post
573 3859 613 3909 Er.
632 3859 696 3910 dicut
712 3859 851 3939 Sacerdos
868 3860 916 3910 Psx
934 3861 985 3912 tibi.
1020 3863 1136 3928 Popoius.
1165 3863 1245 3915 Gloria
1263 3865 1306 3914 tibi
1324 3864 1434 3914 Domine.

399 3977 457 4043 Cup.
475 3977 525 4030 ΧΠ.
560 3977 591 4028 u.
609 3985 705 4043 praetor
721 3991 797 4041 ευριι
813 3978 917 4043 scriptus
935 3994 1021 4044 procos
1038 3981 1117 4032 tundit
1131 3995 1176 4046 pru
1195 3982 1267 4034 ciero
1285 3991 1309 4036 ει
1325 3981 1426 4050 populo,
1451 3973 1523 4048 ὑπὲρ
1541 3982 1592 4032 τοῦ
1668 4015 1672 4027 .

313 4057 508 4125 εὐσεβεστάτου
524 4058 573 4111 καλ
590 4061 769 4129 φιλοχρίστου
786 4055 867 4128 ἡμῶν
881 4063 1024 4131 βασιλέως,
1041 4059 1144 4120 παντὸς
1160 4065 1209 4114 του·
1225 4067 1360 4118 παλαιίου
1376 4065 1422 4116 καλ
1440 4062 1489 4115 τοῦ
1500 4075 1590 4132 στρα-

313 4143 431 4196 τοπέδου
448 4145 496 4196 καλ
513 4147 589 4210 νίκης
605 4139 704 4210 αὐτῶν,
722 4162 768 4212 pro
786 4155 869 4197 τευτευ
880 4148 968 4198 Christi
987 4151 1087 4212 ciuitate,
1105 4165 1150 4216 pro
1169 4150 1261 4200 oirituto
1279 4152 1406 4218 imperitii.
1427 4151 1588 4202 Putitiuueuu:

313 4223 434 4296 ὕψωσαν
450 4231 532 4298 κέρας
549 4232 594 4283 huo
610 4233 704 4282 rutiouo
722 4233 889 4297 persequitur:
907 4257 941 4270 -
958 4231 1087 4302 σταυροῦ,
1105 4230 1136 4302 τῇ
1149 4224 1241 4300 χόριτι
1255 4235 1300 4298 τῆς
1307 4233 1512 4302 τριημίρουκιιλ
1522 4250 1589 4302 φοι-

313 4307 486 4382 τυφυροόσης
507 4311 538 4366 ix
555 4311 662 4381 νεκρῶν
678 4311 822 4384 λγίρσευς,
841 4318 989 4385 πρεσβείας
1004 4318 1051 4369 τοῦ
1068 4308 1218 4384 πανόγνοιι
1234 4315 1421 4384 εὐλογημένης
1437 4316 1590 4383 δεσποίνης

310 4391 393 4466 ἡμῶν
408 4391 545 4451 θεοτόκου
560 4398 608 4450 καλ
625 4393 814 4468 δειααρθίνου
830 4400 946 4468 Μαρίας
962 4400 1011 4452 καλ
1025 4395 1140 4453 πάντων
1157 4401 1212 4454 τῶν
1228 4393 1317 4468 ἁγίων
1334 4415 1394 4452 σου.
1414 4396 1588 4472 *ἱκετεύομεν

312 4491 358 4535 oto.
375 4508 409 4520 -
426 4484 455 4534 Et
472 4485 594 4550 completo
611 4485 738 4547 Euuussolio
756 4486 814 4537 uicit
832 4486 966 4538 Discouus:
991 4477 1176 4554 σχολόσυμικ
1191 4483 1321 4544 ἐκτενῶςε
1339 4485 1388 4538 τοῦ
1403 4488 1500 4555 κυρίου
1518 4483 1588 4552 δεη-

310 4567 410 4634 θῶμεν
426 4577 451 4620 et
466 4571 575 4636 sequitur
591 4562 661 4637 ὑπὲρ
679 4567 724 4632 τῆς
734 4563 849 4639 είρὴνης
864 4568 913 4622 τοῦ
929 4563 1091 4639 σύμπαντος
1105 4563 1211 4638 κόσμου
1228 4572 1258 4623 ub
1270 4572 1317 4624 aliu
1328 4573 1506 4640 deprecationis
1517 4587 1588 4638 puts,

309 4655 397 4706 iterum
415 4653 508 4729 ruutilu,
526 4661 552 4706 ut
569 4655 661 4708 tidotur
677 4655 707 4706 sb
721 4654 785 4708 edito
806 4656 907 4708 diuersa.
