3314 5304
222 1642 280 1706 DE
301 1637 529 1704 vusuttttts
550 1641 603 1704 tc
625 1639 978 1706 uuuuutcutottu
1000 1639 1166 1706 Pudnu.

139 1841 317 1933 Praemisso
347 1875 490 1932 consucta
519 1867 742 1931 introductione
764 1874 902 1930 canatur
923 1865 1033 1930 Psaim.
1058 1870 1134 1932 tot:
1163 1860 1333 1959 εύλογεῖή

71 1963 147 2054 ψυχή
166 1989 234 2052 μου
256 1966 316 2035 τόν
334 1963 462 2054 Κύριον
483 1977 514 2031 et
535 1968 615 2030 inter
628 1967 741 2031 Psalmi
764 1966 973 2032 recitationem
989 1969 1138 2033 Sacerdos
1162 1980 1231 2034 aute
1253 1974 1334 2038 sores

74 2079 177 2133 sanctus
200 2079 269 2133 orat
291 2079 406 2152 septem
430 2069 583 2132 orationes
605 2069 666 2133 τοῦ
687 2065 847 2148 λυχνικού,
864 2089 880 2133 a
898 2069 1007 2150 quibus
1023 2070 1098 2132 hacc
1112 2071 1208 2154 prima
1223 2073 1335 2156 Vespe-

74 2191 157 2234 ramm
179 2191 252 2254 pars
275 2191 385 2236 nomon
409 2171 503 2234 trahit
515 2171 576 2234 τού
590 2167 752 2250 λυχνικού.
780 2169 986 2235 Exscribimus
1002 2171 1176 2252 septimam:
1199 2165 1337 2260 όμίγας

74 2267 118 2336 καί
136 2266 291 2360 ύψιστος,
313 2265 332 2339 ό
353 2265 457 2356 μόνος
478 2263 561 2352 ἔχων
582 2262 783 2349 ἀθανασίαν,
807 2273 881 2357 φῶς
903 2264 1001 2337 οίκῶν
1020 2263 1211 2358 ἀπρόςιτον,
1233 2268 1337 2342 όπᾶ.

74 2393 123 2436 σαν
140 2371 199 2460 τήν
219 2369 328 2439 κτίσιν
349 2369 384 2439 ἐν
406 2365 513 2460 σοφίᾳ
535 2365 790 2460 δημιουργήσας,
812 2364 831 2438 δ
854 2364 1056 2457 διαχωρίσας
1077 2365 1141 2438 ἀνὰ
1159 2372 1264 2458 μίσον
1277 2380 1338 2446 τού

76 2473 170 2560 φωτός
197 2471 256 2540 καί
283 2467 346 2540 ἀνά
367 2469 471 2558 μέσον
492 2477 553 2538 τοῦ
575 2466 714 2550 σκότους
733 2469 791 2538 καί
811 2468 870 2538 τὸν
890 2462 1151 2559 ήλισνλθέμενος
1172 2470 1220 2554 είς
1242 2471 1337 2560 ἐξου-

75 2572 135 2640 σίαν
163 2577 226 2662 τῆς
256 2569 392 2664 ἡμέρας,
423 2567 561 2662 σελήνην
582 2571 697 2639 δὲκαὶ
719 2566 862 2659 ἀστέρας
883 2568 933 2652 είς
954 2569 1108 2653 ἐξουσίαν
1127 2579 1187 2663 τῆς
1207 2575 1336 2659 νυκτός·

76 2669 316 2756 διαταξιῶσας
345 2669 426 2764 ἡμῖν
456 2679 529 2753 τοῖς
559 2668 771 2760 ἁμαρτωλοῖς
800 2672 858 2741 καί
888 2669 947 2741 dni
974 2679 1033 2762 τῆς
1054 2674 1227 2766 παρούσης
1249 2676 1339 2769 ῶρας

77 2773 268 2867 σροφθάσαι
288 2774 327 2843 τὸ
349 2770 533 2859 πρόςωπον
553 2795 615 2841 σου
637 2771 674 2842 ἐν
695 2770 932 2864 ἐξομολογήσει
945 2773 1003 2842 καί
1016 2774 1075 2863 τήν
1090 2773 1266 2870 ἑσπερινήν
1280 2779 1336 2850 σοί

77 2875 257 2967 δοξολογίαν
277 2881 509 2964 προςαγαγεῖν,
543 2871 645 2955 αύτδς
666 2872 892 2965 φιλάνθρωπε
912 2873 1117 2946 κατεύδυνον
1144 2879 1204 2968 τήν
1234 2907 1340 2970 προς-

78 2979 154 3068 αηήν
173 2975 269 3068 ήμῶν
291 2973 337 3056 ῶς
357 2972 516 3063 θυμίαμα
538 2972 685 3044 ίνῶπιόν
705 2998 766 3044 σου
786 2976 844 3044 καί
857 2972 1040 3066 πρόςδεξαι
1054 2974 1157 3068 αὐτήν
1170 2978 1219 3061 ε’ίς
1233 2977 1339 3074 δσμήν

79 3075 210 3162 εὐωδίας,
232 3075 410 3166 παράσχου
431 3076 469 3145 δὲ
490 3073 570 3166 ήμῖν
590 3076 650 3165 τήν
671 3082 846 3163 παρούσαν
868 3073 1015 3168 ἑσπέραν
1031 3079 1087 3147 καί
1101 3079 1161 3170 τήν
1175 3076 1339 3168 ἐπιοῦσαν

79 3178 159 3250 νύκτα
179 3177 356 3272 εἰρηνικήν.
377 3171 538 3246 Ἒνδυσον
557 3175 647 3268 ἡμᾶς
667 3175 759 3245 όπλα
781 3177 904 3268 φωτὸς,
926 3184 1025 3269 ῥῦσαι
1039 3177 1127 3270 ἡμᾶς
1142 3178 1211 3251 ἀπὸ
1228 3183 1339 3274 φόβου

78 3289 247 3372 νυκτερινοῦ
267 3280 326 3350 καί
347 3278 474 3359 παντὸς
494 3277 692 3367 πράγματος
713 3278 748 3348 ἐν
770 3275 882 3348 σκότει
902 3280 1187 3370 διαπορευομένου
1208 3283 1265 3352 καί
1281 3284 1340 3368 δδς

79 3383 124 3450 τόν
149 3383 266 3466 ύπνον,
302 3375 340 3450 ὃν
372 3377 422 3461 είς
453 3376 644 3448 ἀνάπαυσιν
668 3385 709 3471 τῇ
731 3377 892 3471 ἀσθενείᾳ
913 3377 1006 3471 ήμῶν
1027 3381 1195 3472 ἐδωρήσω,
1227 3382 1340 3477 πάσης

82 3485 258 3575 διυβολικής
291 3478 480 3574 φαντασίας
511 3477 775 3570 ἀπηλλαγμένον.
817 3481 889 3549 Ναί
922 3480 1073 3550 δέσποτα
1102 3490 1169 3551 τῶν
1200 3481 1341 3575 ἀγαθῶν

81 3587 187 3676 toperi,
208 3589 266 3655 ἵνα
286 3584 345 3654 καὶ
365 3581 426 3652 ἐπὶ
446 3587 522 3663 ταῖς
540 3580 670 3663 κοίταις
689 3579 783 3674 ήμῶν
801 3580 1066 3671 καταγενόμενοι,
1087 3585 1342 3677 μνημονεύωμεν

83 3683 108 3752 b
132 3688 221 3756 rusori
250 3691 314 3754 τού
334 3680 499 3771 ὀνόματός
520 3706 582 3752 σου
603 3684 662 3752 καί
680 3689 722 3776 τῇ
741 3686 861 3776 μελετῇ
881 3689 947 3754 τῶν
968 3691 1035 3752 σῶν
1056 3685 1198 3756 ἐντολῶν
1218 3715 1342 3759 καταυ-

83 3787 239 3873 γαζόμενοι
272 3785 310 3858 ἐν
342 3781 538 3874 ἀγαλλιάσει
569 3791 680 3877 ψιγής
712 3787 939 3872 διαναστῶμεν
960 3787 1047 3874 πρὸς
1068 3787 1264 3879 δοξολσγίαν
1283 3797 1343 3881 τῆς

83 3896 128 3976 tir
144 3886 367 3980 ἀγαθότητος,
391 3885 522 3977 δεήσεις
542 3885 599 3954 καί
621 3882 748 3967 ίνεσίας
767 3893 808 3979 τῇ
829 3893 871 3980 σῇ
885 3882 1108 3979 εύσπλαγχνίρ
1122 3889 1344 3979 προςάγοντες

84 3985 150 4081 inp
179 3997 249 4062 τῶν
281 3986 378 4060 ίδίων
409 3985 654 4078 ἁμαρτημάτων
685 3987 743 4055 καί
773 3986 901 4068 παντὸς
931 3993 992 4056 τού
1018 3989 1103 4057 λαοῦ
1129 4013 1190 4058 σου
1212 3989 1248 4059 ἐν
1267 3995 1343 4072 ταῖς

84 4091 261 4181 πρεσβείαις
282 4099 343 4181 τῆς
364 4086 460 4179 δγίας
480 4085 645 4158 θεστόκου
667 4087 702 4156 δν
723 4086 813 4156 ἀλύει
833 4084 1027 4179 δπίσκεψαι.
1048 4087 1128 4158 Ὅτι
1142 4087 1272 4179 ἀγαθὸς
1285 4089 1345 4160 καί

85 4195 315 4283 φιλάνθρωπος
343 4191 428 4273 θεὸς
458 4187 621 4277 ὑπάρχεις
650 4188 709 4257 καί
729 4187 786 4257 σοί
805 4188 865 4276 τήν
887 4185 988 4272 δόξαν
1009 4186 1262 4277 άναπίμπσμεν,
1294 4197 1344 4282 τῷ

86 4298 171 4385 πατρὶ
202 4295 260 4364 καὶ
293 4298 341 4382 τῷ
363 4289 426 4382 viui
447 4290 573 4380 καὶτῷ
596 4286 679 4382 άγίηι
700 4285 868 4377 πνεύματι
888 4296 945 4358 νύν
964 4289 1022 4360 καί
1043 4288 1175 4360 ἀείκαὶ
1196 4288 1246 4372 είς
1265 4293 1344 4375 τοὺς

87 4391 191 4480 οίῶνας
211 4402 279 4465 τῶν
302 4390 441 4464 αίιύνων.
483 4387 598 4482 Ἀμήν.

152 4502 299 4568 Precibus
326 4501 387 4564 τοῦ
408 4497 560 4578 λυχνιιιού
580 4514 640 4560 una
663 4513 731 4559 cum
752 4493 873 4559 Psalmo
896 4494 1051 4570 absolutis,
1085 4495 1195 4560 dicitur
1215 4489 1345 4564 ἐκτενία

88 4600 143 4666 ἰε
161 4602 337 4688 deprecatio
359 4619 416 4684 pro
439 4619 522 4680 pace,
551 4617 606 4679 pro
629 4597 758 4662 occissis
781 4607 849 4671 etc..
879 4616 956 4679 quae
978 4597 1118 4660 conuenit
1138 4613 1205 4660 cum
1228 4599 1344 4682 suppli·

89 4705 188 4771 catione
209 4705 296 4768 obvia
319 4703 351 4766 in
373 4702 476 4765 missis
499 4700 611 4777 iacobi,
633 4698 840 4780 chrysostomi
859 4697 997 4778 aliisque.
1110 4793 1143 4848 w

113 4805 142 4856 rr.
