3360 5304
678 442 752 516 209

157 627 194 690 ln
226 627 287 691 alio
319 626 424 692 altaris
456 625 551 691 latere
582 635 680 692 metat
711 620 995 716 σκιυοφυλόκιοι,
1029 623 1246 710 ormesta)
1285 650 1353 695 cnm

73 745 177 796 mensa
209 729 316 792 tertia:
346 729 391 792 illi
423 729 677 810 superimponunt
697 748 748 794 res
782 730 972 794 necessarias
1005 732 1237 807 celebrantibus,
1267 751 1353 795 saera

74 849 151 904 rasa,
180 837 282 893 restes
310 839 342 894 et
362 830 475 895 libros:
506 831 595 913 panis
617 831 709 894 etiam
730 832 896 912 emuniens,
923 841 996 914 post
1017 834 1200 898 oblationem
1222 834 1254 895 in
1277 834 1351 896 Pro·

74 931 149 994 thesi
174 931 295 1008 laetam,
318 932 355 994 ad
378 933 469 996 flnem
489 951 587 1014 usque
608 933 760 1013 biturgiae
782 934 834 996 bic
854 942 1035 1008 asservatur,
1068 936 1146 998 sicut
1173 942 1203 996 et
1225 952 1300 1014 aqna
1323 935 1354 996 in

74 1033 271 1114 Theophanis
293 1033 455 1098 benedicte
476 1053 503 1098 e.
519 1053 547 1098 a.
583 1034 618 1097 ln
640 1035 748 1098 eodem
770 1034 838 1098 loeo
861 1035 1009 1098 carbones
1033 1036 1069 1098 ad
1092 1036 1186 1100 altare
1206 1054 1262 1116 pro
1287 1037 1352 1097 sul·

74 1135 125 1196 litu
155 1135 302 1197 lerendos
334 1136 511 1211 accendunt,
544 1137 640 1199 sacris
672 1135 822 1200 lebetibus
850 1137 1063 1201 calefaciendis
1093 1145 1287 1218 occupantur,
1322 1146 1354 1199 nt

75 1253 154 1298 more
178 1235 270 1298 solito
294 1255 372 1317 aqua
394 1239 513 1302 lemene
535 1255 623 1302 sacro
647 1237 733 1301 calici
756 1239 931 1320 tempestive
946 1239 1129 1302 infundatur.
1159 1239 1197 1301 lit
1211 1239 1242 1302 id
1258 1255 1354 1318 genna

75 1336 137 1398 alia.
181 1337 274 1401 Vides
296 1337 481 1402 Diaccuicon
510 1339 590 1402 idem
618 1358 686 1403 essa
714 1349 803 1421 atque
825 1333 1044 1426 παστοφόρια
1066 1339 1155 1403 nobis
1177 1341 1208 1403 iu
1233 1341 1353 1404 Consti·

75 1437 240 1502 unionibus
261 1439 476 1521 Apostolorum
498 1439 586 1504 obvia
609 1461 640 1522 p.
658 1445 709 1506 15.

153 1573 192 1636 Et
223 1573 303 1638 haec
335 1584 383 1638 est
402 1575 502 1639 brevis
526 1584 556 1639 ct
577 1578 731 1640 succincta
752 1575 932 1639 recentioris
954 1577 1032 1657 apud
1050 1577 1181 1640 Graecos
1204 1575 1352 1642 ecclesiae

78 1675 250 1740 delineatio.
295 1677 369 1738 Nam
393 1697 469 1758 quae
492 1679 621 1742 fortasse
644 1679 810 1751 desideras,
840 1687 1013 1757 suggestum
1035 1697 1153 1741 sacrum
1177 1686 1207 1742 et
1230 1697 1351 1757 organa,

78 1797 108 1840 ea
126 1797 196 1839 raro
219 1777 268 1840 rel
290 1797 453 1859 numquam
474 1781 674 1861 reperiuntur.
719 1779 753 1843 ln
776 1777 915 1842 ecclesiis
938 1789 1051 1841 tantum
1086 1781 1307 1844 cathedralibus
1336 1801 1352 1844 e

78 1881 175 1942 rostris
204 1878 304 1941 sacris
325 1879 476 1942 interdum
499 1882 696 1944 concionatur
718 1882 890 1962 episcopus,
920 1880 1031 1962 quippe
1054 1881 1133 1961 quod
1158 1881 1265 1945 Graeci
1287 1901 1351 1946 ser-

78 1997 173 2044 mones
196 1981 236 2042 ad
260 1981 401 2062 propium
424 1981 562 2064 episcopi
584 2001 693 2044 munus
715 1983 859 2046 referunt.

152 2117 191 2180 Ut
219 2119 378 2180 Sectarnm
408 2118 545 2182 aedilicia
573 2137 659 2180 sacra
687 2118 783 2182 tribus
811 2117 912 2181 verbis
940 2135 1224 2192 commemoremus,
1255 2135 1352 2198 paene

79 2237 174 2282 omnes
196 2219 230 2280 in
253 2219 404 2300 tripartita
427 2219 531 2301 templi
552 2220 668 2282 ratione
688 2221 804 2306 (βῆμα,
825 2211 914 2298 ναός,
937 2211 1078 2305 νάρθηξ)
1094 2219 1270 2300 conspirant
1284 2237 1352 2282 oum

80 2319 288 2399 cacodoxian
332 2320 447 2382 Tamen
468 2321 613 2384 nonnulla
635 2321 759 2384 suntin
782 2319 1006 2384 observatione.
1048 2321 1135 2402 Apud
1154 2321 1351 2384 Nestorianos

80 2424 167 2484 omnis
200 2421 308 2502 templi
341 2422 510 2485 sanctitudo
533 2424 705 2487 continetur
726 2431 853 2502 angusto
876 2422 1006 2503 quodam
1029 2423 1128 2488 erucis
1150 2423 1351 2502 receptaculo,

81 2523 208 2586 orientali
244 2523 410 2586 sanctuarii
443 2524 548 2604 plagae
582 2524 747 2587 adstructo.
790 2523 871 2587 Nihil
899 2531 1021 2604 praeter
1049 2542 1169 2586 crucem
1203 2523 1247 2585 ibi
1280 2543 1353 2586 con·

80 2625 196 2706 spiritur
228 2625 373 2700 necubi,
404 2644 443 2688 ne
465 2626 674 2690 sacerdotibus
697 2626 828 2706 quidem,
861 2625 1038 2688 conceditur
1058 2643 1210 2688 accessus.
1254 2625 1353 2691 Simili

82 2959 121 2994 cnr
140 2941 232 3010 ἐπειδὴ
256 2939 343 3013 ἐγγὺς
358 2932 394 3010 ἦν
411 2939 441 2997 ad
458 2948 601 3014 μνημεῖον
624 2939 696 2996 ὅπου
714 2939 848 3010 ὸἺησοῦς
864 2938 1036 3012 ἐσταυρώθη.
1071 2943 1129 2995 Kal
1145 2937 1228 3008 ταύιη
1247 2935 1317 2995 εἶναι
1335 2937 1352 3008 ἡ

83 3031 144 3080 alric
161 3025 233 3082 baeu
251 3024 349 3082 ἐπάνω
367 3028 414 3094 τῆς
430 3023 513 3097 eiyloc
528 3031 689 3100 προθέσεως
704 3031 811 3098 γίνεται
827 3027 843 3096 ἡ
861 3022 1027 3100 ἀνάμνησις.

157 3153 179 3212 ll
201 3152 378 3202 Demonstrare
402 3150 484 3202 studet
499 3150 600 3202 bllatins
618 3141 839 3216 σκευοφυλιὶκιον
857 3151 915 3200 olim
934 3150 1052 3200 diuersum
1072 3149 1148 3200 luisse
1166 3148 1195 3197 ab
1213 3148 1351 3198 Disconico.

83 3235 148 3294 „lasa
165 3251 235 3288 saera
255 3245 280 3286 et
298 3235 417 3300 reliquam
437 3235 554 3286 eeclesiae
572 3235 750 3300 supellectilem
769 3234 908 3286 sacerdotes
927 3243 983 3299 post
1000 3233 1065 3284 illiue
1084 3246 1154 3282 usum
1171 3233 1195 3282 in
1208 3232 1280 3280 aedes
1292 3247 1351 3296 pro·

86 3321 140 3382 prise
156 3322 293 3372 comebant
310 3320 509 3371 conservandam.
526 3344 559 3356 —
578 3319 619 3370 Sic
637 3320 699 3370 enini
718 3320 784 3370 bisce
802 3320 954 3383 temporibus
973 3317 1049 3380 magis
1066 3317 1090 3366 in
1109 3323 1160 3366 tuto
1179 3328 1233 3364 osse
1251 3329 1351 3378 eompa-

84 3405 170 3456 nuotur.
205 3407 289 3465 Quare
307 3407 398 3456 lrustra
416 3419 480 3454 nnnc
498 3403 614 3468 temporie
633 3403 849 3470 Seeuopbplaciou,
873 3404 937 3469 quod
956 3404 987 3452 eit
1004 3400 1087 3466 templi
1104 3414 1173 3466 pare,
1196 3399 1288 3463 templo
1306 3399 1350 3449 ad-

86 3504 155 3540 seram
173 3488 331 3556 perquiras.“
367 3487 466 3538 Nesla
481 3489 497 3538 l.
511 3504 531 3540 c.
550 3503 575 3552 p.
587 3487 649 3540 191:
675 3489 744 3550 „The
767 3488 880 3540 situation
899 3490 926 3538 ol
942 3488 982 3538 the
1000 3487 1142 3538 diaconicon
1160 3485 1181 3534 is
1200 3490 1242 3534 not
1259 3499 1287 3534 so
1307 3483 1351 3534 ah·

84 3575 171 3638 sebtelp
195 3575 258 3626 llsed
284 3588 311 3624 ιι
330 3573 383 3623 that
399 3573 427 3622 ol
442 3573 484 3624 tbe
500 3573 636 3637 prothesis:
661 3588 697 3624 rte
715 3573 764 3624 llud
782 3574 903 3624 instancee
920 3575 958 3634 les
976 3571 1016 3622 lor
1033 3569 1142 3634 example
1160 3570 1184 3620 in
1201 3569 1242 3618 tbe
1261 3568 1352 3620 cbnrch

84 3659 268 3720 ebrietatem,
293 3657 417 3708 herealter
439 3665 464 3706 to
481 3657 512 3707 be
530 3657 635 3718 noticed)
658 3656 738 3708 rebare
756 3659 775 3708 it
791 3659 812 3709 is
830 3659 896 3723 quite
914 3655 1008 3722 pushed
1026 3664 1068 3705 oot
1085 3655 1114 3706 ul
1130 3655 1160 3708 ite
1178 3654 1247 3703 usual
1266 3653 1351 3718 place:

83 3744 120 3792 esd
135 3745 199 3796 there
217 3759 261 3794 ere
280 3758 335 3806 serp
355 3742 490 3807 trequentlp
508 3751 564 3794 tero.
599 3741 632 3792 So
651 3743 669 3793 it
685 3758 735 3794 eras
753 3745 777 3793 ln
795 3743 820 3792 S.
839 3743 944 3807 Sopbia;
968 3756 1005 3802 so,
1023 3737 1150 3805 probably,
1168 3740 1191 3788 io
1209 3738 1249 3788 tho
1268 3738 1351 3788 estbe-

83 3825 124 3875 drsl
140 3830 167 3880 et
182 3829 350 3890 l'cbeeemm
368 3841 398 3876 eo
417 3826 440 3876 in
459 3827 499 3876 tbe
517 3835 654 3892 monastery
673 3828 763 3878 eburcb
782 3828 809 3877 ol
825 3827 928 3892 Daphni.
964 3825 1014 3874 The
1032 3824 1141 3874 lresooes
1168 3824 1192 3872 io
1210 3823 1250 3873 tbe
1268 3823 1352 3873 diaco·

84 3913 143 3964 nicos
158 3928 202 3964 are
219 3913 361 3978 lreqnentlp
379 3911 419 3962 the
436 3912 505 3962 icone
523 3911 551 3961 ol
567 3910 653 3975 eeintlp
671 3912 792 3974 desecue;
810 3926 837 3962 as
855 3912 881 3962 S.
899 3909 1016 3976 Stephon,
1033 3907 1060 3958 S.
1077 3907 1210 3971 benjamin,
1228 3905 1292 3958 etc.“

153 4029 179 4092 2)
196 4030 299 4082 llesle
317 4031 334 4080 l.
345 4045 367 4081 e.
385 4045 410 4094 p.
421 4029 485 4080 1⁷9:
503 4029 580 4090 „This
597 4029 666 4079 strict
683 4029 806 4081 seclusion
824 4029 852 4078 ol
867 4029 909 4078 the
925 4036 1052 4092 sonmearp
1070 4025 1173 4091 presails
1191 4024 1223 4074 all
1241 4037 1298 4074 orer
1309 4022 1351 4073 the

85 4111 137 4166 het
170 4117 196 4166 lu
215 4116 257 4165 the
277 4115 364 4180 Coptie
375 4114 470 4164 Choreb
489 4115 507 4164 it
525 4115 546 4164 is
563 4114 603 4164 tha
620 4113 733 4174 aradios,
752 4128 765 4164 ι
783 4113 849 4164 clear
866 4112 1007 4176 corruption
1024 4113 1053 4161 ol
1068 4112 1108 4160 tbe
1126 4110 1203 4162 Greek
1213 4107 1350 4158 dictatione

82 4197 100 4246 is
119 4200 157 4252 tbe
174 4201 289 4265 Ethiopic
311 4201 353 4250 the
372 4199 444 4250 dedis
462 4197 575 4260 llediseo,
602 4213 631 4249 or
648 4197 709 4262 Holp
732 4198 760 4248 ol
775 4198 873 4261 llolies3
901 4211 988 4259 among
1011 4195 1052 4246 tbe
1069 4195 1210 4245 Nestorisue
1234 4192 1290 4240 itis
1308 4191 1350 4240 tbe

83 4279 161 4346 dubia,
184 4285 234 4335 and
259 4291 303 4334 not
328 4299 387 4334 esau
410 4283 451 4332 tha
469 4283 546 4334 Prioet
566 4297 619 4346 may
636 4291 705 4332 enter
720 4282 739 4332 it
755 4283 857 4333 without
872 4295 961 4347 prayer
978 4293 1007 4331 or
1024 4279 1120 4339 tasting,
1144 4277 1206 4327 their
1223 4274 1350 4325 strictneee

83 4367 170 4420 serbis
194 4370 265 4434 point
283 4367 357 4430 beinp
374 4366 464 4417 almost
479 4367 576 4419 lenisb.
611 4367 640 4416 “l
658 4366 802 4428 obsereed‚”
819 4381 875 4431 sepe
893 4380 905 4416 a
924 4365 1025 4416 modern
1044 4361 1164 4421 travalias,
1190 4359 1306 4424 speaking
1324 4359 1352 4410 ol

83 4451 226 4504 insumo
244 4453 347 4514 choreb,
365 4451 436 4501 “thet
453 4465 466 4502 ι
483 4452 546 4503 door
563 4451 697 4503 conducted
715 4452 765 4501 into
784 4451 978 4513 theubatum,
1001 4447 1048 4498 end
1066 4459 1115 4495 nae
1133 4445 1207 4495 about
1224 4451 1249 4495 lo
1266 4452 1350 4508 eoter;

82 4527 116 4584 bet
129 4539 167 4588 the
178 4539 271 4604 lliebop
290 4535 453 4589 commanded
472 4551 510 4587 me
530 4539 552 4588 ia
573 4550 603 4587 ao
621 4535 788 4586 authoritatire
806 4543 863 4586 tone
880 4541 905 4586 to
923 4541 995 4598 step:
1012 4532 1021 4581 Ι
1038 4529 1133 4596 raplied
1151 4529 1202 4580 that
1219 4529 1229 4579 l
1247 4537 1349 4580 moriae

84 4620 191 4687 Ῥήιιις
209 4623 253 4674 bet
271 4627 303 4674 ba
321 4621 449 4673 acenered
467 4622 519 4672 that
536 4622 576 4673 tha
594 4622 664 4686 place
682 4619 753 4671 could
772 4619 828 4685 only
844 4621 875 4671 ba
893 4617 991 4671 entered
1008 4616 1038 4680 hp
1057 4615 1153 4677 laetius,
1171 4613 1218 4665 and
1236 4613 1350 4679 betrayed

83 4699 147 4764 blla
164 4721 265 4761 manner
283 4709 347 4761 such
366 4723 396 4759 an
416 4715 569 4760 earneetnees
587 4706 638 4758 thet
655 4705 664 4756 l
683 4703 815 4756 desisted.”
1113 4784 1144 4834 14

107 4789 139 4840 lt,
