3378 5302
924 429 997 502 104

633 612 704 682 Καὶ
726 605 965 700 ἀποκρίνονται
985 605 1256 692 ίπικλινομένως.
1266 613 1287 688 ¹)

399 732 613 830 Πνεῦμα”
588 762 697 836 αγιον
722 728 991 808 ἐπελεύσεται
975 731 1033 804 επὶ
1061 728 1114 818 σε’,
1140 727 1205 802 καί
1230 724 1424 824 δύναμις“
1435 726 1586 825 Υψίστου

322 834 524 912 ἐπισκιάσει
549 861 618 912 σοι.

719 976 845 1052 Elva‘
826 1008 845 1051 ο
868 979 974 1071 ῖερεῦς
996 981 1198 1064 διεξοδικῶς.

395 1105 480 1183 06
482 1101 755 1232 πισκεηιάμενος
778 1103 877 1200 ἡμᾶς
901 1106 942 1178 ἐν
966 1103 1076 1185 ἐλέοις
1099 1101 1163 1176 καὶ
1190 1105 1403 1200 οῖκτιρμοῖς,
1437 1103 1587 1180 δέσποτα

323 1205 450 1307 Κύριε,
482 1206 546 1284 καὶ
573 1202 825 1335 χαρισάμενος
856 1203 1116 1302 παρρησίαν
1095 1208 1186 1301 ημῖν
1217 1209 1294 1288 τοῖς
1325 1212 1509 1290 ταπεινοῖς
1531 1205 1587 1280 καὶ

324 1309 557 1409 ἁμαρτωλοῖς
588 1308 652 1385 καὶ
685 1305 849 1392 ἀναξίοις
881 1332 950 1382 σου
976 1305 1135 1394 δούλοις,
1168 1301 1397 1402 παρεστάναι
1422 1317 1475 1405 τῷ
1501 1307 1587 1435 ἁγίῳ

324 1436 394 1487 σου
426 1409 698 1540 θυσιαστηρίῳ,
731 1407 795 1484 καὶ
825 1408 1117 1536 προςρέρειν
1077 1434 1136 1483 σοι
1168 1405 1238 1533 την
1262 1406 1433 1506 φοβερὰν
1458 1408 1587 1538 666166

323 1512 387 1589 καὶ
420 1512 654 1610 ἀναίμακτον
686 1509 831 1585 θυσίαν
863 1538 954 1636 οπερ
986 1537 1065 1586 των
1096 1508 1301 1684 ἡμετέρωγέ
1318 1507 1588 1640 ἁμαρτημάτων

323 1613 387 1691 καὶ
411 1621 490 1690 τῶν
506 1643 574 1688 του
556 1612 722 1687 λαοῦ’
702 1607 965 1740 αγνοημάτων,
991 1609 1226 1740 ἐπέβλεψαν
1210 1611 1266 1684 επ’
1285 1608 1349 1706 ἐμὲ
1366 1613 1434 1689 τὸν
1450 1613 1588 1708 ἀχρεῖον

323 1713 464 1791 δοῦλόν
490 1740 571 1804 σου,
598 1713 661 1789 καὶ
686 1711 880 1809 ἐξάλειεγον
905 1711 951 1788 τά
978 1709 1264 1809 παραπτώματα
1283 1711 1405 1788 διά
1364 1743 1435 1810 την
1452 1716 1519 1812 σὴν
1535 1715 1589 1790 εὐ-

325 1817 574 1948 σπλαγχνίαγ·
607 1814 672 1890 καί
703 1811 917 1914 καθάρισόν
948 1843 1025 1911 μου
1057 1814 1104 1888 τά
1127 1813 1229 1910 χείλη
1255 1814 1319 1889 καὶ
1343 1813 1413 1912 τὴν
1438 1816 1588 1944 καρδίαν

325 1919 398 2048 ἀπὸ
424 1917 563 2003 παντὸς
588 1925 784 2014 μολυσμοῦ
811 1915 946 2015 σαρκὸς
970 1916 1034 1990 καί
1054 1913 1280 2012 πνεύματος·
1306 1915 1371 1992 καὶ
1388 1915 1589 2046 ἀπόστησον

325 2021 390 2095 ἀπ
421 2024 513 2116 ἐμοῦ
539 2018 663 2094 πάντα
689 2017 870 2146 λογισμὸν
895 2015 1052 2144 αλσχρόγ
1077 2015 1196 2092 τεκαὶ
1216 2014 1412 2110 ἀσύνετον,
1437 2017 1589 2148 καῖὶκά-

324 2119 450 2198 νωσόν
475 2151 521 2218 με
546 2129 592 2218 τῇ
619 2116 779 2216 δυνάμει
804 2129 872 2195 τοῦ
897 2118 1085 2246 παναγίου
1111 2145 1180 2195 σου
1207 2117 1432 2248 Πνεάματος
1457 2127 1506 2207 ελς
1529 2121 1589 2218 τὴν

324 2222 558 2325 λειτουργίαν
588 2218 745 2318 ταύτην·
779 2219 843 2296 καὶ
874 2217 1070 2319 πρόςδεξαί
1101 2251 1148 2318 με
1180 2219 1244 2296 διὰ
1277 2221 1345 2320 τὴν
1380 2220 1589 2353 ἀγαθάτητά

326 2350 408 2414 σου,
435 2323 723 2452 προςεγγίζοντα
745 2351 800 2422 τῳ
827 2321 922 2425 ἀγίῳ
949 2347 1018 2398 σου
1043 2321 1321 2451 θυσιαστηρίῳ·
1359 2355 1423 2402 και
1411 2324 1590 2420 εὐδόκη-

326 2453 414 2516 σον,
448 2423 582 2524 Κύριε,
617 2423 729 2500 δεκτά
759 2426 938 2526 γενέσθαι
971 2423 1019 2498 τὰ
1051 2421 1310 2553 προςαγόμενα
1342 2435 1463 2504 ταῦτα
1493 2427 1589 2525 δῶρα

325 2525 390 2602 διὰ
416 2536 494 2602 ταῖν
518 2527 706 2655 ἡμετέρων
728 2534 879 2656 χειρῶν,
907 2527 1222 2656 συγκαταβαίνων
1247 2533 1328 2612 ταῖς
1352 2532 1459 2626 ἐμαῖς
1483 2528 1591 2604 ἀσθε-

325 2629 452 2718 νείαις,
485 2628 549 2703 καὶ
581 2629 633 2760 μη
661 2627 872 2758 ἀποῤῥίιγῃς
904 2658 950 2725 με
976 2628 1049 2703 ἀπὸ
1074 2637 1143 2704 τοῦ
1168 2658 1366 2727 προςωπου
1392 2655 1473 2721 σου,
1505 2627 1589 2754 μηδὲ

324 2727 551 2857 βδελύξῃ
511 2757 581 2828 την
606 2729 700 2860 ἀμὴν
726 2730 960 2827 ἀναξιότητα,
988 2729 1068 2805 ἀλλ
1098 2729 1246 2828 ἐλέησόν
1270 2760 1316 2829 με
1332 2761 1430 2808 κατα
1416 2733 1488 2808 τὸ
1503 2733 1590 2833 μέγα

326 2827 423 2915 ἔλεός
448 2855 530 2921 σου,
556 2831 620 2907 καὶ
644 2831 739 2906 κατὰ
765 2831 808 2907 τὸ
833 2834 978 2929 πλῆθος
1002 2841 1080 2908 τῶν
1098 2837 1301 2932 ολκτιρμυῖν
1318 2858 1388 2910 σου
1405 2836 1590 2962 παρένεγκε

326 2933 373 3008 τὰ
400 2931 625 3046 ἀνομήματά
649 2962 738 3031 μου,
764 2934 874 3008 λ”να
854 2933 1109 3030 ακατακρίτως
1133 2933 1349 3032 προςελθών
1370 2933 1588 3013 κατενώπιον

326 3044 391 3130 τῆς
423 3030 572 3163 δόξης
564 3062 646 3124 σου,
679 3039 905 3120 καταξιωθοῖ
939 3043 1004 3132 τῆς
1030 3035 1161 3131 σκέπης
1185 3044 1253 3110 τοῦ
1278 3047 1520 3164 μονογενοῦς
1528 3063 1589 3111 σου

334 3139 420 3212 λῖοῦ
451 3136 515 3211 καὶ
547 3146 611 3234 τῆς
643 3135 856 3234 ἐλλάμψεως
881 3145 949 3214 τοῦ
975 3137 1161 3263 παναγίου
1188 3136 1295 3213 Πνεύ
1295 3167 1425 3234 ματος,
1460 3137 1590 3234 καὶμὴ

327 3268 377 3322 ως
403 3237 584 3323 δοῦλος
562 3239 748 3337 αμαρτίας
765 3237 1053 3368 ἀποδόκιμος
1007 3268 1186 3364 γενωμαι,
1214 3240 1294 3313 ἀλλ’
1316 3269 1367 3324 ως
1389 3239 1569 3326 δοῦλος
1535 3265 1592 3320 σος

327 3340 424 3438 εὕρω
446 3337 560 3438 χάριν
585 3341 649 3415 καὶ
675 3343 770 3425 ἔλεος
795 3341 858 3416 καὶ
884 3341 1019 3439 ἄφεσιν
1038 3340 1235 3436 ἁμαρτιῶν
1252 3337 1414 3419 ε’νοίπιόν
1430 3369 1509 3432 σου,
1533 3336 1591 3416 καὶ

327 3446 369 3516 ἐν
389 3451 455 3568 τῷ
487 3451 560 3518 νῦν
585 3443 648 3518 καὶ
674 3446 715 3518 ἐν
739 3451 833 3539 τῴγ
819 3444 988 3536 μέλλοντι
1015 3447 1140 3516 αλαῖνι·
1177 3441 1241 3518 ναὶ
1267 3444 1437 3520 Δέσποτα
1462 3470 1591 3520 παντο-

327 3539 480 3670 κράτορ,
512 3541 777 3636 παντοδύναμε
810 3541 942 3641 Κύριε,
976 3541 1190 3627 ελςάκουσον
1222 3553 1286 3672 τῆς
1318 3542 1475 3643 δεήσεαίς
1505 3568 1588 3642 μόυ

328 3643 474 3771 οὐγὰρ
501 3641 576 3718 6‘
558 3673 578 3718 ο
604 3643 651 3718 τά
677 3641 800 3720 πάντα
798 3648 990 3771 ενεργαῖν
1014 3673 1055 3720 εν
1080 3654 1185 3736 πᾶσι,
1219 3647 1283 3774 καί
1308 3646 1377 3744 τὴν
1403 3647 1502 3747 παρά
1528 3649 1591 3768 σοῦ

328 3741 463 3828 πάντες
486 3745 727 3842 ἐπιζητοῦμεν
752 3745 810 3821 ἐπὶ
835 3754 927 3821 πᾶσι
950 3745 1137 3844 βοήθειάν
1160 3777 1199 3822 τε
1219 3747 1284 3823 καί
1300 3749 1516 3880 ἀντίληψιν,
1534 3744 1591 3822 καί

327 3855 396 3921 τοῦ
421 3857 664 3976 μογογενοῦς
674 3873 742 3923 σου
764 3849 862 3938 ὶῖοῦ,
887 3847 950 3923 καὶ
976 3857 1045 3924 τοῦ
1069 3850 1223 3975 ἀγαθοῦ
1247 3849 1311 3924 καὶ
1338 3849 1518 3941 ζωοποιοῦ
1534 3845 1592 3924 καί

327 3947 531 4046 ὁμοουσίου
558 3947 795 4048 Πνεῦματος,
819 3958 893 4027 νῦν
916 3951 978 4028 καὶ
1003 3956 1054 4035 εἰς
1078 3950 1165 4034 τοῦς
1190 3956 1340 4038 αἰῶνας.

416 4122 440 4182 1)
458 4123 544 4170 Fabn'o.
563 4127 640 4171 omittit
655 4137 734 4172 vocem
751 4123 954 4189 λπιιιλινομένως

328 4355 377 4418 κός
393 4375 420 4410 τε
437 4363 535 4411 καί-
501 4356 672 4428 -ἀγλιισόν
687 4377 724 4431 με
742 4377 772 4430 ιη
761 4357 851 4411 δον.
870 4360 918 4410 τοῦ
935 4353 1018 4425 ἁγίου
1035 4372 1135 4411 σου-
1102 4354 1200 4410 -διά
1218 4356 1267 4424 τὴν
1283 4356 1451 4427 ‹6766-
1418 4355 1506 4410 -τδ
1528 4353 1593 4424 μέλ

328 4445 410 4496 λοντα
433 4439 631 4514 προςαγίμενά
656 4459 700 4496 σοι
720 4443 848 4512 δῶρα-
865 4439 904 4512 μὴ
923 4439 1055 4508 βδελιῖξης
1069 4458 1158 4511 μι-
1123 4437 1288 4508 -λλέησὸν
1303 4460 1340 4513 με
1359 4438 1374 4496 6
1391 4435 1457 4500 θεὸς
1480 4430 1546 4492 κατά
1563 4459 1592 4474 -··

328 4525 358 4582 τὸ
376 4510 1593 4624 &rma-mnaeoovxoetvjc—‹5060506603›-60192106616-616

330 4626 435 4666 κουσον
458 4613 552 4676 165·-
569 4607 772 4682 φιλάνθρωπος
794 4601 821 4664 εί
841 4611 890 4662 νιιιλ
913 4606 1151 4707 δέδοξασμίνρς
1137 4607 1271 4684 υπάρχεις
1288 4607 1414 4676 Ἰησοῦ“
1403 4627 1418 4663 ο
1439 4607 1505 4668 θεὸς
1519 4601 1593 4675 6⁴61

330 4692 384 4751 σῦν
401 4699 438 4765 κρῖ
453 4691 566 4768 ἀνάρχηι
585 4711 636 4750 σου
653 4713 736 4768 παιρι
755 4695 802 4748 καλ
820 4695 858 4761 ιρῖ
874 4689 945 4764 ἁγίῳ
962 4709 1014 4750 σον
1031 4689 1168 4765 πνεύματι
1186 4698 1238 4752 νῦν
1254 4696 1302 4750 καλ
1319 4692 1372 4750 δελ
