<?xml version="1.0" encoding="UTF-8"?>
<!DOCTYPE html PUBLIC "-//W3C//DTD XHTML 1.0 Transitional//EN"
    "http://www.w3.org/TR/xhtml1/DTD/xhtml1-transitional.dtd">
<html xmlns="http://www.w3.org/1999/xhtml" xml:lang="en" lang="en">
 <head>
  <title>
</title>
<meta http-equiv="Content-Type" content="text/html;charset=utf-8" />
  <meta name='ocr-system' content='tesseract 3.04.00' />
  <meta name='ocr-capabilities' content='ocr_page ocr_carea ocr_par ocr_line ocrx_word'/>
</head>
<body>
  <div class='ocr_page' id='page_1' title='image "./lta-2000/codexliturgicus04danigoog/codexliturgicus04danigoog_0511.png"; bbox 0 0 3368 5308; ppageno 0'>
   <div class='ocr_carea' id='block_1_1' title="bbox 924 429 1036 506">
    <p class='ocr_par' dir='ltr' id='par_1_1' title="bbox 924 429 1036 506">
     <span class='ocr_line' id='line_1_1' title="bbox 924 429 1036 506; baseline -0.08 -3"><span class='ocrx_word' id='word_1_1' title='bbox 924 429 998 506; x_wconf 82' lang='lat'><em>690</em></span> <span class='ocrx_word' id='word_1_2' title='bbox 1034 487 1036 494; x_wconf 87' lang='grc'><em>,</em></span> 
     </span>
    </p>
   </div>
   <div class='ocr_carea' id='block_1_2' title="bbox 325 610 1672 1223">
    <p class='ocr_par' dir='ltr' id='par_1_2' title="bbox 325 610 1672 1223">
     <span class='ocr_line' id='line_1_2' title="bbox 326 610 1672 742; baseline 0.002 -52"><span class='ocrx_word' id='word_1_3' title='bbox 326 643 410 720; x_wconf 88' lang='grc' dir='ltr'><em>γον,</em></span> <span class='ocrx_word' id='word_1_4' title='bbox 436 613 501 690; x_wconf 90' lang='grc' dir='ltr'><em>διά</em></span> <span class='ocrx_word' id='word_1_5' title='bbox 526 623 596 690; x_wconf 86' lang='grc' dir='ltr'><em>τοῦ</em></span> <span class='ocrx_word' id='word_1_6' title='bbox 622 610 734 715; x_wconf 86' lang='grc' dir='ltr'><em>λόγου</em></span> <span class='ocrx_word' id='word_1_7' title='bbox 761 637 830 688; x_wconf 93' lang='grc' dir='ltr'><em>σου</em></span> <span class='ocrx_word' id='word_1_8' title='bbox 856 611 1202 742; x_wconf 84' lang='grc' dir='ltr'><em>δημιουργήσας,ὃ</em></span> <span class='ocrx_word' id='word_1_9' title='bbox 1228 611 1352 690; x_wconf 78' lang='grc' dir='ltr'><em>πάντα</em></span> <span class='ocrx_word' id='word_1_10' title='bbox 1378 617 1418 700; x_wconf 82' lang='grc' dir='ltr'><em>ἐξ</em></span> <span class='ocrx_word' id='word_1_11' title='bbox 1443 614 1511 690; x_wconf 88' lang='grc' dir='ltr'><em>οὐκ</em></span> <span class='ocrx_word' id='word_1_12' title='bbox 1534 619 1590 692; x_wconf 89' lang='grc' dir='ltr'><em>ὄν-</em></span> <span class='ocrx_word' id='word_1_13' title='bbox 1671 673 1672 692; x_wconf 52' lang='grc' dir='ltr'><em>ι</em></span> 
     </span>
     <span class='ocr_line' id='line_1_3' title="bbox 325 713 1672 848; baseline 0.001 -57"><span class='ocrx_word' id='word_1_14' title='bbox 325 745 406 791; x_wconf 86' lang='grc' dir='ltr'><em>των</em></span> <span class='ocrx_word' id='word_1_15' title='bbox 431 721 481 800; x_wconf 79' lang='grc' dir='ltr'><em>εὶς</em></span> <span class='ocrx_word' id='word_1_16' title='bbox 506 715 549 790; x_wconf 92' lang='grc' dir='ltr'><em>τὸ</em></span> <span class='ocrx_word' id='word_1_17' title='bbox 576 715 670 791; x_wconf 76' lang='grc' dir='ltr'><em>εἶναι</em></span> <span class='ocrx_word' id='word_1_18' title='bbox 695 715 939 844; x_wconf 80' lang='grc' dir='ltr'><em>παραγαγών,</em></span> <span class='ocrx_word' id='word_1_19' title='bbox 966 725 1035 792; x_wconf 89' lang='grc' dir='ltr'><em>σοῦ</em></span> <span class='ocrx_word' id='word_1_20' title='bbox 1061 713 1241 812; x_wconf 76' lang='grc' dir='ltr'><em>δεόμεθα,</em></span> <span class='ocrx_word' id='word_1_21' title='bbox 1275 715 1338 791; x_wconf 85' lang='grc' dir='ltr'><em>καὶ</em></span> <span class='ocrx_word' id='word_1_22' title='bbox 1364 716 1404 790; x_wconf 76' lang='grc' dir='ltr'><em>σὲ</em></span> <span class='ocrx_word' id='word_1_23' title='bbox 1431 747 1590 812; x_wconf 86' lang='grc' dir='ltr'><em>παρακα-</em></span> <span class='ocrx_word' id='word_1_24' title='bbox 1671 727 1672 848; x_wconf 68' lang='lat'><em>6</em></span> 
     </span>
     <span class='ocr_line' id='line_1_4' title="bbox 327 813 1672 946; baseline 0.001 -54"><span class='ocrx_word' id='word_1_25' title='bbox 327 819 527 913; x_wconf 89' lang='grc' dir='ltr'><em>λοῦμεν,</em></span> <span class='ocrx_word' id='word_1_26' title='bbox 513 817 561 915; x_wconf 81' lang='grc' dir='ltr'><em>ην</em></span> <span class='ocrx_word' id='word_1_27' title='bbox 593 826 649 915; x_wconf 81' lang='grc' dir='ltr'><em>τηῖ</em></span> <span class='ocrx_word' id='word_1_28' title='bbox 681 825 739 946; x_wconf 80' lang='grc' dir='ltr'><em>σῷ</em></span> <span class='ocrx_word' id='word_1_29' title='bbox 770 815 954 946; x_wconf 76' lang='grc' dir='ltr'><strong><em>θελήματι</em></strong></span> <span class='ocrx_word' id='word_1_30' title='bbox 986 815 1166 901; x_wconf 86' lang='grc' dir='ltr'><em>διεοωσας</em></span> <span class='ocrx_word' id='word_1_31' title='bbox 1191 813 1330 914; x_wconf 79' lang='grc' dir='ltr'><em>δούλην</em></span> <span class='ocrx_word' id='word_1_32' title='bbox 1355 843 1426 893; x_wconf 92' lang='grc' dir='ltr'><em>σου</em></span> <span class='ocrx_word' id='word_1_33' title='bbox 1453 817 1672 945; x_wconf 70' lang='grc' dir='ltr'><em>(τηνδι),</em></span> <span class='ocrx_word' id='word_1_34' title='bbox 1671 887 1672 894; x_wconf 74' lang='grc'>,</span> 
     </span>
     <span class='ocr_line' id='line_1_5' title="bbox 327 889 1672 1046; baseline -0.001 -50"><span class='ocrx_word' id='word_1_35' title='bbox 327 917 542 1018; x_wconf 77' lang='grc' dir='ltr'><em>καθὰρισον</em></span> <span class='ocrx_word' id='word_1_36' title='bbox 578 889 652 995; x_wconf 80' lang='grc' dir='ltr'><em>ἀπὸ</em></span> <span class='ocrx_word' id='word_1_37' title='bbox 674 915 807 1046; x_wconf 88' lang='grc' dir='ltr'><em>πὰσης</em></span> <span class='ocrx_word' id='word_1_38' title='bbox 843 917 1049 1015; x_wconf 88' lang='grc' dir='ltr'><em>ἁμαρτίας,</em></span> <span class='ocrx_word' id='word_1_39' title='bbox 1084 918 1147 993; x_wconf 81' lang='grc' dir='ltr'><em>καὶ</em></span> <span class='ocrx_word' id='word_1_40' title='bbox 1182 918 1256 993; x_wconf 91' lang='grc' dir='ltr'><em>ἀπὸ</em></span> <span class='ocrx_word' id='word_1_41' title='bbox 1290 919 1431 1004; x_wconf 90' lang='grc' dir='ltr'><em>παντὸς</em></span> <span class='ocrx_word' id='word_1_42' title='bbox 1468 919 1590 1016; x_wconf 80' lang='grc' dir='ltr'><em>ῥύπου,</em></span> <span class='ocrx_word' id='word_1_43' title='bbox 1671 975 1672 1014; x_wconf 58' lang='lat'>3</span> 
     </span>
     <span class='ocr_line' id='line_1_6' title="bbox 326 1019 1672 1146; baseline -0.001 -49"><span class='ocrx_word' id='word_1_44' title='bbox 326 1020 622 1118; x_wconf 83' lang='grc' dir='ltr'><em>προςερχομένην</em></span> <span class='ocrx_word' id='word_1_45' title='bbox 646 1028 691 1116; x_wconf 80' lang='grc' dir='ltr'><em>τῇ</em></span> <span class='ocrx_word' id='word_1_46' title='bbox 719 1019 808 1146; x_wconf 80' lang='grc' dir='ltr'><em>ἁγίη</em></span> <span class='ocrx_word' id='word_1_47' title='bbox 834 1045 903 1096; x_wconf 90' lang='grc' dir='ltr'><em>σου</em></span> <span class='ocrx_word' id='word_1_48' title='bbox 918 1019 1144 1118; x_wconf 74' lang='grc' dir='ltr'><em>ἐκκλησίρ,“</em></span> <span class='ocrx_word' id='word_1_49' title='bbox 1129 1049 1191 1094; x_wconf 90' lang='grc' dir='ltr'><em>ινα</em></span> <span class='ocrx_word' id='word_1_50' title='bbox 1208 1021 1465 1119; x_wconf 75' lang='grc' dir='ltr'><em>ἀκατακρίτους</em></span> <span class='ocrx_word' id='word_1_51' title='bbox 1490 1023 1592 1108; x_wconf 85' lang='grc' dir='ltr'><em>ἀξιω-</em></span> <span class='ocrx_word' id='word_1_52' title='bbox 1671 1022 1672 1078; x_wconf 71' lang='lat'>1</span> 
     </span>
     <span class='ocr_line' id='line_1_7' title="bbox 326 1121 1201 1223; baseline -0.001 -25"><span class='ocrx_word' id='word_1_53' title='bbox 326 1126 384 1220; x_wconf 72' lang='grc' dir='ltr'><em>θῇ</em></span> <span class='ocrx_word' id='word_1_54' title='bbox 409 1129 606 1220; x_wconf 76' lang='grc' dir='ltr'><em>μετασχεῖν</em></span> <span class='ocrx_word' id='word_1_55' title='bbox 630 1122 757 1199; x_wconf 85' lang='grc' dir='ltr'><em>τοῖν</em></span> <span class='ocrx_word' id='word_1_56' title='bbox 734 1121 855 1223; x_wconf 90' lang='grc' dir='ltr'><em>αγίων</em></span> <span class='ocrx_word' id='word_1_57' title='bbox 880 1148 949 1198; x_wconf 91' lang='grc' dir='ltr'><em>σου</em></span> <span class='ocrx_word' id='word_1_58' title='bbox 974 1121 1201 1220; x_wconf 88' lang='grc' dir='ltr'><em>μυστηρίων.</em></span> 
     </span>
    </p>
   </div>
   <div class='ocr_carea' id='block_1_3' title="bbox 324 1249 1672 2369">
    <p class='ocr_par' dir='ltr' id='par_1_3' title="bbox 325 1249 1672 1446">
     <span class='ocr_line' id='line_1_8' title="bbox 329 1249 1672 1344; baseline 0 -22"><span class='ocrx_word' id='word_1_59' title='bbox 329 1253 335 1260; x_wconf 78' lang='grc'><strong>’</strong></span> <span class='ocrx_word' id='word_1_60' title='bbox 409 1252 529 1325; x_wconf 74' lang='grc' dir='ltr'><em>’ἰστέον</em></span> <span class='ocrx_word' id='word_1_61' title='bbox 550 1253 614 1335; x_wconf 80' lang='grc' dir='ltr'><em>ὅτι,</em></span> <span class='ocrx_word' id='word_1_62' title='bbox 637 1251 668 1322; x_wconf 84' lang='grc' dir='ltr'><em>εῖ</em></span> <span class='ocrx_word' id='word_1_63' title='bbox 689 1251 749 1338; x_wconf 85' lang='grc' dir='ltr'><em>οὐχ</em></span> <span class='ocrx_word' id='word_1_64' title='bbox 769 1251 956 1338; x_wconf 78' lang='grc' dir='ltr'><em>εὑρίσκεται</em></span> <span class='ocrx_word' id='word_1_65' title='bbox 977 1253 1012 1322; x_wconf 76' lang='grc' dir='ltr'><em>ἓν</em></span> <span class='ocrx_word' id='word_1_66' title='bbox 1032 1259 1104 1334; x_wconf 89' lang='grc' dir='ltr'><em>τοῖς</em></span> <span class='ocrx_word' id='word_1_67' title='bbox 1126 1255 1206 1337; x_wconf 83' lang='grc' dir='ltr'><em>ζῶσι</em></span> <span class='ocrx_word' id='word_1_68' title='bbox 1226 1255 1265 1323; x_wconf 89' lang='grc' dir='ltr'><em>τὸ</em></span> <span class='ocrx_word' id='word_1_69' title='bbox 1279 1254 1417 1344; x_wconf 77' lang='grc' dir='ltr'><em>βρέφος,</em></span> <span class='ocrx_word' id='word_1_70' title='bbox 1441 1249 1593 1343; x_wconf 79' lang='grc' dir='ltr'><em>ἀνογινί-</em></span> <span class='ocrx_word' id='word_1_71' title='bbox 1671 1299 1672 1338; x_wconf 49' lang='grc' dir='ltr'><em>η</em></span> 
     </span>
     <span class='ocr_line' id='line_1_9' title="bbox 325 1347 1672 1446; baseline -0.004 -20"><span class='ocrx_word' id='word_1_72' title='bbox 325 1379 507 1427; x_wconf 83' lang='grc' dir='ltr'><em>σκεταιω</em></span> <span class='ocrx_word' id='word_1_73' title='bbox 462 1347 652 1436; x_wconf 74' lang='grc' dir='ltr'><em>ἕωςῶἀε</em></span> <span class='ocrx_word' id='word_1_74' title='bbox 632 1381 653 1444; x_wconf 92' lang='grc' dir='ltr'><em>η</em></span> <span class='ocrx_word' id='word_1_75' title='bbox 676 1351 763 1444; x_wconf 79' lang='grc' dir='ltr'><em>εὐχὴ,</em></span> <span class='ocrx_word' id='word_1_76' title='bbox 785 1349 859 1422; x_wconf 77' lang='grc' dir='ltr'><em>εἶτα</em></span> <span class='ocrx_word' id='word_1_77' title='bbox 880 1352 1051 1446; x_wconf 78' lang='grc' dir='ltr'><em>ίκφιὸνως·</em></span> <span class='ocrx_word' id='word_1_78' title='bbox 1671 1351 1672 1362; x_wconf 44' lang='lat'>³</span> 
     </span>
    </p>

    <p class='ocr_par' dir='ltr' id='par_1_4' title="bbox 401 1455 1672 1587">
     <span class='ocr_line' id='line_1_10' title="bbox 401 1455 1672 1587; baseline -0.002 -50.957"><span class='ocrx_word' id='word_1_79' title='bbox 401 1461 486 1536; x_wconf 88' lang='grc' dir='ltr'><em>Οτι</em></span> <span class='ocrx_word' id='word_1_80' title='bbox 513 1458 660 1587; x_wconf 81' lang='grc' dir='ltr'><em>ἀγαθὸς</em></span> <span class='ocrx_word' id='word_1_81' title='bbox 683 1460 747 1533; x_wconf 83' lang='grc' dir='ltr'><em>καὶ</em></span> <span class='ocrx_word' id='word_1_82' title='bbox 772 1455 1042 1558; x_wconf 80' lang='grc' dir='ltr'><em>φιλάνθρωπος</em></span> <span class='ocrx_word' id='word_1_83' title='bbox 1070 1457 1166 1544; x_wconf 81' lang='grc' dir='ltr'><em>Θεὸς.</em></span> <span class='ocrx_word' id='word_1_84' title='bbox 1671 1539 1672 1564; x_wconf 21' lang='grc' dir='ltr'>ἢ</span> 
     </span>
    </p>

    <p class='ocr_par' dir='ltr' id='par_1_5' title="bbox 324 1557 1672 2369">
     <span class='ocr_line' id='line_1_11' title="bbox 412 1557 1672 1690; baseline -0.004 -55"><span class='ocrx_word' id='word_1_85' title='bbox 412 1561 486 1635; x_wconf 77' lang='grc' dir='ltr'><em>Καὶ</em></span> <span class='ocrx_word' id='word_1_86' title='bbox 518 1560 560 1634; x_wconf 91' lang='grc' dir='ltr'><em>τὸ</em></span> <span class='ocrx_word' id='word_1_87' title='bbox 594 1563 633 1645; x_wconf 82' lang='grc' dir='ltr'><em>ἐξ</em></span> <span class='ocrx_word' id='word_1_88' title='bbox 665 1559 778 1657; x_wconf 85' lang='grc' dir='ltr'><em>αὐτῆς</em></span> <span class='ocrx_word' id='word_1_89' title='bbox 812 1561 947 1688; x_wconf 77' lang='grc' dir='ltr'><em>τεχθὸγ</em></span> <span class='ocrx_word' id='word_1_90' title='bbox 980 1560 1132 1637; x_wconf 79' lang='grc' dir='ltr'><em>παιδίον</em></span> <span class='ocrx_word' id='word_1_91' title='bbox 1167 1557 1389 1690; x_wconf 71' lang='grc' dir='ltr'><em>εὐλόγησαν,</em></span> <span class='ocrx_word' id='word_1_92' title='bbox 1427 1559 1592 1656; x_wconf 80' lang='grc' dir='ltr'><em>αὔξησον,</em></span> <span class='ocrx_word' id='word_1_93' title='bbox 1671 1615 1672 1630; x_wconf 69' lang='grc'><em>.</em></span> 
     </span>
     <span class='ocr_line' id='line_1_12' title="bbox 328 1659 1593 1788; baseline -0.002 -50"><span class='ocrx_word' id='word_1_94' title='bbox 328 1661 511 1788; x_wconf 88' lang='grc' dir='ltr'><em>ἁγίασον,</em></span> <span class='ocrx_word' id='word_1_95' title='bbox 548 1660 762 1752; x_wconf 82' lang='grc' dir='ltr'><em>ουνὲτισον,</em></span> <span class='ocrx_word' id='word_1_96' title='bbox 799 1659 1061 1760; x_wconf 85' lang='grc' dir='ltr'><em>σωφρύνισον,</em></span> <span class='ocrx_word' id='word_1_97' title='bbox 1097 1659 1382 1761; x_wconf 80' lang='grc' dir='ltr'><em>καλοφρόνισον.</em></span> <span class='ocrx_word' id='word_1_98' title='bbox 1427 1660 1512 1738; x_wconf 86' lang='grc' dir='ltr'><em>Ὅτι</em></span> <span class='ocrx_word' id='word_1_99' title='bbox 1553 1659 1593 1736; x_wconf 83' lang='grc' dir='ltr'><em>οὐ</em></span> 
     </span>
     <span class='ocr_line' id='line_1_13' title="bbox 326 1761 1592 1892; baseline -0.002 -53"><span class='ocrx_word' id='word_1_100' title='bbox 326 1761 537 1890; x_wconf 83' lang='grc' dir='ltr'><em>παρήγαγες</em></span> <span class='ocrx_word' id='word_1_101' title='bbox 573 1761 678 1853; x_wconf 90' lang='grc' dir='ltr'><em>αὐτὸ,</em></span> <span class='ocrx_word' id='word_1_102' title='bbox 713 1763 777 1838; x_wconf 83' lang='grc' dir='ltr'><em>καὶ</em></span> <span class='ocrx_word' id='word_1_103' title='bbox 812 1763 949 1849; x_wconf 72' lang='grc' dir='ltr'><em>ἔδειξας</em></span> <span class='ocrx_word' id='word_1_104' title='bbox 986 1764 1089 1862; x_wconf 77' lang='grc' dir='ltr'><em>αὐτῷ</em></span> <span class='ocrx_word' id='word_1_105' title='bbox 1124 1763 1167 1838; x_wconf 90' lang='grc' dir='ltr'><em>τὸ</em></span> <span class='ocrx_word' id='word_1_106' title='bbox 1203 1772 1286 1862; x_wconf 83' lang='grc' dir='ltr'><em>φαῖς</em></span> <span class='ocrx_word' id='word_1_107' title='bbox 1320 1763 1363 1837; x_wconf 89' lang='grc' dir='ltr'><em>τὸ</em></span> <span class='ocrx_word' id='word_1_108' title='bbox 1403 1762 1592 1892; x_wconf 77' lang='grc' dir='ltr'><em>αἰσθητὸν,</em></span> 
     </span>
     <span class='ocr_line' id='line_1_14' title="bbox 324 1857 1592 1964; baseline -0.002 -24"><span class='ocrx_word' id='word_1_109' title='bbox 324 1869 390 1941; x_wconf 77' lang='grc' dir='ltr'><em>ἵνα</em></span> <span class='ocrx_word' id='word_1_110' title='bbox 423 1867 501 1940; x_wconf 81' lang='grc' dir='ltr'><em>καὶ</em></span> <span class='ocrx_word' id='word_1_111' title='bbox 517 1873 585 1940; x_wconf 90' lang='grc' dir='ltr'><em>τοῦ</em></span> <span class='ocrx_word' id='word_1_112' title='bbox 618 1873 754 1961; x_wconf 85' lang='grc' dir='ltr'><em>νοητοῦ</em></span> <span class='ocrx_word' id='word_1_113' title='bbox 777 1869 1004 1962; x_wconf 77' lang='grc' dir='ltr'><em>καταξιωθῇ</em></span> <span class='ocrx_word' id='word_1_114' title='bbox 1030 1865 1155 1964; x_wconf 83' lang='grc' dir='ltr'><em>φωτὸς</em></span> <span class='ocrx_word' id='word_1_115' title='bbox 1180 1867 1221 1940; x_wconf 79' lang='grc' dir='ltr'><em>ἐν</em></span> <span class='ocrx_word' id='word_1_116' title='bbox 1246 1873 1366 1964; x_wconf 81' lang='grc' dir='ltr'><em>καιρῷ</em></span> <span class='ocrx_word' id='word_1_117' title='bbox 1392 1857 1426 1962; x_wconf 79' lang='grc' dir='ltr'><em>ᾦ</em></span> <span class='ocrx_word' id='word_1_118' title='bbox 1452 1863 1592 1962; x_wconf 78' lang='grc' dir='ltr'><em>ὥρισας,</em></span> 
     </span>
     <span class='ocr_line' id='line_1_15' title="bbox 325 1965 1594 2095; baseline -0.005 -51"><span class='ocrx_word' id='word_1_119' title='bbox 325 1967 390 2044; x_wconf 80' lang='grc' dir='ltr'><em>καὶ</em></span> <span class='ocrx_word' id='word_1_120' title='bbox 416 1970 761 2094; x_wconf 74' lang='grc' dir='ltr'><em>συγκαταριθμηθῖη</em></span> <span class='ocrx_word' id='word_1_121' title='bbox 793 1975 839 2062; x_wconf 77' lang='grc' dir='ltr'><em>τῇ</em></span> <span class='ocrx_word' id='word_1_122' title='bbox 866 1965 955 2095; x_wconf 75' lang='grc' dir='ltr'><em>ἁγίᾳ</em></span> <span class='ocrx_word' id='word_1_123' title='bbox 981 1992 1050 2042; x_wconf 95' lang='grc' dir='ltr'><em>σου</em></span> <span class='ocrx_word' id='word_1_124' title='bbox 1075 1966 1227 2063; x_wconf 83' lang='grc' dir='ltr'><em>ποίμνῃ,</em></span> <span class='ocrx_word' id='word_1_125' title='bbox 1262 1966 1326 2043; x_wconf 85' lang='grc' dir='ltr'><em>διὸ</em></span> <span class='ocrx_word' id='word_1_126' title='bbox 1352 1974 1422 2040; x_wconf 91' lang='grc' dir='ltr'><em>τοῦ</em></span> <span class='ocrx_word' id='word_1_127' title='bbox 1447 1995 1594 2092; x_wconf 88' lang='grc' dir='ltr'><em>μονογε-</em></span> 
     </span>
     <span class='ocr_line' id='line_1_16' title="bbox 326 2063 1595 2197; baseline -0.005 -52"><span class='ocrx_word' id='word_1_128' title='bbox 326 2077 417 2153; x_wconf 89' lang='grc' dir='ltr'><em>νοῦς</em></span> <span class='ocrx_word' id='word_1_129' title='bbox 443 2094 512 2143; x_wconf 93' lang='grc' dir='ltr'><em>σου</em></span> <span class='ocrx_word' id='word_1_130' title='bbox 537 2069 636 2157; x_wconf 84' lang='grc' dir='ltr'><em>υἱοῦ,</em></span> <span class='ocrx_word' id='word_1_131' title='bbox 661 2063 821 2163; x_wconf 72' lang='grc' dir='ltr'><em>μεθ’</em></span> <span class='ocrx_word' id='word_1_132' title='bbox 778 2098 822 2143; x_wconf 93' lang='grc' dir='ltr'><em>ου</em></span> <span class='ocrx_word' id='word_1_133' title='bbox 848 2067 1098 2196; x_wconf 83' lang='grc' dir='ltr'><em>εὐλογητὸς</em></span> <span class='ocrx_word' id='word_1_134' title='bbox 1066 2099 1110 2158; x_wconf 89' lang='grc' dir='ltr'><em>ει,</em></span> <span class='ocrx_word' id='word_1_135' title='bbox 1149 2067 1221 2144; x_wconf 87' lang='grc' dir='ltr'><em>σὸν</em></span> <span class='ocrx_word' id='word_1_136' title='bbox 1245 2077 1300 2165; x_wconf 85' lang='grc' dir='ltr'><em>τιῦ</em></span> <span class='ocrx_word' id='word_1_137' title='bbox 1319 2067 1514 2197; x_wconf 86' lang='grc' dir='ltr'><em>παναγίω,</em></span> <span class='ocrx_word' id='word_1_138' title='bbox 1539 2066 1595 2141; x_wconf 79' lang='grc' dir='ltr'><em>καὶ</em></span> 
     </span>
     <span class='ocr_line' id='line_1_17' title="bbox 328 2167 1672 2298; baseline -0.003 -53"><span class='ocrx_word' id='word_1_139' title='bbox 328 2171 482 2273; x_wconf 76' lang='grc' dir='ltr'><em>ἀγαθῷ,</em></span> <span class='ocrx_word' id='word_1_140' title='bbox 507 2199 571 2246; x_wconf 89' lang='grc' dir='ltr'><em>και</em></span> <span class='ocrx_word' id='word_1_141' title='bbox 558 2167 765 2298; x_wconf 77' lang='grc' dir='ltr'><em>ζωοποιηῖ</em></span> <span class='ocrx_word' id='word_1_142' title='bbox 792 2195 860 2245; x_wconf 93' lang='grc' dir='ltr'><em>σου</em></span> <span class='ocrx_word' id='word_1_143' title='bbox 882 2167 1077 2266; x_wconf 86' lang='grc' dir='ltr'><em>πνεύματι,</em></span> <span class='ocrx_word' id='word_1_144' title='bbox 1104 2178 1178 2246; x_wconf 91' lang='grc' dir='ltr'><em>νῦν</em></span> <span class='ocrx_word' id='word_1_145' title='bbox 1194 2170 1257 2245; x_wconf 80' lang='grc' dir='ltr'><em>καὶ</em></span> <span class='ocrx_word' id='word_1_146' title='bbox 1275 2169 1344 2259; x_wconf 84' lang='grc' dir='ltr'><em>ἀεὶ,</em></span> <span class='ocrx_word' id='word_1_147' title='bbox 1371 2199 1435 2245; x_wconf 89' lang='grc' dir='ltr'><em>και</em></span> <span class='ocrx_word' id='word_1_148' title='bbox 1422 2169 1502 2252; x_wconf 72' lang='grc' dir='ltr'><em>εἰς</em></span> <span class='ocrx_word' id='word_1_149' title='bbox 1517 2169 1596 2251; x_wconf 87' lang='grc' dir='ltr'><em>τούς</em></span> <span class='ocrx_word' id='word_1_150' title='bbox 1671 2183 1672 2270; x_wconf 65' lang='lat'><em>}</em></span> 
     </span>
     <span class='ocr_line' id='line_1_18' title="bbox 328 2268 934 2369; baseline -0.002 -22"><span class='ocrx_word' id='word_1_151' title='bbox 328 2278 470 2356; x_wconf 83' lang='grc' dir='ltr'><em>αλιῦνας</em></span> <span class='ocrx_word' id='word_1_152' title='bbox 494 2281 573 2347; x_wconf 87' lang='grc' dir='ltr'><em>τιῦν</em></span> <span class='ocrx_word' id='word_1_153' title='bbox 599 2268 759 2347; x_wconf 80' lang='grc' dir='ltr'><em>αῖαίνων.</em></span> <span class='ocrx_word' id='word_1_154' title='bbox 806 2269 934 2369; x_wconf 83' lang='grc' dir='ltr'><em>Ἀμήν.</em></span> 
     </span>
    </p>
   </div>
   <div class='ocr_carea' id='block_1_4' title="bbox 607 2556 1327 2656">
    <p class='ocr_par' dir='ltr' id='par_1_6' title="bbox 607 2556 1327 2656">
     <span class='ocr_line' id='line_1_19' title="bbox 607 2556 1327 2656; baseline -0.001 -24"><span class='ocrx_word' id='word_1_155' title='bbox 607 2558 709 2656; x_wconf 81' lang='grc' dir='ltr'><em>Εὐχὴ</em></span> <span class='ocrx_word' id='word_1_156' title='bbox 738 2563 789 2642; x_wconf 74' lang='grc' dir='ltr'><em>εἰς</em></span> <span class='ocrx_word' id='word_1_157' title='bbox 813 2556 882 2655; x_wconf 86' lang='grc' dir='ltr'><em>τὴν</em></span> <span class='ocrx_word' id='word_1_158' title='bbox 907 2559 1046 2656; x_wconf 80' lang='grc' dir='ltr'><em>ιιητίρα</em></span> <span class='ocrx_word' id='word_1_159' title='bbox 1071 2566 1139 2633; x_wconf 77' lang='grc' dir='ltr'><em>τοῦ</em></span> <span class='ocrx_word' id='word_1_160' title='bbox 1165 2557 1327 2633; x_wconf 89' lang='grc' dir='ltr'><em>παιδίου.</em></span> 
     </span>
    </p>
   </div>
   <div class='ocr_carea' id='block_1_5' title="bbox 245 2706 1672 3926">
    <p class='ocr_par' dir='ltr' id='par_1_7' title="bbox 327 2706 1672 3316">
     <span class='ocr_line' id='line_1_20' title="bbox 414 2706 1593 2838; baseline 0 -56"><span class='ocrx_word' id='word_1_161' title='bbox 414 2706 586 2834; x_wconf 64' lang='grc' dir='ltr'><em>Κύριε,</em></span> <span class='ocrx_word' id='word_1_162' title='bbox 567 2740 587 2784; x_wconf 93' lang='grc' dir='ltr'><em>ο</em></span> <span class='ocrx_word' id='word_1_163' title='bbox 618 2708 749 2794; x_wconf 84' lang='grc' dir='ltr'><em>Θεὸς</em></span> <span class='ocrx_word' id='word_1_164' title='bbox 728 2718 849 2806; x_wconf 87' lang='grc' dir='ltr'><em>ημιιῖν,</em></span> <span class='ocrx_word' id='word_1_165' title='bbox 887 2710 907 2785; x_wconf 89' lang='lat'><em>6</em></span> <span class='ocrx_word' id='word_1_166' title='bbox 934 2707 1247 2838; x_wconf 86' lang='grc' dir='ltr'><em>παραγενόαενος</em></span> <span class='ocrx_word' id='word_1_167' title='bbox 1258 2709 1317 2783; x_wconf 81' lang='grc' dir='ltr'><em>ἐπὶ</em></span> <span class='ocrx_word' id='word_1_168' title='bbox 1343 2707 1507 2805; x_wconf 78' lang='grc' dir='ltr'><em>σωτηρίη</em></span> <span class='ocrx_word' id='word_1_169' title='bbox 1532 2715 1593 2782; x_wconf 81' lang='grc' dir='ltr'><em>τοῖ</em></span> 
     </span>
     <span class='ocr_line' id='line_1_21' title="bbox 328 2809 1672 2942; baseline -0.003 -56"><span class='ocrx_word' id='word_1_170' title='bbox 328 2811 461 2937; x_wconf 81' lang='grc' dir='ltr'><em>γένους</em></span> <span class='ocrx_word' id='word_1_171' title='bbox 491 2819 571 2886; x_wconf 86' lang='grc' dir='ltr'><em>τοῖν</em></span> <span class='ocrx_word' id='word_1_172' title='bbox 596 2809 829 2908; x_wconf 78' lang='grc' dir='ltr'><em>ἀνθρώπων,</em></span> <span class='ocrx_word' id='word_1_173' title='bbox 863 2820 1080 2942; x_wconf 89' lang='grc' dir='ltr'><em>παραγενοῦ</em></span> <span class='ocrx_word' id='word_1_174' title='bbox 1102 2811 1165 2886; x_wconf 81' lang='grc' dir='ltr'><em>καὶ</em></span> <span class='ocrx_word' id='word_1_175' title='bbox 1190 2811 1249 2885; x_wconf 78' lang='grc' dir='ltr'><em>ἐπὶ</em></span> <span class='ocrx_word' id='word_1_176' title='bbox 1273 2809 1342 2907; x_wconf 85' lang='grc' dir='ltr'><em>τὴν</em></span> <span class='ocrx_word' id='word_1_177' title='bbox 1368 2809 1508 2906; x_wconf 85' lang='grc' dir='ltr'><em>δούλην</em></span> <span class='ocrx_word' id='word_1_178' title='bbox 1534 2835 1594 2883; x_wconf 90' lang='grc' dir='ltr'><em>σου</em></span> <span class='ocrx_word' id='word_1_179' title='bbox 1671 2857 1672 2860; x_wconf 59' lang='lat'><em>=</em></span> 
     </span>
     <span class='ocr_line' id='line_1_22' title="bbox 329 2909 1672 3011; baseline -0.004 -23"><span class='ocrx_word' id='word_1_180' title='bbox 329 2909 478 3011; x_wconf 73' lang='grc' dir='ltr'><em>(τήνδε),</em></span> <span class='ocrx_word' id='word_1_181' title='bbox 510 2913 575 2987; x_wconf 84' lang='grc' dir='ltr'><em>καὶ</em></span> <span class='ocrx_word' id='word_1_182' title='bbox 605 2913 838 2998; x_wconf 85' lang='grc' dir='ltr'><em>καταξίωσον</em></span> <span class='ocrx_word' id='word_1_183' title='bbox 871 2913 989 3011; x_wconf 83' lang='grc' dir='ltr'><em>αὐτὴν</em></span> <span class='ocrx_word' id='word_1_184' title='bbox 1020 2913 1085 2989; x_wconf 91' lang='grc' dir='ltr'><em>διά</em></span> <span class='ocrx_word' id='word_1_185' title='bbox 1117 2921 1196 2988; x_wconf 86' lang='grc' dir='ltr'><em>ταῖν</em></span> <span class='ocrx_word' id='word_1_186' title='bbox 1229 2911 1350 3006; x_wconf 81' lang='grc' dir='ltr'><em>εὐχῶν</em></span> <span class='ocrx_word' id='word_1_187' title='bbox 1383 2919 1452 2986; x_wconf 90' lang='grc' dir='ltr'><em>τοῦ</em></span> <span class='ocrx_word' id='word_1_188' title='bbox 1478 2911 1595 3006; x_wconf 86' lang='grc' dir='ltr'><em>τιμίου</em></span> <span class='ocrx_word' id='word_1_189' title='bbox 1671 2937 1672 2996; x_wconf 71' lang='lat'>3</span> 
     </span>
     <span class='ocr_line' id='line_1_23' title="bbox 328 2979 1594 3142; baseline -0.003 -53.909"><span class='ocrx_word' id='word_1_190' title='bbox 328 3014 599 3142; x_wconf 84' lang='grc' dir='ltr'><em>πρεσβυτερίου</em></span> <span class='ocrx_word' id='word_1_191' title='bbox 624 3021 856 3117; x_wconf 84' lang='grc' dir='ltr'><em>καταφυγεῖν</em></span> <span class='ocrx_word' id='word_1_192' title='bbox 882 3019 923 3090; x_wconf 82' lang='grc' dir='ltr'><em>ἐν</em></span> <span class='ocrx_word' id='word_1_193' title='bbox 947 3024 993 3113; x_wconf 83' lang='grc' dir='ltr'><em>τῇ</em></span> <span class='ocrx_word' id='word_1_194' title='bbox 1020 3014 1109 3116; x_wconf 81' lang='grc' dir='ltr'><em>ἁγίᾳ</em></span> <span class='ocrx_word' id='word_1_195' title='bbox 1136 3040 1204 3090; x_wconf 95' lang='grc' dir='ltr'><em>σου</em></span> <span class='ocrx_word' id='word_1_196' title='bbox 1230 3016 1415 3109; x_wconf 76' lang='grc' dir='ltr'><em>καθολικῆ</em></span> <span class='ocrx_word' id='word_1_197' title='bbox 1434 2979 1594 3108; x_wconf 80' lang='grc' dir='ltr'><em>ἐκκλησία</em></span> 
     </span>
     <span class='ocr_line' id='line_1_24' title="bbox 328 3113 1594 3214; baseline -0.003 -24"><span class='ocrx_word' id='word_1_198' title='bbox 328 3125 395 3214; x_wconf 75' lang='grc' dir='ltr'><em>τῆς</em></span> <span class='ocrx_word' id='word_1_199' title='bbox 419 3113 563 3200; x_wconf 79' lang='grc' dir='ltr'><em>εῖςόδου</em></span> <span class='ocrx_word' id='word_1_200' title='bbox 588 3125 656 3192; x_wconf 89' lang='grc' dir='ltr'><em>τοῦ</em></span> <span class='ocrx_word' id='word_1_201' title='bbox 682 3127 778 3193; x_wconf 84' lang='grc' dir='ltr'><em>ναοῦ</em></span> <span class='ocrx_word' id='word_1_202' title='bbox 803 3125 868 3213; x_wconf 82' lang='grc' dir='ltr'><em>τῆς</em></span> <span class='ocrx_word' id='word_1_203' title='bbox 892 3115 1001 3214; x_wconf 84' lang='grc' dir='ltr'><em>δόξης</em></span> <span class='ocrx_word' id='word_1_204' title='bbox 1027 3141 1108 3205; x_wconf 91' lang='grc' dir='ltr'><em>σου,</em></span> <span class='ocrx_word' id='word_1_205' title='bbox 1135 3115 1198 3190; x_wconf 84' lang='grc' dir='ltr'><em>καὶ</em></span> <span class='ocrx_word' id='word_1_206' title='bbox 1224 3115 1386 3200; x_wconf 86' lang='grc' dir='ltr'><em>ἀξίωσον</em></span> <span class='ocrx_word' id='word_1_207' title='bbox 1403 3114 1543 3210; x_wconf 84' lang='grc' dir='ltr'><em>αὐτὴν</em></span> <span class='ocrx_word' id='word_1_208' title='bbox 1541 3141 1594 3186; x_wconf 89' lang='grc' dir='ltr'><em>αε-</em></span> 
     </span>
     <span class='ocr_line' id='line_1_25' title="bbox 327 3217 1672 3316; baseline -0.003 -24"><span class='ocrx_word' id='word_1_209' title='bbox 327 3221 509 3314; x_wconf 80' lang='grc' dir='ltr'><em>ταλαβεῖν</em></span> <span class='ocrx_word' id='word_1_210' title='bbox 533 3227 601 3294; x_wconf 87' lang='grc' dir='ltr'><em>τοῦ</em></span> <span class='ocrx_word' id='word_1_211' title='bbox 626 3217 752 3309; x_wconf 86' lang='grc' dir='ltr'><em>τιμίου</em></span> <span class='ocrx_word' id='word_1_212' title='bbox 779 3217 951 3316; x_wconf 79' lang='grc' dir='ltr'><em>σώματος</em></span> <span class='ocrx_word' id='word_1_213' title='bbox 975 3220 1038 3294; x_wconf 79' lang='grc' dir='ltr'><em>καὶ</em></span> <span class='ocrx_word' id='word_1_214' title='bbox 1064 3221 1219 3304; x_wconf 78' lang='grc' dir='ltr'><em>αίιιατος</em></span> <span class='ocrx_word' id='word_1_215' title='bbox 1248 3245 1316 3290; x_wconf 93' lang='grc' dir='ltr'><em>του</em></span> <span class='ocrx_word' id='word_1_216' title='bbox 1299 3221 1506 3315; x_wconf 83' lang='grc' dir='ltr'><em>Χριστοῦ</em></span> <span class='ocrx_word' id='word_1_217' title='bbox 1522 3239 1595 3290; x_wconf 90' lang='grc' dir='ltr'><em>σου.</em></span> <span class='ocrx_word' id='word_1_218' title='bbox 1671 3297 1672 3300; x_wconf 10' lang='lat'>¹</span> 
     </span>
    </p>

    <p class='ocr_par' dir='ltr' id='par_1_8' title="bbox 245 3316 1672 3926">
     <span class='ocr_line' id='line_1_26' title="bbox 245 3316 1595 3416; baseline -0.005 -20"><span class='ocrx_word' id='word_1_219' title='bbox 245 3363 248 3371; x_wconf 62' lang='lat'>&lt;</span> <span class='ocrx_word' id='word_1_220' title='bbox 321 3317 558 3396; x_wconf 68' lang='grc' dir='ltr'><em>Ἀπόπλυνον</em></span> <span class='ocrx_word' id='word_1_221' title='bbox 590 3319 704 3416; x_wconf 85' lang='grc' dir='ltr'><em>αὐτῆς</em></span> <span class='ocrx_word' id='word_1_222' title='bbox 734 3319 803 3395; x_wconf 90' lang='grc' dir='ltr'><em>τὸν</em></span> <span class='ocrx_word' id='word_1_223' title='bbox 835 3320 954 3414; x_wconf 73' lang='grc' dir='ltr'><em>(λῦσον</em></span> <span class='ocrx_word' id='word_1_224' title='bbox 979 3327 1047 3395; x_wconf 89' lang='grc' dir='ltr'><em>τοῦ</em></span> <span class='ocrx_word' id='word_1_225' title='bbox 1073 3318 1256 3415; x_wconf 79' lang='grc' dir='ltr'><em>σώματος,</em></span> <span class='ocrx_word' id='word_1_226' title='bbox 1289 3316 1447 3393; x_wconf 83' lang='grc' dir='ltr'><em>καὶτὸν</em></span> <span class='ocrx_word' id='word_1_227' title='bbox 1473 3323 1595 3392; x_wconf 87' lang='grc' dir='ltr'><em>σπῖλον</em></span> 
     </span>
     <span class='ocr_line' id='line_1_27' title="bbox 326 3415 1672 3544; baseline 0.002 -49"><span class='ocrx_word' id='word_1_228' title='bbox 326 3431 394 3517; x_wconf 84' lang='grc' dir='ltr'><em>τῆς</em></span> <span class='ocrx_word' id='word_1_229' title='bbox 426 3427 550 3522; x_wconf 77' lang='grc' dir='ltr'><em>ψυχῆς</em></span> <span class='ocrx_word' id='word_1_230' title='bbox 581 3423 622 3496; x_wconf 83' lang='lat'><em>66</em></span> <span class='ocrx_word' id='word_1_231' title='bbox 655 3451 700 3519; x_wconf 86' lang='grc' dir='ltr'><em>τη</em></span> <span class='ocrx_word' id='word_1_232' title='bbox 738 3419 995 3519; x_wconf 87' lang='grc' dir='ltr'><em>συμπληραίσει</em></span> <span class='ocrx_word' id='word_1_233' title='bbox 1028 3431 1107 3496; x_wconf 80' lang='grc' dir='ltr'><em>τοῖν</em></span> <span class='ocrx_word' id='word_1_234' title='bbox 1140 3415 1417 3520; x_wconf 81' lang='grc' dir='ltr'><em>τεσσαράκοντα</em></span> <span class='ocrx_word' id='word_1_235' title='bbox 1442 3418 1594 3544; x_wconf 81' lang='grc' dir='ltr'><em>ἡαεροῖν.</em></span> <span class='ocrx_word' id='word_1_236' title='bbox 1671 3495 1672 3498; x_wconf 74' lang='grc'>,</span> 
     </span>
     <span class='ocr_line' id='line_1_28' title="bbox 315 3516 1672 3651; baseline -0.004 -51.982"><span class='ocrx_word' id='word_1_237' title='bbox 315 3522 448 3651; x_wconf 78' lang='grc' dir='ltr'><em>Ὅμως</em></span> <span class='ocrx_word' id='word_1_238' title='bbox 480 3523 685 3605; x_wconf 78' lang='grc' dir='ltr'><em>ἀξιωθεῖσα</em></span> <span class='ocrx_word' id='word_1_239' title='bbox 720 3527 946 3607; x_wconf 77' lang='grc' dir='ltr'><em>εῖςελθεῖν</em></span> <span class='ocrx_word' id='word_1_240' title='bbox 931 3553 971 3600; x_wconf 90' lang='grc' dir='ltr'><em>εν</em></span> <span class='ocrx_word' id='word_1_241' title='bbox 1006 3531 1060 3622; x_wconf 76' lang='grc' dir='ltr'><em>τῷ</em></span> <span class='ocrx_word' id='word_1_242' title='bbox 1096 3521 1192 3624; x_wconf 85' lang='grc' dir='ltr'><em>ἁγίῳ</em></span> <span class='ocrx_word' id='word_1_243' title='bbox 1227 3529 1309 3618; x_wconf 78' lang='grc' dir='ltr'><em>ναῷ</em></span> <span class='ocrx_word' id='word_1_244' title='bbox 1344 3543 1427 3610; x_wconf 90' lang='grc' dir='ltr'><em>σου,</em></span> <span class='ocrx_word' id='word_1_245' title='bbox 1464 3516 1594 3648; x_wconf 70' lang='grc' dir='ltr'><em>δοξὰση</em></span> <span class='ocrx_word' id='word_1_246' title='bbox 1671 3599 1672 3606; x_wconf 17' lang='grc' dir='ltr'><em>η</em></span> 
     </span>
     <span class='ocr_line' id='line_1_29' title="bbox 329 3621 1672 3752; baseline -0.005 -52"><span class='ocrx_word' id='word_1_247' title='bbox 329 3623 403 3700; x_wconf 88' lang='grc' dir='ltr'><em>σύν</em></span> <span class='ocrx_word' id='word_1_248' title='bbox 427 3623 519 3721; x_wconf 80' lang='grc' dir='ltr'><em>ἡμῖν</em></span> <span class='ocrx_word' id='word_1_249' title='bbox 543 3625 587 3698; x_wconf 93' lang='grc' dir='ltr'><em>τὸ</em></span> <span class='ocrx_word' id='word_1_250' title='bbox 612 3622 798 3752; x_wconf 88' lang='grc' dir='ltr'><em>πανὰγιον</em></span> <span class='ocrx_word' id='word_1_251' title='bbox 824 3623 944 3713; x_wconf 85' lang='grc' dir='ltr'><em>ι’ίνσιιὰ</em></span> <span class='ocrx_word' id='word_1_252' title='bbox 968 3649 1050 3713; x_wconf 88' lang='grc' dir='ltr'><em>σου,</em></span> <span class='ocrx_word' id='word_1_253' title='bbox 1076 3633 1144 3700; x_wconf 88' lang='grc' dir='ltr'><em>τοῦ</em></span> <span class='ocrx_word' id='word_1_254' title='bbox 1162 3622 1312 3722; x_wconf 89' lang='grc' dir='ltr'><em>πατρὸς,</em></span> <span class='ocrx_word' id='word_1_255' title='bbox 1338 3621 1489 3698; x_wconf 81' lang='grc' dir='ltr'><em>καὶτοῦ</em></span> <span class='ocrx_word' id='word_1_256' title='bbox 1506 3622 1595 3706; x_wconf 83' lang='grc' dir='ltr'><em>υἱοῦ,</em></span> <span class='ocrx_word' id='word_1_257' title='bbox 1671 3719 1672 3724; x_wconf 8' lang='lat'>¹</span> 
     </span>
     <span class='ocr_line' id='line_1_30' title="bbox 326 3723 1672 3855; baseline -0.003 -54"><span class='ocrx_word' id='word_1_258' title='bbox 326 3725 394 3801; x_wconf 83' lang='grc' dir='ltr'><em>καὶ</em></span> <span class='ocrx_word' id='word_1_259' title='bbox 418 3732 486 3800; x_wconf 88' lang='grc' dir='ltr'><em>τοῦ</em></span> <span class='ocrx_word' id='word_1_260' title='bbox 512 3724 623 3855; x_wconf 87' lang='grc' dir='ltr'><em>ἁγίου</em></span> <span class='ocrx_word' id='word_1_261' title='bbox 659 3723 880 3822; x_wconf 87' lang='grc' dir='ltr'><em>πνεύματος,</em></span> <span class='ocrx_word' id='word_1_262' title='bbox 916 3735 989 3802; x_wconf 91' lang='grc' dir='ltr'><em>νῦν</em></span> <span class='ocrx_word' id='word_1_263' title='bbox 1024 3725 1086 3801; x_wconf 79' lang='grc' dir='ltr'><em>καὶ</em></span> <span class='ocrx_word' id='word_1_264' title='bbox 1122 3725 1192 3814; x_wconf 81' lang='grc' dir='ltr'><em>ἀεὶ,</em></span> <span class='ocrx_word' id='word_1_265' title='bbox 1227 3723 1290 3799; x_wconf 86' lang='grc' dir='ltr'><em>καὶ</em></span> <span class='ocrx_word' id='word_1_266' title='bbox 1325 3729 1376 3808; x_wconf 77' lang='grc' dir='ltr'><em>εἰς</em></span> <span class='ocrx_word' id='word_1_267' title='bbox 1400 3725 1490 3808; x_wconf 85' lang='grc' dir='ltr'><em>τούς</em></span> <span class='ocrx_word' id='word_1_268' title='bbox 1515 3727 1595 3798; x_wconf 82' lang='lat'>6666-</span> <span class='ocrx_word' id='word_1_269' title='bbox 1671 3725 1672 3810; x_wconf 61' lang='grc' dir='ltr'>ᾗ</span> 
     </span>
     <span class='ocr_line' id='line_1_31' title="bbox 329 3825 865 3926; baseline -0.002 -22"><span class='ocrx_word' id='word_1_270' title='bbox 329 3855 400 3912; x_wconf 87' lang='grc' dir='ltr'><em>νας</em></span> <span class='ocrx_word' id='word_1_271' title='bbox 424 3835 504 3903; x_wconf 84' lang='grc' dir='ltr'><em>ταῖν</em></span> <span class='ocrx_word' id='word_1_272' title='bbox 528 3825 691 3904; x_wconf 76' lang='grc' dir='ltr'><em>ἀλαίνων.</em></span> <span class='ocrx_word' id='word_1_273' title='bbox 736 3825 865 3926; x_wconf 79' lang='grc' dir='ltr'><em>Ἀμήν.</em></span> 
     </span>
    </p>
   </div>
   <div class='ocr_carea' id='block_1_6' title="bbox 330 4025 1596 4228">
    <p class='ocr_par' dir='ltr' id='par_1_9' title="bbox 330 4025 1596 4228">
     <span class='ocr_line' id='line_1_32' title="bbox 330 4025 1596 4209; baseline -0.005 -103"><span class='ocrx_word' id='word_1_274' title='bbox 330 4030 435 4129; x_wconf 84' lang='grc' dir='ltr'><em>Εὐχὴ</em></span> <span class='ocrx_word' id='word_1_275' title='bbox 477 4029 583 4131; x_wconf 79' lang='grc' dir='ltr'><em>ἑτέρα</em></span> <span class='ocrx_word' id='word_1_276' title='bbox 628 4035 678 4116; x_wconf 77' lang='grc' dir='ltr'><em>τίς</em></span> <span class='ocrx_word' id='word_1_277' title='bbox 720 4031 763 4106; x_wconf 90' lang='grc' dir='ltr'><em>τὸ</em></span> <span class='ocrx_word' id='word_1_278' title='bbox 806 4029 1047 4209; x_wconf 58' lang='grc' dir='ltr'><em>παιὲλίον,”</em></span> <span class='ocrx_word' id='word_1_279' title='bbox 1027 4059 1114 4128; x_wconf 86' lang='grc' dir='ltr'><em>οπερ</em></span> <span class='ocrx_word' id='word_1_280' title='bbox 1157 4029 1178 4106; x_wconf 91' lang='lat'><em>6</em></span> <span class='ocrx_word' id='word_1_281' title='bbox 1220 4026 1339 4128; x_wconf 83' lang='grc' dir='ltr'><em>ἱερεὺς</em></span> <span class='ocrx_word' id='word_1_282' title='bbox 1384 4025 1596 4130; x_wconf 82' lang='grc' dir='ltr'><em>σφραγίζων</em></span> 
     </span>
     <span class='ocr_line' id='line_1_33' title="bbox 889 4128 1070 4228; baseline -0.012 -20"><span class='ocrx_word' id='word_1_283' title='bbox 889 4128 1070 4228; x_wconf 89' lang='grc' dir='ltr'><em>πεύχεται.</em></span> 
     </span>
    </p>
   </div>
   <div class='ocr_carea' id='block_1_7' title="bbox 733 4300 1213 4401">
    <p class='ocr_par' dir='ltr' id='par_1_10' title="bbox 733 4300 1213 4401">
     <span class='ocr_line' id='line_1_34' title="bbox 733 4300 1213 4401; baseline -0.002 -25"><span class='ocrx_word' id='word_1_284' title='bbox 733 4307 808 4376; x_wconf 87' lang='grc' dir='ltr'><em>Τοῦ</em></span> <span class='ocrx_word' id='word_1_285' title='bbox 835 4300 977 4401; x_wconf 82' lang='grc' dir='ltr'><em>Κυρίου</em></span> <span class='ocrx_word' id='word_1_286' title='bbox 1004 4301 1213 4400; x_wconf 74' lang='grc' dir='ltr'><em>δεηδιιῖμεν.</em></span> 
     </span>
    </p>
   </div>
   <div class='ocr_carea' id='block_1_8' title="bbox 331 4443 1672 4759">
    <p class='ocr_par' dir='ltr' id='par_1_11' title="bbox 331 4443 1672 4759">
     <span class='ocr_line' id='line_1_35' title="bbox 416 4443 1595 4580; baseline -0.013 -49"><span class='ocrx_word' id='word_1_287' title='bbox 416 4450 594 4551; x_wconf 80' lang='grc' dir='ltr'><em>Κύριε,</em></span> <span class='ocrx_word' id='word_1_288' title='bbox 576 4485 596 4529; x_wconf 91' lang='grc' dir='ltr'><em>ο</em></span> <span class='ocrx_word' id='word_1_289' title='bbox 625 4451 765 4538; x_wconf 82' lang='grc' dir='ltr'><em>Θεὸς</em></span> <span class='ocrx_word' id='word_1_290' title='bbox 744 4462 868 4550; x_wconf 80' lang='grc' dir='ltr'><em>ημῶν,</em></span> <span class='ocrx_word' id='word_1_291' title='bbox 905 4451 925 4528; x_wconf 90' lang='lat'><em>6</em></span> <span class='ocrx_word' id='word_1_292' title='bbox 957 4457 998 4528; x_wconf 83' lang='lat'><em>66</em></span> <span class='ocrx_word' id='word_1_293' title='bbox 1031 4447 1308 4549; x_wconf 80' lang='grc' dir='ltr'><em>τεσσαράκοντα</em></span> <span class='ocrx_word' id='word_1_294' title='bbox 1340 4447 1494 4580; x_wconf 66' lang='grc' dir='ltr'><em>ημίραις</em></span> <span class='ocrx_word' id='word_1_295' title='bbox 1515 4443 1595 4572; x_wconf 79' lang='grc' dir='ltr'><em>βρί-</em></span> 
     </span>
     <span class='ocr_line' id='line_1_36' title="bbox 331 4539 1594 4674; baseline -0.02 -31"><span class='ocrx_word' id='word_1_296' title='bbox 331 4581 403 4654; x_wconf 77' lang='grc' dir='ltr'><em>φθς</em></span> <span class='ocrx_word' id='word_1_297' title='bbox 427 4563 481 4652; x_wconf 87' lang='grc' dir='ltr'><em>τιῦ</em></span> <span class='ocrx_word' id='word_1_298' title='bbox 506 4564 650 4654; x_wconf 81' lang='grc' dir='ltr'><em>νομικῴ</em></span> <span class='ocrx_word' id='word_1_299' title='bbox 675 4562 757 4653; x_wconf 83' lang='grc' dir='ltr'><em>ναῷ</em></span> <span class='ocrx_word' id='word_1_300' title='bbox 783 4554 1060 4652; x_wconf 61' lang='grc' dir='ltr'><em>προςοιχθεὶςς</em></span> <span class='ocrx_word' id='word_1_301' title='bbox 1037 4553 1111 4630; x_wconf 92' lang='grc' dir='ltr'><em>υπὸ</em></span> <span class='ocrx_word' id='word_1_302' title='bbox 1138 4551 1294 4647; x_wconf 89' lang='grc' dir='ltr'><em>Μαρίας</em></span> <span class='ocrx_word' id='word_1_303' title='bbox 1317 4559 1383 4648; x_wconf 79' lang='grc' dir='ltr'><em>τῆς</em></span> <span class='ocrx_word' id='word_1_304' title='bbox 1407 4539 1594 4674; x_wconf 88' lang='grc' dir='ltr'><em>ἀπειρογὰ-</em></span> 
     </span>
     <span class='ocr_line' id='line_1_37' title="bbox 335 4647 1672 4759; baseline -0.022 -11"><span class='ocrx_word' id='word_1_305' title='bbox 335 4683 409 4752; x_wconf 71' lang='grc' dir='ltr'><em>μθυ</em></span> <span class='ocrx_word' id='word_1_306' title='bbox 434 4655 498 4731; x_wconf 68' lang='grc' dir='ltr'><em>καὶ</em></span> <span class='ocrx_word' id='word_1_307' title='bbox 524 4656 633 4759; x_wconf 72' lang='grc' dir='ltr'><em>ἁγίας</em></span> <span class='ocrx_word' id='word_1_308' title='bbox 659 4679 728 4732; x_wconf 83' lang='grc' dir='ltr'><em>σου</em></span> <span class='ocrx_word' id='word_1_309' title='bbox 753 4656 903 4755; x_wconf 81' lang='grc' dir='ltr'><em>μητρὸς,</em></span> <span class='ocrx_word' id='word_1_310' title='bbox 929 4657 992 4731; x_wconf 84' lang='grc' dir='ltr'><em>καὶ</em></span> <span class='ocrx_word' id='word_1_311' title='bbox 1017 4659 1058 4732; x_wconf 78' lang='grc' dir='ltr'><em>ἐν</em></span> <span class='ocrx_word' id='word_1_312' title='bbox 1079 4661 1160 4740; x_wconf 85' lang='grc' dir='ltr'><em>ταῖς</em></span> <span class='ocrx_word' id='word_1_313' title='bbox 1176 4649 1354 4758; x_wconf 81' lang='grc' dir='ltr'><em>ἀγκύλως</em></span> <span class='ocrx_word' id='word_1_314' title='bbox 1370 4681 1439 4730; x_wconf 89' lang='grc' dir='ltr'><em>του</em></span> <span class='ocrx_word' id='word_1_315' title='bbox 1423 4647 1595 4726; x_wconf 85' lang='grc' dir='ltr'><em>δικαίου</em></span> <span class='ocrx_word' id='word_1_316' title='bbox 1671 4703 1672 4758; x_wconf 65' lang='lat'><em>}</em></span> 
     </span>
    </p>
   </div>
   <div class='ocr_carea' id='block_1_9' title="bbox 0 0 1691 5308">
    <p class='ocr_par' dir='ltr' id='par_1_12' title="bbox 0 0 1691 5308">
     <span class='ocr_line' id='line_1_38' title="bbox 0 0 1691 5308; baseline 0 0"><span class='ocrx_word' id='word_1_317' title='bbox 0 0 1691 5308; x_wconf 95' lang='lat' dir='ltr'><em> </em></span> 
     </span>
    </p>
   </div>
  </div>
 </body>
</html>
