3378 5302
539 1489 767 1582 CAPUT
805 1491 877 1584 lv.

174 1695 401 1761 LI'TURGIA
430 1695 707 1762 snucrottuu
733 1697 1083 1764 apostotorum
1104 1701 1242 1766 nutui

592 1799 649 1862 ET
676 1799 823 1864 murts,

156 1998 225 2092 lam
247 2027 385 2108 sequitur
406 2037 511 2110 quarta
531 2027 665 2110 liturgia
687 2048 722 2092 ex
745 2029 861 2092 illarum
883 2047 1020 2105 numero,
1042 2048 1116 2109 quas
1139 2038 1279 2094 matres
1301 2031 1346 2094 rei

81 2147 221 2192 normas
248 2130 432 2212 appellamus
463 2129 655 2214 reliquarum,
688 2130 813 2194 deducta
845 2150 862 2194 a
889 2131 920 2196 S.
949 2131 1107 2194 Thaddaeo
1141 2140 1172 2196 ot
1203 2132 1234 2196 S.
1266 2132 1348 2209 Mari,

84 2231 216 2306 Orientis,
245 2241 279 2294 ut
299 2230 419 2311 antiqua
442 2233 626 2296 existimatur
647 2233 818 2308 traditione,
840 2233 997 2314 apostolis,
1020 2243 1050 2296 et
1071 2234 1161 2298 hodie
1182 2251 1250 2298 num
1272 2234 1348 2298 dua-

84 2332 135 2396 hus
152 2334 218 2398 aliis
240 2333 405 2416 anaphoris
417 2333 569 2398 Theodori
590 2353 625 2397 ao
635 2334 769 2398 Nestorii
793 2343 934 2418 usuupata
956 2335 1185 2399 sNestorianis.
1229 2335 1349 2416 Optimo

81 2434 140 2498 huie
171 2435 272 2498 oifioio
302 2437 455 2520 praefatus
485 2444 535 2498 est
560 2436 730 2514 Nostius,
763 2437 799 2500 ad
832 2455 921 2519 quem
943 2436 1086 2500 Lectores
1119 2437 1349 2502 transmittimus

83 2539 267 2616 initi-38.
289 2539 355 2616 41).
399 2537 478 2601 Ianira
498 2557 638 2602 recusum
661 2548 764 2604 estex
786 2539 1042 2614 Renaldotii¹)
1065 2540 1196 2602 editione
1218 2540 1351 2604 secunda
1482 2539 1485 2546 '

83 2637 157 2702 tom.
171 2639 197 2702 i.
218 2658 249 2720 p.
264 2639 452 2704 ors-592:
482 2640 684 2722 adspersimus
710 2641 860 2706 Theodori
882 2648 915 2704 et
937 2640 1069 2706 Nestorii
1102 2641 1132 2704 in
1165 2641 1349 2721 gravissimis

83 2741 214 2821 capitibus
242 2759 426 2804 eonsensum
457 2743 504 2804 rei
526 2742 766 2824 discrepantiam.
810 2743 872 2805 Neo
901 2761 1026 2824 prorsus
1058 2743 1232 2824 negligenda
1261 2742 1349 2806 nobis

83 2843 136 2904 risa
163 2851 210 2904 est
240 2842 416 2906 Maloharioa
442 2843 535 2908 missa
563 2864 580 2907 a
609 2845 797 2908 Nestorianis
827 2845 963 2920 oriunda,
991 2863 1071 2908 nuno
1102 2844 1138 2908 ab
1172 2843 1349 2908 censoribus

87 2942 215 3008 Romanis
237 2945 274 3008 ad
296 2944 450 3008 Romanoa
472 2965 573 3010 mores
595 2947 828 3012 accommodata.

283 3352 486 3443 LITURGIA
521 3367 837 3444 APOSTOLORUM
873 3365 1132 3441 SANCTORUM

486 3503 547 3557 ssu
563 3505 645 3557 onon
664 3503 936 3558 suenussnmsou.

89 3653 151 3752 Cap.
174 3655 200 3729 1.
251 3655 378 3773 Pm‘mo.
401 3653 532 3830 [Gloria
558 3656 594 3728 in
621 3658 760 3730 excelsis
787 3657 875 3732 Deo:
904 3667 937 3730 ot
961 3656 1060 3730 Pater
1085 3665 1202 3730 noster
1228 3656 1285 3754 qui
1312 3681 1349 3730 es

166 3777 183 3798 ··
274 3781 311 3830 rn
341 3781 400 3830 coe
415 3783 453 3832 rs.

651 3909 781 3983 Oratio.

150 4043 280 4118 Robora
314 4043 457 4118 Domino
494 4054 528 4118 et
562 4045 655 4118 Deus
692 4056 808 4118 noster
843 4045 1070 4120 infirmitatem
1108 4053 1257 4116 nostram
1291 4066 1352 4139 per

89 4145 337 4222 misericordium
363 4156 466 4240 tuam,
500 4157 539 4220 ut
563 4147 835 4221 administremus
862 4147 1056 4244 mysterium
1083 4158 1234 4218 sanetum
1261 4143 1350 4240 quod

20 4255 21 4288 ³
90 4245 186 4322 iatum
210 4260 263 4324 ast
288 4249 331 4322 ud
357 4251 608 4323 renovationem
635 4261 670 4322 et
694 4251 835 4323 salutem
867 4262 1005 4324 naturae
1038 4257 1172 4320 nostrae
1195 4245 1349 4318 humilis:

20 4427 21 4456 χ
91 4370 138 4441 per
159 4351 392 4426 miserationes
417 4351 494 4426 Filii
520 4353 570 4426 tui
597 4353 721 4446 dilecti,
748 4354 898 4426 omnium
924 4351 1070 4426 Domini.

161 4623 183 4684 t)
208 4625 289 4678 Adeas
317 4625 454 4678 doctissimi
480 4627 524 4678 riri
553 4625 752 4677 Dissertationum
777 4625 808 4676 de
825 4625 1023 4676 Nestoriannrnm
1050 4619 1156 4682 Litargia
1175 4617 1228 4669 te.
1246 4615 1353 4668 Tomi.

20 4711 22 4768 ᾗ
93 4705 258 4768 Mil-57¹1.
