3368 5308
712 431 784 506 531

108 617 187 697 τοῖς
209 607 318 710 νόμῳ
343 606 472 714 γόμου
496 613 790 709 συναπτομίνοις
814 610 983 710 ἀλλήλοις
1007 612 1071 688 καὶ
1096 613 1243 707 μισθὸν
1268 614 1387 712 ὥςπερ

109 714 311 808 ἀπονέμων
343 713 472 798 αὐτοῖς
504 713 574 790 τόν
603 723 668 812 τῆς
700 712 960 816 σωφροσύνης,
994 714 1051 790 ὅτι
1077 713 1178 818 ἅγιοι
1203 716 1294 815 πρὸς
1318 717 1387 794 τὸν

108 816 183 893 ὑπὸ
210 823 283 891 σοῦ
307 815 619 911 νομοθετηθέντα
650 813 777 918 γόμον
811 815 1083 916 συιήφθησαν·
1118 817 1232 902 αὐτὸς
1255 817 1320 894 καὶ
1345 822 1387 894 ἐν

110 925 155 1014 τῇ
181 913 284 992 λύσει
315 923 396 992 τῶν
419 912 622 1016 παρόντων
647 915 847 1017 στεφάνων
870 919 958 1003 τοὺς
984 920 1252 1018 συναφθέντος
1276 918 1386 1016 ἀλλή-

110 1027 186 1102 λοις
210 1015 414 1120 εὐλόγησον
437 1015 503 1092 καὶ
526 1017 596 1114 τὴν
622 1017 836 1119 συνάφειαν
860 1021 990 1098 αὐτῶν
1016 1018 1278 1098 ἀδιάσπαστον
1302 1019 1387 1096 δια-

108 1119 284 1218 τήρησον,
316 1121 380 1194 ἵνα
417 1119 663 1217 εὐχαριστῶσι
695 1121 900 1206 διαπαντὸς
932 1131 987 1219 τῷ
1020 1124 1194 1226 παναγίῳ
1228 1119 1387 1218 ὀνόματί

110 1247 193 1311 σου,
225 1227 297 1296 τοῦ
330 1219 481 1318 πατρὸς,
514 1220 578 1296 καὶ
610 1230 679 1298 τοῦ
712 1223 811 1314 υἱοῦ,
843 1222 1000 1298 καὶτοῦ
1026 1223 1137 1326 ἁγίου
1163 1220 1384 1320 πνεύματος,

110 1333 183 1400 νῦν
207 1319 272 1398 καὶ
298 1321 368 1413 ἀεὶ,
392 1321 457 1397 καὶ
482 1327 533 1407 ελς
557 1322 644 1409 τοὺς
671 1328 812 1410 αἰῶνας
835 1334 914 1402 τῶν
943 1321 1104 1402 αἰώνων.
1149 1322 1276 1422 Ἀμήν.

194 1419 334 1522 Εἰρήνη
359 1431 485 1499 πᾶσιν.
543 1423 617 1508 Τὰς
641 1425 805 1524 κεφαλὰς
829 1427 941 1521 ὑμῶν
966 1435 1020 1524 τῷ
1046 1427 1176 1526 Κυρίῳ
1201 1425 1359 1504 κλίνατε.

195 1524 401 1652 Σόμηοωνα
424 1523 724 1623 καταντήσαντες
749 1529 784 1602 οἱ
810 1527 938 1604 δοῦλοι
965 1552 1047 1617 σου,
1075 1523 1202 1626 Κύριε,
1228 1525 1292 1603 καὶ
1305 1530 1387 1627 ’τὴν

111 1627 346 1703 αἰιιολουθιαν
372 1625 621 1712 ἐκτελέσαντες
651 1637 720 1703 τοῦ
745 1631 785 1704 ἐν
811 1635 920 1726 Κανᾷ
945 1625 1071 1732 γόμου
1096 1637 1162 1726 τῆς
1187 1631 1388 1716 Γαλιλαίας

109 1729 174 1804 καὶ
208 1727 466 1812 συστέλλοντες
500 1727 547 1802 τὰ
580 1730 677 1804 κατ’·
695 1729 813 1805 αὐτὸν
846 1728 1031 1828 σύμβολα,
1065 1727 1182 1817 δόξαν
1207 1757 1266 1808 σοι
1292 1733 1387 1808 ἀνα-

111 1830 305 1926 πίμπομεν
330 1838 385 1928 τῷ
411 1829 537 1927 πατρὶ,
561 1830 696 1928 καὶτῷ
712 1832 798 1929 υἱῷ,
824 1833 957 1928 καὶτῷ
974 1830 1071 1933 ἁγίῳ
1089 1829 1286 1931 πνεύματι,
1312 1843 1387 1910 νῦν

109 1932 173 2008 καὶ
200 1931 270 2021 ἀεὶ,
294 1929 358 2007 καὶ
384 1936 435 2015 είς
458 1929 545 2016 τοὺς
570 1937 709 2017 αἰῶνας
732 1939 812 2008 τῶν
829 1929 998 2008 ἀλαίνων.
1007 1933 1029 2030 ¹)

544 2063 614 2134 Καὶ
635 2061 762 2152 γίνεται
783 2061 958 2146 ἀπόλυσις.

381 2255 422 2327 D.
476 2249 720 2352 Κεφάλαια
753 2251 857 2351 περὶ
892 2248 1116 2354 διγοίμων.

196 2350 395 2474 Κεφόλαιον
428 2381 625 2476 Νικηφόρου
658 2383 865 2475 πατριάρχου
892 2381 1292 2469 Κωνσταντινουπόλοως,
1326 2389 1388 2456 τοῦ

111 2480 330 2576 ὁμολογητοῦ.
549 2485 554 2494 ’
1342 2551 1346 2564 .

195 2583 235 2654 ‘0
263 2585 403 2675 όίγαμος
428 2582 467 2656 αὖ
498 2593 737 2678 στεφανοῦται,
766 2585 852 2657 ἀλλὰ
878 2586 935 2657 καὶ
962 2585 1162 2674 ἐπιτιμᾶται
1186 2589 1387 2674 μεταλαβεῖν

111 2694 179 2756 τῶν
200 2683 370 2778 ἆχρόντων
388 2687 576 2780 μυστηρίων
598 2687 655 2782 ἐτη
678 2687 748 2759 δίο.
782 2686 820 2756 ‘0
843 2689 880 2758 δὲ
900 2685 1071 2776 τρίγαμος,
1093 2687 1131 2758 ε’.

193 2783 247 2856 Ἐκ
268 2795 334 2856 τῶν
355 2785 564 2876 ἀποκρίσεων
584 2797 645 2874 τοῦ
664 2788 829 2879 μακαρίου
850 2787 982 2879 Νικήτα
1003 2785 1264 2875 Μιτροπολίτου
1284 2786 1388 2880 Ἡρα-

109 2887 233 2970 κλείας,
256 2889 295 2972 ἐξ
313 2881 359 2958 ὧν
379 2886 538 2981 ἠρωτήθη
559 2892 654 2980 παρὰ
674 2898 734 2960 τοῦ
755 2889 1007 2959 Κωνοταντίνου
1029 2889 1228 2960 ἐπισκόπου.

113 3083 162 3133 crie
189 3080 309 3132 ieciondir
336 3081 444 3132 etteodit.
481 3083 567 3132 i’recee
591 3091 661 3131 etiem
686 3089 805 3132 extremae
823 3081 944 3132 nnctinnic
962 3089 1055 3146 reptem
1074 3081 1160 3132 diebnr
1178 3090 1323 3146 proponeret
1341 3081 1388 3134 eii·

112 3165 211 3232 anndn
236 3165 320 3226 totone,
346 3165 520 3216 obcertantium
545 3166 658 3216 occurrit.
693 3165 745 3216 Non
771 3167 890 3216 minorem
909 3167 989 3230 iteqoe
1007 3179 1066 3230 pree
1083 3165 1241 3216 recrementis
1258 3165 1313 3216 eiiie
1331 3179 1386 3216 com

112 3250 293 3302 matrimonium
319 3249 469 3300 devotionern
494 3252 602 3316 exquiret
625 3258 649 3300 et
672 3259 752 3300 αιτιοι
770 3250 859 3301 Tobiae
883 3250 1008 3315 productio
1031 3263 1075 3314 per
1092 3259 1185 3314 neptem
1203 3249 1255 3299 dieo
1272 3250 1386 3314 precibnc

113 3335 219 3398 ccoiopii
244 3336 429 3400 prosperitatem
449 3351 462 3385 r
480 3335 529 3386 neo
548 3337 580 3386 eit
598 3343 731 3386 mercetur:
756 3334 856 3400 eeqocie
874 3335 992 3399 temporie
1009 3334 1113 3398 epatium
1133 3331 1318 3395 enotogibueot
1336 3332 1385 3383 Deo

112 3434 211 3486 qnoque
237 3425 322 3469 necent
347 3420 475 3482 eeeipoerit
501 3419 612 3470 ecclesie.
648 3419 759 3480 Coronis,
787 3417 942 3469 castimoniae
967 3417 1070 3468 tentibur
1094 3417 1242 3468 conrerrrtie
1266 3417 1384 3468 cuimine

112 3505 261 3556 cneiertibne
286 3517 315 3553 ee
339 3506 435 3568 penitnn
459 3511 569 3554 avocatos
588 3517 635 3554 non
655 3504 729 3554 iniere
748 3504 891 3568 protientur
909 3510 933 3552 et
950 3503 1064 3567 deincepe
1082 3501 1189 3552 iomiiiee
1207 3515 1279 3552 corne
1297 3500 1385 3551 distre·

113 3589 184 3640 heredi
208 3601 263 3638 cnm
287 3587 403 3652 precibus
426 3596 449 3638 ct
472 3587 588 3638 eceieeiee
607 3588 773 3640 benedictione
792 3587 848 3638 iiior
866 3588 988 3652 deponere
1006 3587 1051 3638 eibi
1071 3585 1144 3638 iicere
1161 3585 1300 3650 exoptent.“
1334 3585 1386 3638 'iem

111 3674 265 3724 obserentem
284 3679 321 3724 ert
338 3687 421 3737 enprr,
438 3687 501 3724 nnnc
517 3665 566 3734 τὴν
583 3669 637 3720 τῶν
654 3665 804 3738 στεφάνων
819 3661 900 3722 λόσιν
917 3669 1026 3737 proxime
1043 3671 1158 3737 eebeeqni
1178 3671 1323 3724 matrimonii
1342 3669 1386 3720 be·

111 3757 282 3809 oediotionem.

199 3841 224 3902 i)
243 3837 382 3892 Goerce:
406 3839 450 3899 oni
475 3841 559 3906 nuptui
584 3840 656 3890 fliium
681 3841 752 3900 locet,
778 3854 831 3890 com
856 3854 931 3906 proco
950 3841 981 3891 de
998 3840 1053 3890 dote
1073 3839 1182 3891 convenit
1199 3846 1223 3891 et
1240 3841 1386 3906 etipoirtnr;

113 3927 153 3990 qni
171 3927 228 3991 qnie
247 3924 351 3990 spondet
369 3923 525 3989 epnneeiibne
544 3939 631 3976 nomen
650 3925 766 3989 imponit:
790 3925 813 3974 in
832 3925 919 3991 quibui
937 3927 1008 3974 etiem
1027 3925 1120 3988 eponei,
1145 3933 1169 3974 nt
1187 3939 1253 3986 voce,
1277 3925 1308 3974 ite
1327 3939 1386 3974 eoo-

114 4009 228 4061 cnrdiboe
246 4010 333 4060 rnimie
350 4009 500 4074 cooepireot,
518 4001 659 4075 σόμιρανα
676 4007 838 4059 καταντῶσι.
874 4009 1001 4061 Contrectn
1021 4017 1099 4058 rotem
1119 4008 1227 4074 quotibet
1245 4009 1386 4059 cooiirmetn

113 4095 148 4144 cei
167 4097 261 4156 integre
278 4095 414 4153 ciceronio,
433 4093 488 4160 poio
506 4095 616 4158 pignore,
641 4093 743 4158 iiieiqne
761 4093 869 4157 epmbnic
887 4092 1031 4158 rtipoieotec
1049 4107 1124 4157 penes
1142 4106 1169 4142 ee
1187 4093 1319 4157 recipiunt:
1343 4107 1388 4142 co·

113 4179 180 4230 rooir
204 4186 337 4244 propterer
360 4179 500 4243 epnneiooie
524 4180 585 4229 inter
609 4184 697 4242 nnptne
724 4184 789 4228 ectee
815 4183 838 4226 et
856 4185 1035 4228 consummatae
1054 4185 1077 4226 et
1094 4178 1209 4241 deinceps
1227 4175 1274 4227 fide
1292 4175 1387 4226 sineere

113 4261 302 4323 contemnite,
326 4263 426 4326 pignore
451 4263 497 4327 ipci
522 4264 606 4327 epnnei
625 4271 707 4313 moron
725 4263 771 4312 eibi
790 4261 902 4321 reddent,
926 4261 982 4314 dnm
1001 4262 1041 4313 iiie
1060 4275 1073 4311 e
1091 4262 1170 4325 crpite
1186 4260 1233 4310 eibi
1250 4259 1310 4309 eniri
1328 4274 1386 4325 per-

114 4349 227 4409 mittnot;
251 4356 356 4411 tuncque
380 4346 444 4411 qood
463 4347 502 4398 hio
519 4347 606 4398 dicitur
622 4343 799 4396 συστέλλουσι
816 4325 936 4395 ια’κατᾶ
954 4331 1049 4412 γόμον
1066 4337 1201 4408 σύμβολα.
1236 4343 1271 4394 ed
1290 4343 1386 4394 iiterem

113 4446 178 4493 cero,
203 4431 224 4480 ri
245 4445 323 4494 poene
341 4445 442 4495 epnneo‚
460 4446 473 4480 e
491 4431 581 4495 nuptiie
599 4429 716 4481 reeiiienti
734 4443 762 4480 ex
781 4438 863 4480 motno
882 4444 1002 4482 eoneeoen
1021 4430 1141 4494 imponite,
1165 4428 1252 4492 pipone
1271 4428 1301 4477 rb
1319 4435 1387 4477 ntro·

112 4529 159 4580 qne
182 4523 255 4579 perte
276 4511 351 4564 'inerit
374 4515 519 4580 depositum,
544 4515 638 4564 iirmrto
662 4514 760 4564 coronio
777 4516 883 4578 acceptis
902 4515 1031 4575 connubio,
1049 4526 1131 4563 eornm
1150 4511 1302 4577 coemptione
1320 4511 1387 4563 omni

113 4613 211 4665 oenone
237 4598 391 4664 προστίμου
414 4601 504 4652 ieetnre
529 4599 653 4652 ecienntor
675 4599 835 4664 ntipoientee:
863 4599 892 4650 de
916 4613 964 4665 qno
991 4596 1091 4662 iepeode
1109 4595 1183 4649 nterii
1201 4594 1299 4648 Noreiie
1325 4597 1387 4648 toric

112 4685 198 4738 Greec.
217 4681 296 4734 tint
