3416 5290
930 431 1003 506 674

341 607 500 685 ·Είτα
520 609 697 705 σφραγίζει
717 607 771 682 6
760 611 870 704 ιερεύς
885 613 945 703 τήν
964 612 1113 705 κεφαλήν
1133 637 1193 682 του
1177 610 1452 704 ’κατηχουμένσυ
1467 611 1541 702 τρίς
1552 613 1610 683 καί

327 715 415 803 μετά
441 715 482 786 τὸ
508 711 780 808 κατασφραγίσαι
806 715 912 802 λέγει·
942 721 1013 784 Τοῦ
1033 711 1161 805 Κυρίου
1184 715 1369 805 δεηθῶμεν.
1413 714 1487 784 Καὶ
1508 733 1611 806 ατρα-

330 817 408 908 φείς
427 816 513 886 κατά
535 815 700 898 ἀνατολάς
720 817 820 905 λέγει.

338 947 343 954 ·
411 915 520 1002 ’,θόλν
544 918 695 989 δέσποτα
714 913 957 1007 παντοκράτυρ,
978 915 1102 1010 ύψιοτε
1124 919 1265 1004 βασιλεύ
1280 922 1341 1006 τής
1353 857 1465 1008 δόξης,
1488 913 1610 1004 όμετά

328 1025 390 1090 τοῦ
412 1020 534 1104 ζῶντος
553 1045 610 1090 και
600 1017 859 1090 ένυποστάτου
880 1043 942 1088 σου
951 1015 1071 1107 Λόγου
1091 1020 1149 1088 καί
1162 1023 1223 1087 τού
1240 1018 1334 1107 παρὰ
1348 1041 1410 1088 σου
1393 1019 1610 1108 ’ἐνωτορευο-

327 1120 432 1210 μένου
458 1118 649 1209 πνεύματος
675 1127 736 1212 τής
755 1117 929 1214 άληθείος,
956 1118 1117 1211 κυριεύων
1138 1118 1249 1212 πάσης
1267 1117 1407 1202 κτίσεως
1427 1117 1557 1211 όρατῆς
1574 1147 1611 1190 τε

329 1223 387 1294 καί
409 1220 565 1312 άοράτου.
606 1220 645 1292 ‘0
667 1221 755 1304 Θεὸς
775 1219 795 1292 6
815 1221 1007 1312 καθήμενος
1027 1223 1172 1292 ἐπὶτῶν
1185 1222 1360 1312 Χερουβὶμ
1379 1221 1438 1291 καί
1483 1229 1501 1246 ”
1522 1249 1611 1314 τρις-

331 1323 416 1416 αγίιμ
438 1333 533 1418 φωνῇ
553 1323 622 1394 ύπδ
642 1331 709 1392 τῶν
722 1325 879 1416 Σεραφίμ
901 1320 1144 1412 άνυμνούμενος
1164 1321 1441 1405 άκαταπαύστιας,
1522 1351 1611 1414 πορ-

330 1425 507 1516 εσωήκασιν
532 1425 640 1512 χίλιαι
664 1424 814 1510 χιλιάδες
841 1425 898 1494 καί
921 1424 1041 1514 μυρίαι
1067 1425 1228 1515 μυριάδες
1253 1423 1356 1516 άγίων
1382 1421 1535 1514 άγγέλων
1554 1427 1610 1496 καί

330 1523 539 1616 άρχαγγέλων
568 1525 734 1616 στρατιαί.
775 1527 823 1595 Σύ
851 1521 883 1596 εί
902 1528 942 1596 τό
964 1535 1038 1619 φῶς
1058 1527 1097 1596 τδ
1120 1527 1266 1618 φωτίζον
1287 1525 1400 1596 πάντα
1422 1523 1609 1617 ἅνθρωποι

330 1626 506 1717 ἐρχόμενον
533 1625 582 1709 εἰς
607 1628 667 1698 τόν
690 1626 832 1715 κόσμον·
861 1627 1117 1716 δυςωπούμενος
1142 1626 1211 1698 ύπδ
1237 1633 1297 1718 τῆς
1324 1625 1422 1717 ἁγίας
1441 1628 1609 1700 θεοτόκου

329 1730 387 1799 καὶ
409 1727 638 1820 άειπαρθένου
659 1729 802 1821 Μαρίας
820 1730 877 1799 καί
903 1728 1016 1822 πάσης
1042 1729 1244 1818 ἐπουρανίου
1265 1753 1327 1798 σου
1349 1729 1527 1822 ἐκκλησίας
1546 1739 1609 1800 τῶν

329 1825 553 1924 πρωτοτόκων
573 1831 610 1901 ἐν
626 1828 852 1922 Ἰερουσαλήμ,
875 1829 1064 1920 ἐπίβλεψον
1086 1830 1166 1922 λλέφ
1187 1826 1314 1918 όμματι
1335 1831 1395 1901 έπί
1415 1833 1477 1922 τήν
1490 1833 1610 1903 ταπεί-

331 1949 433 2002 νωσιν
460 1941 521 2004 τοῦ
548 1929 670 2004 δούλου
689 1956 763 2016 σου,
792 1932 883 2014 ὅςτις
903 1931 1065 2005 συνέθετο
1086 1933 1143 2002 καὶ
1162 1931 1446 2025 καθωμολόγησεν
1464 1933 1609 2004 ἐνώπιον

204 2101 209 2114 ,
330 2037 468 2105 πολλῶν
487 2032 673 2124 μαρτύρων,
696 2031 857 2126 συνάψων
877 2040 925 2124 τῷ
946 2035 1135 2123 δωρηθέντι
1156 2034 1246 2124 αύτῷ
1268 2035 1304 2105 ἐκ
1324 2031 1501 2126 προγόνων
1515 2036 1610 2124 χαρί-

331 2159 436 2224 σματι
461 2143 521 2228 τῆς
547 2133 725 2218 υίοθεσίας
749 2137 807 2206 καὶ
833 2143 893 2226 τής
918 2132 1094 2223 βασιλείας
1119 2160 1181 2205 σου
1203 2138 1262 2206 διά
1281 2143 1343 2206 τοῦ
1364 2133 1463 2225 άγίου
1483 2135 1609 2224 βαπτί-

331 2259 468 2325 σματος,
497 2239 536 2307 τό
557 2238 737 2324 μοναδικόν
755 2245 856 2307 τοῦτο
876 2239 935 2307 καὶ
956 2234 1164 2326 άγγελυειδές
1184 2236 1386 2328 ἐπάγγελμα.
1430 2239 1610 2331 Κατάστη-

331 2361 392 2408 σον
418 2340 655 2426 τετελεσμένον
681 2338 742 2408 ἐπί
768 2339 828 2425 τήν
855 2336 1039 2430 άνρότομον
1065 2340 1124 2408 καί
1150 2341 1376 2431 πνευματικήν
1401 2341 1531 2429 πέτραν
1551 2348 1611 2430 τής

332 2439 382 2522 είς
407 2443 446 2512 σό
474 2439 630 2523 πίστεως.
672 2437 921 2528 Ἔνδυνάμωσον
950 2438 1052 2510 αύτδν
1073 2441 1109 2510 ἐν
1128 2447 1177 2532 τῷ
1196 2439 1311 2530 κράτει
1331 2449 1391 2532 τῆς
1413 2439 1528 2526 ἰσχύος
1549 2465 1608 2511 σου

330 2543 388 2612 καί
411 2541 547 2613 ένδυσυν
569 2540 670 2612 αὐτὸν
690 2543 750 2611 τίν
770 2540 965 2612 πανοπλίαν
985 2549 1046 2612 τοῦ
1067 2539 1163 2630 ἁγίου
1178 2565 1239 2611 σου
1254 2541 1460 2628 πνεύματος·
1482 2542 1538 2612 ὅτι
1552 2540 1609 2612 οίκ

333 2641 424 2714 ἐστιν
451 2641 542 2734 αύτῷ
569 2642 589 2734 ή
621 2642 713 2734 πάλη
741 2645 828 2734 πρὸς
856 2637 940 2731 αίμα
967 2645 1025 2715 καί
1054 2642 1170 2734 σάρκα,
1199 2641 1285 2713 ἀλλά
1305 2644 1393 2731 πρός
1411 2645 1475 2726 τὰς
1497 2642 1607 2734 άρχδς,

330 2747 419 2834 πρὸς
439 2747 500 2826 τάς
521 2743 684 2828 ἐξουσίας,
705 2747 793 2833 πρὸς
812 2745 891 2826 τούς
904 2743 1172 2834 κοσμοκράτορας
1185 2752 1247 2814 τού
1260 2742 1398 2827 σκότους
1412 2753 1475 2815 τοῦ
1490 2745 1608 2827 αἰῶνος

330 2846 462 2930 τούτου,
490 2848 578 2937 πρὸς
604 2846 648 2916 τά
675 2847 883 2934 πνευματικά
910 2854 970 2938 τῆς
990 2846 1162 2938 πονηρίας.
1204 2846 1397 2937 Περίζωσον
1418 2847 1480 2936 τήν
1501 2845 1607 2938 ὀσφύν

332 2945 436 3018 αὐτοῦ
457 2946 598 3035 δύναμιν
618 2946 782 3040 ἀληθείας
802 2949 858 3019 καὶ
880 2945 1016 3018 ἔνδυσον
1038 2948 1138 3018 αὐτὸν
1158 2947 1301 3036 θιύρακα
1321 2948 1536 3040 δικαιοσύνης
1554 2947 1607 3017 καί

332 3047 561 3139 ἀγαλλιάσεως
587 3051 645 3119 καί
665 3047 838 3142 άπόδησσν
858 3051 938 3132 τοὺς
957 3050 1069 3132 πόδας
1091 3047 1193 3118 αὐτοῦ
1214 3050 1249 3119 έν
1271 3048 1453 3142 ἑτοιμασίᾳ
1473 3057 1536 3119 τού
1555 3047 1603 3118 εύ-

332 3151 486 3242 αγγελίου
507 3159 568 3243 τής
588 3151 727 3243 εἰρήνης.
770 3151 920 3244 Σόφισον
945 3149 1046 3221 αὐτὸν
1067 3149 1246 3238 ἀναλαβεῖν
1266 3151 1324 3220 τὸν
1345 3151 1384 3220 δὲ
1404 3155 1533 3239 θυρεὸν
1551 3159 1604 3240 τῆς

330 3251 488 3335 πίστεως,
518 3254 552 3323 έν
574 3246 602 3342 ᾦ
633 3252 809 3344 δινήσεται
836 3253 948 3322 πάντα
969 3254 1012 3324 τά
1031 3255 1112 3346 βέλη
1134 3259 1194 3322 τοῦ
1214 3259 1363 3344 πονηροῦ
1382 3253 1428 3320 τά
1448 3277 1604 3340 πεπυρω-

329 3357 418 3442 μένα
438 3355 558 3442 σβέσαι
578 3355 636 3424 καὶ
655 3355 716 3446 τήν
737 3353 1003 3446 περικεφαλαίαν
1023 3362 1083 3425 τοῦ
1104 3353 1267 3444 σωτηρίου
1290 3355 1460 3436 δέξασθαι
1479 3355 1537 3424 καί
1549 3354 1604 3442 τήν

330 3455 498 3545 μάχαιραν
523 3464 586 3528 τού
612 3456 812 3544 πνεύματος,
828 3455 860 3526 ’ὅ
889 3457 962 3526 ἐστι
982 3455 1072 3548 ῥῆμά
1092 3481 1164 3545 σου,
1192 3454 1521 3542 ἀντιλαμβανόμενος
1538 3461 1605 3536 τοῖς

332 3554 513 3648 άλαλήτοις
533 3565 592 3650 τῆς
610 3559 750 3647 καρδίας
773 3555 876 3627 αὐτοῦ
896 3563 1101 3646 στεναγμοῖς.
1136 3556 1392 3648 Συναρίθμησον
1414 3555 1518 3626 αι’τόν
1539 3561 1607 3638 τοῖς

331 3657 496 3741 ἐκλεκτοῖς
516 3683 588 3742 σου,
609 3663 665 3729 ἵνα
685 3661 819 3751 γένηται
839 3665 955 3740 σκεῦος
976 3660 1112 3749 έκλογής
1133 3681 1204 3742 σου,
1236 3657 1309 3740 υίδς
1328 3659 1386 3728 καί
1406 3657 1607 3748 κληρονόμος

331 3767 391 3851 τῆς
417 3759 593 3848 βασιλείας
619 3787 695 3844 σου,
724 3759 799 3843 υίὸς
820 3760 941 3854 ’φωτὸς
966 3762 1023 3829 καί
1049 3757 1189 3849 ἡμέρας,
1216 3759 1356 3852 σοφίας,
1384 3759 1605 3852 δικαιοσύνης,

330 3857 508 3950 άγιασμού,
531 3859 805 3954 άπολυτριύσειος.
838 3859 1097 3931 Καταοκεύασον
1119 3857 1220 3931 αὐτὸν
1239 3857 1379 3952 ὄργανον
1400 3861 1604 3954 ἐναρμόνιον,

330 3961 520 4056 ψαλτήριον
541 3965 682 4054 τερπνὸν
703 3971 764 4033 τοῦ
785 3962 880 4054 άγίου
902 3963 1101 4050 πνεύματος,
1130 3961 1227 4044 ὅπως
1247 3964 1401 4032 ἐντεῦθεν
1421 3966 1509 4050 μετὰ
1523 3989 1606 4051 προ-

329 4072 438 4156 κοπῆς
459 4062 732 4152 ἀπεκδυσάμενος
751 4067 810 4134 τδν
829 4065 978 4135 παλαιὸν
993 4060 1185 4153 άνθρωπον,
1207 4064 1266 4134 τὸν
1280 4062 1511 4158 φθειρόμενον
1525 4063 1607 4133 κατὰ

331 4167 392 4256 τήν
419 4165 603 4258 φιλήδονον
624 4165 758 4257 άπάτην
778 4173 839 4237 τοῦ
860 4165 1082 4258 πολυμόρφου
1105 4162 1228 4258 όφεως,
1256 4165 1433 4258 ἐνδύσηται
1453 4167 1515 4235 τὸν
1534 4165 1607 4235 νέον

328 4263 448 4354 Ἀδάμ,
470 4269 528 4338 τὸν
547 4269 634 4339 κατὰ
656 4269 743 4338 Θεὸν
772 4270 953 4339 κτισθέντα
974 4270 1010 4338 ἐν
1030 4265 1182 4359 ὁσιότητι
1201 4269 1259 4339 καί
1279 4266 1487 4360 δικαιοσύνη.
1529 4273 1608 4335 Στε-

331 4368 458 4457 ρέωσον
480 4367 590 4453 αὐτὸν,
611 4369 760 4439 πάντοτε
779 4371 821 4438 τά
842 4369 1007 4460 στίγματα
1026 4370 1083 4438 καί
1103 4371 1163 4439 τὸν
1182 4371 1325 4461 σταυρόν
1344 4377 1406 4438 τού
1424 4366 1535 4460 Ἰησοῦ
1545 4375 1608 4452 βα-

330 4468 462 4554 στάζειν
484 4470 519 4538 ἐν
538 4477 589 4562 τῷ
607 4469 739 4559 σώματι
762 4468 874 4554 αὑτοῦ,
897 4471 946 4542 δι’
969 4464 1016 4542 ὧν
1037 4469 1127 4564 αὐτῷ
1148 4469 1167 4540 ό
1187 4470 1312 4558 κόσμος
1329 4469 1538 4556 ἐσταύρωται
1550 4465 1607 4536 καί

331 4567 433 4652 σύτδς
457 4577 506 4660 τῷ
531 4571 656 4664 κόσμῳ.
699 4571 898 4664 Μόρφωσυν
926 4573 961 4644 ἐν
989 4571 1079 4664 αύτῷ
1107 4571 1226 4664 ἀρετήν
1252 4570 1415 4663 ἀληθινήν
1438 4565 1532 4660 άγειν
1552 4569 1606 4638 καί

327 4671 374 4760 μή
398 4668 572 4762 ἀρέσκειαν
604 4671 796 4767 ἀνθρώπων
816 4671 838 4766 ἢ
861 4672 1108 4767 αι’·ταρέοκειαν,
1140 4673 1237 4765 ἔντή
1258 4671 1411 4765 ὑπομονῇ
1430 4672 1492 4764 τήν
1513 4669 1609 4742 εύτέ-
