3416 5290
932 411 1006 488 670

329 591 568 687 χειρόγραφον·
589 593 706 664 καὶτὸ
728 589 919 666 ύπέλσιπον
938 599 998 686 τῆς
1020 593 1105 683 ζωῆς
1124 615 1191 680 μου
1213 591 1272 662 άιά
1291 587 1473 680 μετανοίας
1494 587 1611 684 εύσρε-

331 695 454 788 στῆσαί
473 718 539 766 σοι.
579 692 669 766 Ἀλλ’
691 692 710 764 ά
732 694 855 785 ίχθρός
875 691 993 788 ἀπατᾷ
1016 719 1060 782 με
1079 694 1138 764 καὶ
1157 696 1301 782 πολεμεῖ
1320 693 1381 784 τήν
1400 692 1515 787 ψιηήν
1533 719 1611 784 μου.

331 797 448 889 Κύριε,
469 797 552 885 πρίν
572 795 623 878 είς
642 796 739 880 τέλος
758 793 971 884 ἀπέλλωμαι,
992 792 1102 865 σῶσύν
1121 819 1175 883 με.

420 896 481 982 Τίς
500 896 738 986 χειμαζόμενος
756 897 813 968 καί
834 896 1043 988 προςτρέχων
1063 903 1111 987 τῷ
1132 898 1243 984 λιμένι
1261 893 1371 987 τούτῳ
1392 892 1433 966 ού
1447 895 1612 981 διασάζι-

330 1027 407 1085 ταις
428 995 451 1091 ἢ
471 997 524 1083 τίς
544 997 751 1087 ὀδυνώμενος
770 997 829 1070 καὶ
848 997 1073 1088 προςπίπτων
1093 1004 1141 1089 τῶ
1163 995 1298 1090 ίοτρείρν
1318 995 1427 1090 τούτῳ
1447 994 1491 1068 ού
1505 1005 1613 1089 θορο-

330 1099 491 1187 πεύεταις
512 1101 704 1192 Δημιουργέ
722 1107 790 1170 τῶν
811 1097 970 1170 ἀπάντων
989 1099 1047 1170 καί
1068 1097 1162 1189 λατρέ
1181 1105 1248 1169 τῶν
1269 1097 1466 1184 νοσούντων,
1494 1097 1611 1190 Κύριε,

329 1204 412 1294 πρὶν
433 1201 482 1286 είς
501 1203 599 1284 τέλος
620 1199 833 1290 ἀπόλλυμαι,
855 1200 965 1272 σῶσόν
982 1225 1037 1289 με.

415 1302 597 1395 Πρόβοτον
617 1302 688 1392 εἰμί
707 1311 767 1394 τῆς
786 1305 920 1394 λογικῆς
940 1327 1002 1372 σου
1022 1300 1168 1394 ποίμνης
1186 1302 1245 1372 καί
1257 1302 1345 1393 πρὸς
1356 1301 1397 1372 σέ
1409 1301 1612 1394 κατοφεάμω

332 1405 391 1476 τὸν
416 1404 565 1494 ποιμένα
592 1406 652 1476 τὸν
677 1403 794 1476 καλόν
824 1401 963 1496 ζήτησύν
988 1428 1033 1491 με
1058 1405 1117 1475 τὸν
1144 1403 1362 1496 πλανηθέντα
1389 1401 1410 1474 ά
1440 1405 1532 1487 Θεὸς
1556 1405 1611 1476 κοί

333 1504 469 1599 ἐλέησόν
488 1531 543 1594 με.

728 1632 731 1643 ’
773 1637 978 1733 Ἀντίφωνον
1000 1636 1163 1732 δεύτερον.

414 1755 468 1829 Ἔν
487 1764 528 1853 τῇ
548 1764 638 1853 πηγῇ
657 1765 698 1852 τῇ
716 1765 858 1850 μυστική
877 1767 937 1850 τῆς
959 1755 1202 1850 ἀναγεννήοεως
1222 1755 1398 1830 υἱοθεσίαν
1419 1759 1536 1846 λοβῶν
1555 1759 1609 1828 καί

334 1857 577 1950 ἀπολύτρωσιν,
600 1862 635 1930 έν
655 1858 797 1953 ἀμελείᾳ
816 1861 876 1950 τήν
898 1861 983 1951 ζωήν
1003 1861 1061 1931 καί
1081 1859 1118 1932 έν
1130 1858 1403 1951 παραπτώμασιν
1418 1858 1609 1951 έκάοπονή-

331 1985 405 2045 σος,
422 1959 548 2052 ἀγαθὲ,
569 1968 627 2031 νῦν
646 1958 819 2052 κρουμάζω
839 1984 912 2034 σοι·
934 1960 1085 2048 δακρύων
1104 1959 1283 2050 μετανοίας
1302 1959 1412 2054 πηγήν
1425 1988 1489 2049 μοι
1501 1960 1608 2052 διέρη-

330 2087 392 2136 σαι
410 2065 469 2134 καὶ
489 2061 687 2134 ἀπύπλονον
707 2063 765 2134 τὸν
786 2062 892 2155 ῥύπον
911 2071 977 2133 τῶν
998 2064 1087 2152 έμῶν
1107 2061 1409 2156 πλημμελημάτων,
1437 2063 1607 2133 παντοῦύ-

331 2191 415 2253 ναμε
435 2165 551 2256 Σωτήρ
573 2164 631 2235 καί
648 2166 821 2236 πολυέλεε.

416 2266 510 2360 Ζάλη
539 2263 783 2357 ἁμαρτημάτων
809 2266 959 2354 περιέχει
983 2292 1037 2355 με,
1064 2266 1192 2356 Σωτὴρ,
1219 2267 1276 2337 καί
1295 2265 1414 2359 μηκέτι
1435 2265 1547 2357 φέρων
1567 2267 1606 2336 τά

329 2367 499 2457 κλύάωμο,
527 2370 584 2438 σοί
609 2365 813 2460 προςπέπτω
839 2375 888 2459 τῶ
913 2365 1006 2458 μόνην
1032 2366 1227 2460 κυβερνήτῃ·
1255 2365 1301 2450 ῶς
1327 2375 1375 2458 τῶ
1396 2367 1519 2460 Πέτρῳ
1549 2367 1607 2459 τήν

329 2469 424 2562 χεῖρά
441 2495 506 2559 μοι
527 2467 671 2542 ἔκτεινον
692 2476 752 2559 τῆς
773 2468 1036 2561 φιλανθρωπίας
1057 2493 1117 2540 σου
1138 2470 1195 2540 καὶ
1214 2467 1324 2539 σῶσύν
1343 2495 1398 2557 με.

877 2603 1068 2675 Θεοτέκιον.
1352 2595 1356 2606 ’

414 2720 525 2792 Ῥῦσαι
550 2717 639 2810 ήμάς
666 2720 703 2792 έκ
723 2728 789 2792 τῶν
811 2717 959 2811 ἀναγκῶν
981 2721 1083 2815 ήμῶν,
1105 2720 1227 2816 Μήτηρ
1249 2729 1402 2810 Χριστοῦ
1422 2728 1485 2792 τοῦ
1507 2727 1604 2804 Θεοῦ,

330 2821 351 2915 ή
372 2831 514 2896 τεκοῦσα
541 2824 599 2892 τὸν
624 2829 690 2892 τῶν
711 2822 798 2892 ὅλων
818 2822 978 2916 ποιητήν·
1005 2827 1061 2894 ἵνα
1082 2824 1206 2908 πάντες
1226 2823 1396 2917 κράζωμέν
1417 2849 1485 2908 σοι,
1511 2831 1603 2914 χοῖρε

330 2923 352 3016 ή
372 2924 457 3018 μόνη
478 2921 670 3016 προστασία
689 2933 757 2995 τῶν
776 2933 893 3020 ψυχῶν
912 2923 1017 3018 ήμῶν.

796 3058 1001 3154 Ἀντίφωνον
1020 3059 1143 3152 τρίτον.

414 3183 492 3248 Ποῦ
519 3178 608 3249 ἐστὶν
633 3175 655 3270 ή
677 3185 738 3248 τοῦ
757 3177 884 3267 κόσμου
906 3179 1146 3271 προςπάθειας
1172 3185 1242 3250 ποῦ
1263 3179 1352 3250 έοτὶν
1372 3176 1392 3270 ή
1415 3185 1484 3248 τῶν
1503 3203 1600 3267 προς-

329 3278 453 3370 καίριον
474 3280 660 3370 φαντασίας
683 3281 742 3350 ούκ
764 3279 839 3351 ἰδοῦ
860 3289 966 3351 ταῦτα
984 3283 1162 3370 βλέπωμεν
1182 3289 1243 3372 ηήν
1260 3281 1317 3351 καὶ
1330 3280 1481 3366 σποάύνς
1500 3279 1536 3351 τί
1548 3273 1600 3349 σάν

329 3387 501 3468 κοπιῶμεν
522 3379 571 3463 εἷς
590 3379 715 3474 μάτηνς
736 3380 770 3450 τέ
791 3383 830 3453 δέ
851 3381 910 3454 ούκ
930 3381 1126 3474 ἀρνούμεθα
1146 3382 1270 3470 κόσμον
1289 3384 1347 3453 καί
1367 3380 1600 3469 ἀκολουθῶμεν

329 3489 378 3573 τῷ
398 3483 568 3571 κράζοντες
590 3481 610 3553 ὁ
631 3484 746 3555 θέλων
766 3492 979 3575 πορευθῆναι
1000 3483 1112 3556 ὀπίσω
1125 3510 1201 3574 μου,
1224 3482 1420 3572 ἀναλαβέτω
1433 3485 1495 3556 τάν
1508 3509 1601 3554 στου-

330 3583 389 3672 ράν
408 3609 474 3672 μου
495 3586 552 3654 καί
574 3586 659 3676 ζωήν
680 3583 918 3678 κληρονομήσει
939 3588 999 3678 τὴν
1020 3585 1167 3657 αίιύνιον.

414 3689 530 3769 Δεῦτε,
552 3684 676 3768 πάντες
696 3685 730 3758 οἳ
750 3694 933 3771 κοπιῶντες
953 3689 1011 3760 καὶ
1021 3688 1296 3780 πεφορτισμένοι,
1316 3684 1406 3779 κάγὼ
1421 3683 1603 3757 ἀναπαύσω

329 3781 426 3875 ὑμᾶς.
459 3781 586 3875 ’Ἄρατε
613 3789 672 3857 τὸν
700 3787 796 3878 ζυγόν
819 3815 886 3877 μου
914 3788 968 3882 ἐφ’
991 3788 1078 3879 ὑμᾶς
1103 3791 1161 3860 καί
1186 3787 1316 3876 μάθετε
1343 3785 1402 3858 ἀπ’
1427 3789 1523 3876 ἐμοῦ,
1553 3785 1604 3858 ὅτι

329 3895 440 3980 πρᾷος
468 3885 537 3974 εἰμί
564 3889 622 3959 καὶ
642 3891 802 3975 ταπεινὸς
820 3899 861 3984 τῇ
880 3890 1012 3985 καρδίη.
1054 3892 1126 3962 Καὶ
1147 3889 1300 3980 εὑρήσετε
1321 3887 1515 3960 ἀνάπαυσιν
1534 3895 1604 3970 τοῖς

329 3995 455 4084 ψυχαῖς
474 3987 576 4076 ὑμῶν.

414 4097 521 4162 Δεῦτε
541 4091 818 4184 προςκυνήσωμεν
838 4094 896 4163 καὶ
917 4095 1159 4187 προςπέσωμεν
1178 4093 1236 4163 καί
1250 4089 1444 4181 κλαύσωμεν
1459 4089 1607 4162 έναντέον

330 4191 468 4285 Κυρίου,
490 4201 550 4264 τοῦ
571 4191 776 4284 ποιήσαντος
797 4193 895 4286 ἡμᾶς.

415 4293 530 4384 Κύριε,
553 4293 669 4387 Κύριε,
692 4293 880 4390 ἐπέβλεψαν
900 4297 939 4382 ἐξ
959 4294 1102 4388 ούρανοῦ
1122 4297 1179 4368 καὶ
1199 4293 1253 4366 λ’δε
1273 4295 1331 4365 καὶ
1347 4291 1538 4388 ἐπίσκεψαι
1550 4293 1605 4382 τήν

332 4389 484 4484 ἀμπελον
505 4396 627 4490 ταύτην
646 4399 704 4469 καὶ
723 4397 920 4490 κατάρτισαι
945 4396 1057 4490 αὐτὴν,
1080 4393 1120 4490 ἣν
1142 4397 1319 4492 ἐφύτευσεν
1340 4394 1360 4489 ἦ
1384 4395 1482 4482 δεξιά
1502 4419 1573 4466 σου.

697 4533 802 4618 Δόξ.
845 4535 916 4605 Καὶ
936 4542 1003 4605 νῦν.
1049 4533 1240 4606 Θεοτύκιον.

411 4647 457 4720 Ἦ
467 4648 552 4744 μόνη
567 4649 646 4744 ἁγνή
661 4653 719 4726 καί
734 4647 893 4746 ἀχραντος
906 4654 1090 4747 παρθένος.
1113 4653 1184 4724 Καὶ
1197 4654 1248 4738 τὸ,
1258 4644 1606 4744 Ἅγκάλοςπατρικᾶῦ·
