3378 5302
713 429 760 504 st

94 630 122 690 p.
141 616 206 676 147
235 613 265 675 in
297 613 375 696 0pp.
398 613 471 678 Ullr.
496 616 578 680 1699
600 615 651 678 iol.
679 609 796 679 Volsll.
840 614 1049 680 Tillemout
1076 617 1164 681 llem.
1193 617 1271 682 Eool.
1294 618 1316 679 Ι.
1345 638 1376 699 p.

95 715 158 777 679
177 733 223 794 sq.
267 714 303 778 le
325 715 472 797 Nourry
492 717 658 797 Apparatus
681 717 719 780 ad
739 715 816 778 Bibl.
838 716 896 778 PP.
912 717 936 780 l.
957 717 1035 780 lliss.
1052 719 1083 780 2.
1105 737 1135 797 p.
1152 721 1193 784 24
1207 739 1251 800 sq.
1275 737 1301 782 e.
1318 738 1344 782 a.

180 814 242 877 Sed
271 815 321 880 bis
351 816 542 891 editionibus,
569 818 627 880 uisi
643 817 740 892 iallor,
769 817 907 880 omnibus
936 836 995 880 uua
1024 819 1185 898 eademque
1207 820 1378 884 membrana

95 915 286 980 reserandae
307 927 407 982 tamen
429 917 610 998 antiquitatis
632 918 771 998 praebuit
790 918 949 982 verborum
972 921 1122 997 tertum.¹l
1150 921 1252 1002 ltaque
1274 936 1304 984 et
1318 939 1376 984 uo-

92 1016 141 1078 bis
166 1017 272 1080 bitum
294 1019 599 1110 iterjngrediendum
621 1029 678 1096 est,
714 1021 756 1084 itu
777 1027 875 1083 umen
896 1029 930 1084 ut
951 1020 1067 1112 Codicis
1093 1022 1294 1086 llassauensis
1325 1023 1377 1100 (ll)

96 1125 124 1180 et
145 1108 351 1182 Rossa'uensis
367 1121 416 1197 (u)
438 1120 608 1184 varietatem
630 1121 788 1201 diligenter
805 1109 1010 1184 observemus.
1040 1123 1135 1185 Porro
1158 1125 1189 1185 iu
1210 1124 1378 1204 praecipuis

95 1219 242 1298 eapitdtus
271 1219 382 1308 llisaae
408 1221 553 1284 Fidelium
582 1221 659 1290 ratio
686 1221 787 1286 babila
815 1229 863 1285 est
883 1205 1020 1302 Syriaeue
1040 1223 1190 1304 Liturgiae
1214 1226 1246 1288 S.
1267 1225 1377 1300 iacobi,

96 1339 171 1399 quae
192 1323 364 1408 eommgms
386 1321 553 1404 celebrandi
573 1323 670 1386 torma
691 1331 747 1412 est,
775 1327 832 1403 qda
853 1323 1014 1404 Syricum
1037 1325 1196 1390 orthodoxi
1219 1326 1378 1403 (laeobitee

96 1421 171 1484 uuiti
196 1431 228 1506 et
248 1423 424 1500 Maronitas)
455 1433 519 1486 tum
540 1422 715 1486 heterodosi
738 1423 807 1505 olirp
830 1423 988 1488 utebantur
1009 1444 1043 1488 ao
1063 1427 1154 1490 modo
1177 1428 1300 1490 utinen
1322 1428 1377 1490 de-

96 1524 207 1584 sistunt
226 1523 348 1603 Syrisce
368 1535 405 1612 ‘et
425 1524 539 1587 Latine.
582 1525 684 1605 Neque
706 1521 834 1605 prorsus
856 1527 1113 1608 praetermisimus
1134 1528 1321 1610 Anaphoram
1345 1529 1378 1592 S.

97 1623 195 1704 Cerilli
225 1627 263 1686 el.
287 1643 318 1706 p.
335 1630 385 1690 40.
429 1625 562 1706 Denique
592 1625 721 1705 vigilanti
749 1645 817 1688 eura
845 1629 1080 1710 comparavimus
1118 1629 1249 1710 singulas
1277 1629 1378 1693 laenbi

99 1725 249 1789 orationes
275 1723 307 1788 in
329 1726 394 1788 aliis
416 1725 557 1808 Liturgiis
579 1725 694 1811 ebrias,
717 1735 749 1790 ut
771 1729 800 1790 in
824 1728 855 1789 S.
877 1729 977 1804 Marri,
1005 1727 1036 1792 in
1059 1727 1189 1810 Copticis
1212 1731 1326 1812 graecis
1344 1731 1377 1794 S.

98 1827 234 1911 Gregorii
256 1836 288 1890 et
308 1827 421 1890 Basilii.
465 1825 552 1902 Quod
573 1829 610 1890 ad
633 1827 729 1890 oilieia
744 1828 783 1906 S.
804 1829 905 1905 Basilii
927 1830 957 1892 S.
974 1829 1178 1910 Chrysostomi
1202 1833 1377 1906 orthodoxa,

100 1947 165 1992 eum
186 1929 267 1990 iulra
290 1929 448 1992 enbibituri
471 1930 565 1991 simus
587 1949 622 1994 ea
644 1930 768 2009 integra,
790 1947 870 1992 nune
885 1930 921 1993 sd
937 1950 1040 1994 eorum
1055 1933 1376 1998 verietatemanimad-

99 2039 213 2092 vertere
234 2049 487 2117 supervacaneum
509 2039 566 2094 est.

98 2188 397 2220 -Ι----.

100 2319 154 2368 hut
176 2323 252 2383 apres
277 2319 343 2368 avoir
366 2297 422 2369 bien
442 2318 550 2370 deelamd
569 2325 653 2390 contre
672 2333 730 2369 cena
748 2319 788 2383 qni
806 2320 997 2381 rejettenteetta
1015 2319 1119 2383 liturgia,
1143 2321 1280 2386 heretiqnea
1295 2328 1318 2370 et
1335 2336 1376 2372 aa·

100 2403 226 2473 tbaliqnas,
245 2403 264 2453 il
282 2418 311 2452 se
328 2403 409 2453 rdduit
426 2419 438 2452 a
457 2403 518 2465 dire,
537 2417 583 2467 qne
602 2404 737 2467 Slaches
756 2417 785 2452 an
804 2417 816 2452 a
837 2407 953 2466 compost
972 2419 1027 2465 une,
1045 2404 1222 2455 duntoneiatt
1240 2405 1310 2466 celle,
1329 2421 1376 2470 que

99 2501 250 2545 nomiavons
270 2503 299 2540 eu
320 2496 462 2543 conservant
480 2488 502 2537 le
520 2487 578 2537 lond
597 2488 627 2536 de
645 2487 773 2550 lforiginal,
793 2487 854 2536 mais
873 2501 902 2536 eo
921 2503 934 2551 p
952 2488 1114 2549 retroactam,
1132 2491 1240 2552 ajoutant
1260 2497 1283 2540 et
1302 2489 1377 2540 elren-

101 2580 165 2633 geaut
182 2573 294 2622 direrses
313 2571 417 2621 alam:
437 2587 465 2621 en
484 2579 551 2622 sorte
569 2571 709 2635 quil-obst
728 2587 771 2636 pas
790 2572 839 2621 nist
858 2572 888 2620 de
906 2572 985 2621 saveir
1002 2576 1154 2622 assurtmeut
1172 2589 1198 2622 ce
1218 2575 1257 2638 qai
1274 2575 1376 2624 vientde

101 2657 239 2720 Slarquee,
260 2669 356 2706 romane
375 2656 397 2706 le
408 2655 658 2707 Cardinalllellarmiu
678 2656 709 2706 l’a
727 2660 855 2721 rasumque
873 2665 897 2706 et
913 2656 939 2706 l.
951 2669 1024 2706 arona
1042 2671 1072 2706 an
1091 2658 1179 2719 moins,
1197 2672 1245 2722 qus
1262 2672 1325 2722 pour
1342 2659 1377 2709 lui

100 2740 160 2792 lna
177 2748 237 2806 peut
256 2755 301 2805 pas
321 2741 381 2810 lairg
400 2721 427 2792 c⁰e
445 2741 631 2798 discernemant
651 2739 726 2799 voitu,
745 2755 772 2790 ce
791 2755 829 2789 me
847 2739 949 2801 semble,
968 2741 1047 2805 lqnoi
1058 2755 1084 2791 se
1093 2743 1172 2792 reduit
1181 2755 1226 2791 seu
1238 2744 1377 2805 sentiment,

102 2827 137 2890 gui
161 2839 193 2876 ne
217 2839 260 2875 ma
279 2825 361 2889 parsit
385 2839 430 2890 pas
454 2826 508 2875 bien
532 2825 644 2875 different
668 2825 698 2875 de
717 2824 787 2884 ealoi,
806 2825 864 2889 qu'il
884 2828 968 2888 rejette
986 2841 1043 2875 avec
1061 2833 1111 2876 tant
1131 2825 1161 2876 de
1179 2826 1217 2876 isa
1237 2835 1260 2876 et
1278 2835 1328 2876 tant
1346 2827 1376 2877 de

102 2910 224 2967 bastart·
261 2910 324 2960 Sane
343 2923 409 2971 vero,
428 2911 506 2962 omnis
525 2910 555 2958 de
573 2907 689 2972 singulari
708 2910 831 2960 cuiusdam
851 2910 955 2972 liturgia
974 2917 1051 2962 aetate
1070 2919 1115 2962 ete.
1135 2912 1297 2960 controversia
1317 2927 1375 2961 vena

102 3003 122 3044 at
137 2995 213 3044 lutilis
239 3001 285 3054 est,
310 2995 356 3044 uisi
380 2995 449 3059 priua
473 2995 609 3057 disputetur
624 2995 657 3042 de
675 2993 763 3044 rituum
782 2994 968 3044 christianorum
987 2995 1127 3058 primordiis
1145 2995 1225 3058 daque
1241 2995 1376 3046 vetustissi-

103 3093 148 3130 nre
165 3080 281 3142 liturgiae
298 3079 381 3128 indole
400 3087 444 3128 ete.
463 3089 489 3130 m
507 3087 570 3128 certa
589 3077 706 3142 quaedam
726 3078 797 3127 sedes
815 3079 974 3129 constituatur
992 3088 1015 3129 et
1032 3079 1223 3129 fundamentum.

181 3163 207 3222 il
225 3163 346 3227 Scriptum
365 3169 424 3227 puto
442 3161 505 3212 eirea
524 3177 613 3211 annum
631 3161 689 3212 450.
725 3161 760 3211 lle
769 3163 858 3213 Graees
869 3163 988 3225 liturgiae
1007 3162 1112 3213 dictiona
1123 3163 1281 3213 casaubonus
1292 3162 1375 3213 Exere.

103 3245 162 3300 ltu.
181 3248 212 3297 ad
230 3247 319 3298 Saron.
340 3263 360 3297 a.
372 3245 414 3297 58.
432 3245 526 3311 prd.
562 3244 775 3296 lienaldotiue
794 3246 841 3296 l.e.
853 3245 871 3296 l.
890 3261 913 3310 p.
925 3247 1060 3312 llllllllsq.
1077 3248 1106 3296 lt
1123 3247 1251 3296 verisimile
1269 3255 1307 3295 est
1324 3247 1376 3310 pri-

105 3347 151 3384 not
175 3347 203 3382 er
230 3332 416 3383 circumcisione
434 3331 593 3392 Christianos,
618 3329 658 3394 qui
683 3343 761 3395 nequa
779 3330 883 3391 nobiles,
907 3345 985 3395 neque
1003 3331 1089 3380 eruditi
1107 3331 1251 3394 plerumque
1270 3331 1375 3390 inerunt,

105 3431 126 3466 ea
143 3419 224 3481 lingna
245 3417 337 3482 potins,
355 3430 418 3481 quaa
435 3416 570 3466 eommunis
589 3423 612 3465 at
628 3415 733 3478 vulgaris
752 3423 811 3474 erat,
830 3413 1046 3480 llierosolgmitana
1057 3414 1150 3464 seilicet
1160 3415 1271 3474 dialecto,
1290 3427 1375 3478 preces

105 3503 206 3566 publicas
235 3510 260 3552 et
277 3516 346 3552 saera
366 3501 500 3551 Christiana
520 3499 675 3551 celebrasse:
700 3499 759 3562 syra
778 3507 857 3548 autem
877 3499 966 3562 lingna,
991 3512 1062 3563 qaum
1081 3499 1158 3548 eidem
1178 3497 1376 3561 lliernsolgmita-

105 3601 143 3636 nne
160 3587 265 3637 dialecto
284 3587 413 3636 ooniuacta
431 3586 471 3647 sit,
489 3599 560 3636 nemo
578 3585 680 3646 ignorat.
717 3583 777 3634 ilina
795 3591 830 3633 tot
847 3585 971 3647 Syrorum,
995 3584 1043 3632 imo
1062 3583 1262 3642 Christianorum,
1281 3585 1321 3647 qni
1339 3583 1376 3632 rel

106 3671 188 3722 lovum
203 3671 391 3722 Testamentum
410 3669 535 3734 Syriacum
558 3668 594 3718 vel
620 3670 793 3720 Grammaticus
818 3668 953 3728 ediderunt,
977 3667 1116 3718 fastidiosae
1140 3659 1324 3731 παρεκβάσεις
1345 3668 1376 3718 da

106 3757 180 3808 tadeus
203 3757 287 3818 lingua
306 3756 404 3808 dbristn
422 3754 557 3814 annueris,
581 3752 611 3802 da
629 3753 739 3802 llattbaei
757 3753 884 3816 Evangelio
904 3753 1031 3813 llebraieo,
1055 3769 1116 3819 quas
1134 3752 1254 3803 discutere
1272 3766 1320 3803 nou
1340 3759 1377 3803 est

106 3841 167 3891 baina
183 3839 241 3892 loci.
277 3841 366 3891 ilerum
383 3839 531 3902 argumentis
549 3851 610 3903 quae
628 3851 641 3887 e
659 3837 781 3888 verisimili
800 3839 850 3902 peti
868 3845 978 3904 possunt,
998 3845 1023 3888 ut
1041 3836 1081 3888 illa
1101 3853 1162 3903 quae
1180 3837 1310 3900 tetigimus,
1334 3851 1375 3886 re-

106 3934 187 3988 pugnat
204 3925 275 3976 color
294 3925 347 3990 ipse
366 3923 497 3985 Orationis,
516 3935 577 3989 quae
589 3922 763 3972 llellenistnum
782 3923 806 3972 in
826 3922 907 3973 multis
926 3923 957 3973 ita
975 3923 1058 3984 refert,
1077 3931 1103 3974 ut
1121 3924 1248 3972 manifesto
1261 3922 1375 3972 Graecam

108 4011 215 4072 originem
234 4009 363 4072 significet,
383 4009 490 4073 quamvis
507 4021 594 4072 preces
612 4021 689 4072 prope
707 4021 792 4057 omnes
809 4007 887 4058 verbis
906 4015 930 4058 et
946 4007 1072 4058 sententiis
1090 4009 1214 4072 utriusque
1229 4004 1376 4054 Testamenti

107 4103 230 4155 mutatae,
250 4107 299 4144 unu
320 4101 412 4144 certum
431 4093 535 4144 habetnt
553 4107 580 4144 ar
599 4093 726 4144 idiotismis
745 4091 904 4142 Orientalium
924 4093 1067 4157 linguarum,
1093 4093 1132 4156 qni
1152 4093 1175 4141 in
1195 4093 1309 4141 Graecam
1327 4089 1375 4138 nti-

107 4189 233 4241 grarerant,
251 4179 398 4245 peregrinae
416 4177 511 4241 linguae
530 4177 653 4228 indicium.
689 4176 737 4226 Sed
756 4176 881 4226 nominum
900 4179 1089 4242 compositorum
1108 4177 1195 4241 quibus
1213 4175 1268 4224 illae
1280 4175 1375 4234 linguas

107 4275 187 4325 eareat,
204 4266 386 4329 verborumque
404 4263 532 4328 aliquando
552 4277 599 4314 non
618 4270 682 4314 reeta
701 4263 875 4326 interpretatio,
894 4263 999 4313 Graecos
1017 4263 1095 4312 sontes
1114 4263 1145 4312 ita
1162 4260 1290 4324 perspicue
1309 4257 1374 4308 desi·

107 4359 162 4412 goat,
179 4360 205 4402 ut
221 4351 271 4402 alio
290 4363 379 4415 preces
397 4363 481 4399 omues
501 4348 556 4398 illae
573 4348 659 4398 reterri
678 4361 726 4398 non
746 4347 848 4412 possint

562 4559 813 4570 ——-0—-—--—
826 4559 931 4567 -—---
