3416 5290
909 394 984 468 684

308 577 452 666 σάμενος
471 576 528 647 καί
550 573 598 647 δι’
621 571 726 644 αὐτοῦ
746 574 804 644 τόν
824 575 973 646 παλαιόν
993 574 1073 644 ναόν
1094 571 1294 664 ἀναστήσας,
1320 583 1394 659 τοῖς
1415 574 1526 666 ἀγίοις
1547 579 1585 648 δέ

308 677 544 770 πανευφήμοις
574 673 779 758 ἀποστόλοις
806 678 866 766 τήν
888 677 923 746 ἐν
944 675 1110 763 πνεόματι
1132 676 1287 767 λατρείαν
1307 680 1365 750 καί
1385 686 1446 770 τῆς
1466 685 1586 770 σκηνῆς

308 790 368 873 τῆς
388 779 551 873 ἀληθινῆς
573 777 760 868 ἐγκαινίσας
780 778 840 867 τήν
859 776 956 867 χάριν
976 778 1033 848 καί
1054 775 1103 850 δι’
1127 777 1235 850 αὐτῶν
1255 787 1316 870 τῆς
1336 778 1434 870 άγίας
1454 805 1518 852 σου
1533 781 1586 850 ἐκ-

307 881 444 976 κλησίας
464 884 521 952 καὶ
541 882 584 950 τά
604 877 832 970 θυσιαστήριά
853 903 925 963 σου,
947 878 1062 968 Κόριε,
1083 888 1150 950 τῶν
1171 883 1352 968 δυναμέων,
1374 881 1410 953 έν
1429 881 1525 974 πόση
1546 890 1587 975 τῇ

308 994 348 1078 γῇ
370 982 632 1077 καταφυτεύσας,
655 980 704 1064 είς
724 983 762 1051 τό
785 980 1019 1071 προςάγεσθαί
1039 1006 1094 1050 σοι
1109 983 1170 1064 τάς
1185 981 1276 1072 ίεράς
1288 985 1345 1054 καί
1359 981 1587 1072 ἀναιμάκτους

308 1085 444 1169 θυσίας,
481 1084 500 1155 ό
528 1087 585 1154 καὶ
611 1091 730 1154 τοῦτον
749 1084 808 1152 τόν
829 1084 909 1152 ναόν
930 1089 986 1152 νῦν
1007 1079 1190 1174 εόδοκήοας
1210 1082 1264 1155 ἐπ’
1288 1082 1430 1172 ὀνόματι
1451 1084 1586 1156 οίκαδο-

306 1195 459 1280 μηθῆναι
480 1194 540 1259 τοῦ
562 1184 669 1275 ἀγίου,
691 1191 752 1254 τοῦ
773 1187 891 1266 δεῖνος,
913 1186 1000 1273 πρός
1021 1183 1122 1268 δόξαν
1146 1185 1207 1275 σήν
1227 1186 1285 1254 καί
1304 1195 1366 1256 τοῦ
1384 1195 1586 1276 μονογενοῦς

306 1314 368 1360 σου
390 1288 467 1358 υἱοῦ
485 1289 543 1358 καὶ
563 1295 624 1357 τοῦ
645 1283 810 1374 παναγίον
833 1309 893 1353 σου
915 1285 1120 1373 πνεόματας.
1153 1284 1253 1368 αότός
1274 1285 1426 1358 ἀθάνατε
1446 1291 1506 1358 καὶ
1525 1315 1585 1376 με-

305 1389 518 1480 μεγαλόδωρε
538 1391 688 1477 βασιλεῦ,
713 1386 884 1478 μνήσθητι
904 1393 969 1456 τῶν
991 1387 1167 1476 οἶκτιρμῶν
1187 1411 1248 1458 σον
1269 1389 1390 1458 καὶτὰ
1411 1391 1488 1481 ἐλέη
1511 1415 1582 1472 σου,

306 1491 360 1564 ότι
382 1490 453 1561 ἀπὸ
475 1499 535 1560 τοῦ
556 1487 677 1572 αἰῶνός
699 1488 780 1560 εἶσι·
802 1489 859 1558 καὶ
878 1489 924 1580 μή
946 1489 1108 1582 βδελόξης
1127 1487 1215 1580 ἡμᾶς
1229 1489 1358 1580 πλήθει
1371 1493 1583 1578 μεμολυσμέ-

306 1619 384 1676 νους
405 1590 585 1682 ἁμαρτιῶν,
606 1592 692 1684 μηδέ
712 1589 904 1683 βεβηλιόσης
924 1594 984 1682 τήν
1006 1590 1171 1684 διαθήκην
1192 1615 1252 1660 σου
1275 1592 1333 1660 διά
1346 1593 1406 1682 τήν
1419 1590 1581 1682 ἡμετέραν

306 1692 533 1783 ἀκαθαρσίαν·
562 1691 648 1762 ἀλλὰ
677 1691 801 1781 πάριδε
822 1695 879 1762 καί
900 1700 957 1761 νῦν
977 1693 1020 1761 τά
1040 1692 1301 1786 παραπτώματα
1322 1691 1415 1782 ήμιῦν
1436 1695 1496 1763 καί
1518 1694 1582 1764 ἐνί-

306 1819 425 1881 σχυσον
446 1791 534 1886 ήμᾶς
554 1796 611 1865 καὶ
633 1793 794 1864 ίκάνωσον
821 1801 861 1885 τῇ
880 1793 992 1882 χάριτι
1013 1796 1069 1865 καὶ
1091 1792 1309 1886 ἐπιφοιτήσει
1329 1802 1389 1865 τοῦ
1411 1797 1583 1879 ζωοποιοῦ

304 1897 361 1966 καὶ
388 1894 485 1986 ἀγίου
515 1921 575 1966 σου
604 1893 803 1983 πνεόματος,
833 1895 1003 1965 ἐκτελέσαι
1031 1891 1258 1985 ἀκατακρίτως
1284 1897 1342 1966 τόν
1369 1897 1582 1986 ἐγκαινισμόν

304 2006 365 2068 τοῦ
387 2008 468 2070 ναοῦ
488 1998 610 2068 τοῦτον
631 1999 768 2067 καὶτοῦ
790 1998 825 2066 ἐν
846 1993 937 2086 αὐτῷ
958 1997 1203 2090 θυσιαστηρίου
1218 1995 1434 2089 ποιήσασθαι
1449 2001 1511 2090 τήν
1523 2029 1582 2069 κα-

304 2101 482 2190 θιέρωσιν·
509 2103 566 2168 λ’να
593 2101 651 2169 καὶ
677 2098 713 2170 ἐν
739 2097 846 2190 τούτῳ
874 2095 1061 2187 εόλογῶμίν
1080 2122 1118 2169 σε
1140 2100 1291 2189 ψαλμοῖς
1310 2102 1366 2168 καὶ
1387 2099 1507 2186 ῦμνοις
1526 2102 1581 2170 καί

303 2209 478 2289 μυστικαῖς
499 2199 721 2290 λειτουργίαις
750 2202 807 2269 καί
833 2200 893 2290 τὴν
914 2202 975 2290 σήν
995 2197 1237 2290 εόσπλαγχνίαν
1258 2201 1316 2270 διά
1337 2203 1466 2284 παντὸς
1478 2227 1580 2292 μεγα-

304 2303 460 2390 λόνωμεν.
505 2305 586 2386 Ναί,
610 2304 760 2374 δέσποτα
782 2300 897 2391 Κόριε,
920 2297 939 2371 ό
964 2303 1050 2383 Θεός
1070 2297 1173 2392 ήμῶν,
1195 2300 1215 2391 ἡ
1239 2302 1336 2384 ἐλπίς
1357 2301 1495 2370 πάντων
1515 2311 1581 2372 τῶν

303 2406 457 2496 περάτων
485 2413 544 2496 τῆς
571 2413 639 2495 γῆς,
668 2403 856 2474 ἐπάκουσον
882 2401 976 2494 ήμῶν
1001 2411 1068 2472 τῶν
1094 2402 1299 2492 ἁμαρτωλῶν
1325 2405 1493 2490 δεομένων
1518 2429 1579 2472 σου

302 2509 359 2576 καί
384 2505 609 2598 κατάπεμψον
635 2507 674 2575 τό
703 2503 798 2594 άγιόν
819 2529 880 2574 σον
901 2511 1033 2591 πνεῦμα
1054 2506 1111 2574 καὶ
1132 2507 1355 2596 προςκυνητόν
1373 2507 1433 2574 καί
1453 2531 1581 2576 παντο·

304 2609 450 2696 δόναμον
477 2609 534 2677 καὶ
557 2605 694 2696 ἁγίασον
715 2609 773 2675 τὸν
795 2601 885 2676 οἶκον
906 2613 1040 2675 τοῦτον·
1067 2605 1246 2697 πλήρωσον
1267 2605 1368 2676 αότόν
1389 2610 1506 2699 φωτός
1528 2607 1582 2680 ἀϊ-

303 2711 389 2793 δίου,
412 2708 579 2798 αλρέτισον
602 2705 703 2778 αὐτόν
723 2705 772 2788 εὶς
792 2705 981 2800 κατοίκησίν
1002 2733 1074 2792 σου,
1096 2706 1238 2798 ποίησον
1261 2705 1361 2778 αότὸν
1374 2707 1485 2780 τόπον
1499 2735 1578 2804 σκη-

302 2808 455 2897 νώματος
481 2817 540 2900 τῆς
571 2809 668 2900 δόξης
695 2835 767 2890 σου,
796 2809 1047 2899 κατακόσμηοον
1075 2807 1176 2880 αὐτόν
1203 2816 1275 2892 τοῖς
1299 2809 1413 2892 θείοις
1439 2836 1502 2882 σου
1523 2817 1578 2883 καί

302 2909 541 3000 όπερκοσμίοις
571 2911 768 3000 χαρίσμαοι,
800 2911 1007 3003 κατάστησον
1038 2910 1139 2982 αὐτόν
1170 2914 1290 2999 λιμένα
1319 2915 1577 3000 χειμαζομένων,

302 3014 448 3103 ἰατρεῖον
469 3021 604 3096 παθῶν,
633 3011 838 3104 καταφόγιον
860 3011 1031 3096 ἀσθενῶν,
1051 3011 1219 3100 δαιμόνων
1241 3014 1517 3106 φυγαδευτήριον,
1545 3017 1577 3086 ἐν

300 3121 347 3205 τη·
376 3109 462 3186 ελναι
490 3111 692 3205 όφθαλμσός
713 3139 774 3184 σου
796 3111 1021 3204 ἀνεῳγμένους
1041 3113 1096 3184 ἐπ’
1119 3112 1224 3184 αότόν
1240 3113 1365 3206 ἡμέρας
1385 3118 1444 3186 καί
1465 3120 1579 3200 νυκτός

300 3217 422 3286 καὶτὰ
444 3211 515 3286 ὦτά
547 3241 607 3286 σου
629 3216 833 3304 προςέχοντα
855 3216 904 3298 εἷς
923 3217 983 3306 τήν
1005 3217 1118 3308 δέησιν
1138 3214 1231 3304 ήμῶν
1251 3223 1317 3286 τῶν
1338 3218 1373 3286 έν
1395 3217 1497 3309 φόβῳ
1517 3243 1576 3289 σου

300 3319 357 3388 καί
379 3315 537 3410 εὐλαβείᾳ
559 3319 593 3388 ἐν
616 3315 705 3408 αὐτῷ
728 3316 895 3398 εἶςιόντων
914 3318 972 3386 καὶ
993 3318 1263 3405 ἐπικαλουμένων
1283 3319 1322 3388 τό
1340 3317 1510 3408 πάντιμον
1522 3323 1576 3390 καί

300 3419 523 3511 προςκννητόν
545 3413 651 3505 όνομά
672 3443 751 3488 σου·
774 3419 837 3488 ὅσα
860 3416 1054 3510 αἰτήσονταί
1075 3441 1113 3488 οε
1133 3420 1191 3490 καί
1210 3420 1251 3489 σὺ
1273 3419 1447 3513 είςακοόση
1474 3423 1511 3493 ἐν
1531 3427 1574 3512 τῷ

300 3520 429 3612 οὐρανῷ
452 3517 521 3590 άνω
542 3523 599 3590 καὶ
620 3521 775 3610 ποιήσεις
797 3519 890 3601 ἕλεος
909 3521 968 3589 καὶ
987 3523 1086 3602 λ’λεως
1107 3520 1176 3614 έοη.
1216 3521 1369 3606 (θόλαξον
1391 3519 1493 3596 αάτὸν
1515 3525 1576 3605 ἕως

298 3629 358 3712 τῆς
385 3621 573 3704 συντελείας
600 3631 660 3691 τοῦ
683 3621 803 3704 αἰῶνος
824 3620 1006 3692 ἀσάλευτον
1026 3623 1084 3692 καὶ
1103 3625 1142 3691 τό
1164 3623 1200 3693 ἐν
1222 3621 1311 3713 αὐτῷ
1333 3623 1575 3716 θυσιαστήριον

300 3723 395 3813 ἅγιον
417 3722 520 3813 ἁγίων
541 3719 714 3808 ἀνάδειξον
734 3732 774 3817 τῇ
797 3723 935 3811 δυνάμει
954 3725 1012 3794 καί
1032 3723 1179 3817 ἐνεργείᾳ
1198 3732 1258 3794 τοῦ
1279 3723 1376 3815 άγίου
1398 3749 1460 3796 σον
1475 3727 1576 3798 πνεό-

298 3851 414 3914 ματος.
457 3825 611 3909 Δόξασον
640 3823 740 3895 αὐτόν
767 3823 851 3912 ὑπὲρ
880 3826 919 3894 τό
946 3827 1032 3895 κατὰ
1059 3826 1160 3913 νόμον
1179 3824 1382 3917 λλασιήριον,
1411 3827 1495 3908 ὥςτε
1515 3830 1575 3910 τὰς

299 3929 335 3998 ἐν
362 3926 453 4019 αὐτῷ
480 3928 680 4015 τελουμένας
705 3925 892 4016 ἱερουργίας
919 3925 967 4008 εἰς
993 3927 1033 3996 τό
1061 3927 1156 4017 άγιον
1177 3928 1235 3997 καὶ
1255 3927 1499 4017 όπερουράνιον
1519 3931 1574 4000 καί

298 4029 413 4119 νοερόν
434 4055 495 4100 σου
518 4027 760 4118 θυσιαστήριον
781 4037 945 4121 καταντᾷν
965 4029 1022 4098 καί
1042 4031 1102 4120 τήν
1121 4028 1216 4119 χάριν
1237 4028 1317 4120 ἡμῖν
1336 4038 1396 4121 τῆς
1409 4027 1572 4122 άχράντσυ

298 4130 529 4218 κατακομίζειν
551 4130 789 4211 ἐπιοκιάσεως·
811 4137 1003 4222 θαρροῦμεν
1023 4131 1085 4219 γὰρ
1107 4127 1165 4200 οῦκ
1187 4130 1236 4212 είς
1251 4132 1311 4222 τήν
1324 4139 1391 4200 τῶν
1404 4129 1573 4224 ήμετίρων

295 4237 414 4322 χειρῶν
435 4229 630 4321 ὑπουργίαν,
653 4230 724 4302 ἀλλ’
748 4231 797 4314 εἰς
816 4233 876 4323 τήν
898 4233 958 4322 σήν
980 4227 1112 4323 άφατον
1133 4230 1340 4326 ἀγαθότητα.

325 4337 328 4348 ’
381 4329 671 4416 Ελταόδιάκονος.
690 4332 897 4421 Ἀντιλαβοῦ,
919 4341 1037 4415 σῶσον,
1060 4333 1205 4426 ἐλέησον,
1228 4333 1412 4426 ἀνάστησον
1425 4337 1483 4406 καὶ
1498 4341 1571 4408 δια-

298 4433 446 4524 φόλαξον
473 4432 569 4526 ἡμᾶς,
596 4433 650 4504 Ἕν
670 4434 781 4528 εἰρήνη
802 4443 864 4506 τοῦ
884 4434 1012 4524 Κυρίου
1035 4439 1208 4528 δεηθιῦμεν
1226 4440 1294 4508 κτλ.
1315 4445 1375 4528 τῆς
1397 4445 1450 4508 M.
1472 4463 1570 4510 σινα-

296 4541 396 4625 πτῆς.
434 4535 472 4606 Ὁ
501 4534 668 4628 ἀρχιερεὺς
696 4539 755 4630 τὴν
782 4537 976 4630 ἐκφάνηοιν,
1006 4535 1126 4610 ἔπειτα
1155 4537 1329 4630 ἐργόμενος
1356 4536 1377 4609 ό
1404 4537 1570 4630 ἀρχιερεὺς

297 4633 492 4728 ἔμπροσθεν
513 4647 573 4731 τῆς
594 4638 691 4730 ἀγίας
709 4641 877 4733 τραπέζης
896 4642 953 4711 καὶ
974 4641 1085 4730 λαβὼν
1098 4642 1142 4712 τά
1155 4637 1249 4732 νίτρα
1264 4639 1297 4732 (ή
1310 4641 1569 4729 μοσγοσάπωνα)
