3336 5302
939 427 1012 502 376

344 621 377 674 ut
396 614 483 674 'nunc
518 621 565 674 est
599 633 690 694 saepe
724 612 837 676 sericea
873 620 943 676 sunt
976 621 1006 676 et
1040 611 1237 684 holosericae,
1263 611 1451 676 euroclarata
1488 612 1530 674 vel
1557 614 1596 692 pi·

344 713 436 775 curris
470 713 561 774 varia.
605 715 699 777 lmmo
736 721 870 793 tempore
905 713 1172 792 Quadragesimae‚
1206 713 1339 794 exceptis
1368 714 1595 788 ennuntiatione,

343 814 497 876 Dominica
526 814 691 877 Palmarum
725 824 755 876 et
783 815 913 877 Sabbato
945 823 1050 877 sancto
1078 814 1135 875 rite
1164 822 1286 874 utuntur
1315 813 1419 876 Graeci
1450 813 1595 876 Sticbariis

341 915 511 996 purpureis.
556 915 735 996 Ceteroquin
759 915 938 977 sticharium
968 934 1027 976 non
1052 915 1148 976 solum
1171 915 1369 976 Diaconorbm
1393 925 1449 987 est,
1480 917 1531 975 sed
1551 918 1594 981 St·

341 1017 493 1078 cerdotum
517 1016 615 1087 etiam,
639 1017 896 1079 Subdiaconorum
919 1027 949 1079 et
971 1017 1139 1078 lectorum.
1182 1015 1266 1094 spurt
1290 1015 1394 1076 Sectas
1418 1026 1531 1078 mutato
1551 1037 1594 1078 uo·

339 1117 420 1179 mine
443 1118 576 1180 eiusdem
598 1117 677 1195 riget
698 1137 770 1180 usus
793 1117 958 1180 indumenti
981 1117 1098 1193 sacri.¹)

423 1253 546 1315 Accedit
568 1261 775 1314 ornamentum
797 1251 938 1314 lliaoouis
960 1251 1125 1332 proprium,
1146 1241 1410 1334 τὸὩράριον,
1434 1249 1534 1312 Stolae
1548 1251 1593 1312 La·

340 1351 420 1413 tinae
451 1353 607 1415 consimile
636 1352 681 1415 rel
709 1353 792 1414 laevo
822 1354 945 1413 bumero
975 1353 1230 1433 superintentum,
1264 1351 1309 1412 rel
1344 1351 1466 1432 corpori
1499 1352 1593 1414 adstri-

341 1463 431 1515 ctum.
476 1454 538 1514 llos
570 1472 714 1533 graecane
746 1453 785 1514 sit
817 1474 853 1514 an
887 1452 977 1515 latina
1011 1453 1163 1534 plerisque
1197 1454 1233 1515 de
1261 1472 1295 1514 ea
1318 1452 1523 1515 dubitantibus
1544 1473 1591 1513 non

340 1565 386 1614 est
408 1565 605 1634 compertum.
638 1531 869 1616 ttii'ueducunt
891 1573 954 1616 eam
978 1555 1013 1616 ab
1037 1574 1115 1628 ore,
1139 1573 1214 1634 quae
1237 1555 1378 1647 nimirum
1402 1555 1525 1626 lasciam
1546 1553 1592 1614 liu-

338 1662 415 1716 team
439 1655 484 1717 ori
508 1658 649 1734 tergendo
678 1657 930 1717 accommodatam
954 1655 1112 1732 significet,
1135 1654 1185 1716 alii
1209 1655 1245 1716 ab
1268 1655 1381 1716 orando
1398 1655 1527 1718 orarium
1542 1655 1592 1715 ori·

337 1756 436 1831 ginem
460 1757 579 1818 duxisse
607 1758 765 1818 ailirmant.
810 1757 872 1818 ntia
896 1757 1016 1818 Graecis
1039 1757 1214 1835 placuerunt
1237 1775 1271 1817 ex
1295 1756 1402 1836 quibus
1426 1755 1541 1836 plurimi
1562 1757 1592 1816 de

337 1876 411 1920 voce
433 1849 504 1943 ὥρα
526 1858 668 1936 cogitant,
692 1858 771 1937 quod
794 1858 944 1920 Diaconos
967 1866 1088 1936 accepta
1112 1857 1211 1918 Orarii
1235 1855 1419 1918 extremitate
1442 1857 1534 1918 tribus
1554 1857 1591 1918 di·

337 1957 405 2036 gitis
435 1957 539 2020 invitat
567 1959 708 2040 populum
739 1959 774 2020 ad
799 1962 953 2031 orandum,
983 1966 1122 2020 cantores
1145 1959 1180 2018 ad
1204 1957 1401 2039 psallendum,
1432 1957 1590 2038 pontificem

335 2058 371 2120 ad
398 2059 600 2139 incipiendum
624 2080 756 2122 sacrum:
789 2061 911 2122 omnino
944 2057 1075 2123 ostendit
1096 2059 1207 2120 horas
1230 2069 1318 2140 atque
1341 2054 1456 2120 indicat
1476 2069 1590 2137 tempus,

336 2179 395 2239 quo
419 2161 529 2240 aliquid
554 2171 600 2222 est
623 2162 803 2224 laciendum.
832 2159 985 2240 Mystioum
1003 2155 1102 2223 Orarii
1118 2179 1239 2222 sensum
1255 2161 1353 2240 aperit
1368 2161 1490 2221 Simeon
1505 2161 1589 2220 Thes-

334 2260 548 2323 salonicensis:
586 2257 633 2324 Τὸ
656 2254 799 2345 ὦράριον
820 2253 865 2336 ὡς
885 2256 992 2345 πτερὰ
1013 2254 1218 2346 ὗσεμφαίνει
1237 2256 1276 2325 τὸ
1298 2251 1401 2324 detor
1420 2256 1476 2324 καί
1490 2255 1590 2342 νοερὸν

332 2362 392 2445 τῆς
413 2354 583 2447 ἀγγελικῆς
604 2355 742 2440 τάξεως·
767 2355 824 2425 dod
844 2357 901 2425 καὶ
915 2357 957 2424 τὰ
971 2361 1145 2444 Χερουβὶμ
1159 2356 1407 2444 ἐκμιμούμενος,
1429 2357 1589 2444 περιστελ-

332 2456 456 2542 λόμενα
476 2459 538 2538 τὰς
558 2453 658 2548 diuisos
678 2459 734 2527 καί
757 2455 857 2538 αὐτὸς
879 2457 1130 2547 περιστέλλεται
1152 2459 1186 2527 ἐν
1206 2465 1254 2548 τῷ
1273 2458 1408 2544 μέλλειν
1425 2463 1588 2536 κοινωνεῖν,

332 2556 439 2648 τούτῳ
462 2557 757 2648 περιζωννίμενος·
781 2556 865 2627 ἀλλὰ
884 2560 940 2627 καί
956 2560 990 2626 ἐν
1005 2557 1095 2650 αὐτῷ
1109 2566 1157 2650 τῷ
1172 2556 1303 2648 ὦραρίιμ
1316 2559 1355 2626 cd
1372 2557 1475 2646 ἅγιος,
1497 2557 1587 2646 ἅγιος,

332 2684 426 2746 αγιος
452 2658 675 2747 γεγραμμένον
701 2657 818 2744 ἔχει’).
851 2657 1065 2743 εἰκονίζουσα
1092 2661 1152 2748 γὰρ
1174 2658 1214 2728 oi
1242 2658 1391 2729 διάκονοι
1419 2661 1478 2752 τὴν
1502 2658 1588 2730 θείαν

330 2757 561 2847 μυσταγωγίαν
598 2761 655 2828 καί
693 2757 874 2851 ὑπηρεσίαν
910 2763 966 2830 καί
1009 2761 1179 2831 διακονίαν
1216 2769 1281 2829 τῶν
1324 2758 1501 2850 ἆγγελικῶν
1537 2760 1587 2827 τά-

333 2862 458 2944 §eruesti

416 3002 549 3082 lienique
585 3022 620 3064 ex
649 3002 793 3064 hodierna
821 3005 1000 3066 Graecorum
1031 3003 1190 3084 disciplina
1224 3007 1305 3078 (nem
1332 3001 1497 3082 antiquitus
1522 3001 1585 3062 solis

333 3103 514 3183 presbyteris
536 3115 566 3165 et
581 3103 734 3183 episcopis
750 3123 894 3166 concessa
910 3111 1006 3181 erant)
1022 3106 1173 3185 pertinent
1188 3105 1224 3166 ad
1242 3103 1405 3166 Diaconum
1426 3099 1476 3168 τὰ
1494 3095 1585 3168 Ἔτι-

328 3197 506 3287 μανίκια
528 3209 617 3276 (russ.
641 3205 826 3279 Poruche,
850 3225 908 3286 syr.
925 3207 1071 3282 leudo),
1105 3205 1266 3270 brachialia
1289 3205 1335 3266 vel
1358 3205 1511 3286 manipuli,
1542 3202 1583 3282 qui

331 3305 485 3368 brachium
515 3325 531 3366 a
560 3325 651 3386 carpo
677 3321 782 3370 manus
813 3309 849 3370 ad
878 3308 1009 3370 cubitum
1040 3309 1133 3370 lerme
1155 3315 1259 3386 tegunt
1280 3315 1311 3368 et
1332 3306 1451 3370 tunicae
1473 3304 1583 3368 manicis

331 3408 540 3487 superpositae
563 3409 654 3469 mixto
677 3408 820 3471 vocabulo
843 3429 878 3471 ex
895 3410 1008 3470 Graeco
1031 3409 1118 3470 simul
1142 3419 1172 3469 et
1187 3407 1294 3470 Latium
1316 3407 1460 3470 idiomate
1476 3402 1584 3486 ὲιιιμα-

329 3501 417 3572 νίκια
446 3509 595 3572 dicuutur.
640 3511 720 3572 Fune
751 3510 848 3571 serico
876 3528 931 3589 per
958 3510 1074 3570 illorum
1104 3527 1172 3572 oras
1206 3509 1397 3570 transversim
1430 3520 1497 3572 acto
1528 3509 1582 3568 bra-

331 3609 398 3672 chia
426 3609 559 3672 strictius
587 3611 716 3686 alligant,
747 3619 779 3672 ut
807 3609 922 3672 vincula
944 3610 1064 3684 Christi,
1092 3610 1223 3674 ministri
1256 3609 1444 3672 tolerantiam
1473 3611 1582 3688 eiusque

328 3711 459 3772 animum
482 3710 598 3788 vigilem
615 3711 795 3792 significent.
834 3711 974 3774 Nicolaus
989 3711 1125 3791 Bulgari:
1144 3743 1183 3756 -
1198 3703 1442 3798 σημαόείουσιν
1463 3703 1504 3775 α’.
1528 3703 1582 3804 liv

330 3875 628 3884 ———-----.-.-.-..

413 3965 437 4020 tt
457 3965 522 4028 ,lpud
541 3965 613 4028 Syros
632 3965 770 4016 licutino
788 3955 944 4030 (χιτώνιον).
974 3967 1063 4017 trabes
1081 3965 1372 4030 rocecorrnptn'lnnia
1391 3974 1482 4015 rorent.
1511 3963 1580 4026 Coptis

327 4058 350 4099 et
368 4049 523 4113 Aethiopibus
541 4051 606 4098 ondit
626 4051 713 4099 labet
730 4067 750 4100 v.
761 4051 905 4100 Touniat.
930 4051 1025 4101 lisele
1044 4051 1138 4114 ilistory
1155 4051 1172 4100 Ι.
1192 4049 1289 4114 pauo:
1308 4057 1360 4108 „tn
1372 4043 1579 4102 trmeitantrtet

328 4135 446 4195 tenerer,
470 4133 555 4182 beiore
579 4135 702 4196 assuming
726 4135 765 4183 the
784 4137 939 4194 stoicbnriou‚
964 4144 1020 4200 pute
1038 4149 1069 4185 oe
1089 4137 1128 4184 tte
1145 4135 1274 4193 valnas,
1300 4135 1377 4186 vlrici
1396 4136 1417 4185 is
1435 4135 1546 4186 unknown
1561 4132 1578 4178 in

327 4231 371 4280 any
389 4218 459 4268 other
476 4227 530 4280 part
547 4218 575 4269 oi
591 4219 629 4267 the
648 4217 747 4268 Easteru
766 4219 869 4270 curren.
904 4219 924 4268 lt
942 4235 1022 4270 seems
1046 4229 1070 4270 to
1088 4221 1118 4270 be
1136 4219 1238 4284 adopted
1259 4217 1320 4268 irom
1339 4219 1379 4268 tire
1398 4219 1464 4270 Latin
1482 4219 1577 4270 amice.

327 4302 369 4350 bnt
387 4304 429 4350 bis
448 4303 487 4350 tlte
506 4301 611 4352 addition
631 4303 657 4351 ui
674 4317 687 4352 a
705 4301 873 4366 bremt-plato,
892 4303 1009 4368 evidently
1026 4305 1095 4354 talen
1115 4306 1176 4354 irent
1195 4304 1234 4353 tlte
1251 4304 1337 4353 lewich
1357 4304 1445 4368 ephod.
1463 4303 1514 4364 only
1530 4300 1577 4348 snt-

326 4386 434 4448 stituting
453 4387 492 4434 tbe
511 4400 593 4436 names
611 4400 640 4435 or
657 4387 746 4447 ligures
765 4388 791 4436 ol
808 4387 847 4436 tire
864 4387 946 4436 tnelre
964 4389 1074 4452 Apostles
1092 4391 1131 4438 ior
1149 4389 1217 4438 those
1235 4389 1262 4436 ol
1278 4389 1318 4438 tbe
1337 4387 1418 4437 twelne
1436 4387 1531 4437 tritu‘t

411 4481 436 4542 2)
461 4485 550 4535 Cantus
574 4487 716 4536 cherubicus
741 4501 788 4537 non
813 4487 910 4537 inscribi
933 4488 997 4538 colet
1024 4489 1094 4540 stolis
1120 4491 1277 4540 limenorum
1305 4496 1329 4538 et
1346 4489 1484 4539 Bassorum.
1518 4482 1575 4536 letti

327 4566 451 4618 literarum
471 4569 524 4618 loeo
542 4573 647 4620 crurium
667 4570 778 4622 crucibus
797 4571 930 4620 minoribus
949 4573 1087 4634 insigniunt.

411 4665 436 4726 ³)
454 4671 506 4733 syri
526 4679 665 4735 nuncupent
682 4672 793 4722 (luriunt
812 4671 944 4722 0uroro.
