3314 5304
899 353 978 428 ιιι.
1051 312 1079 320 ”

296 530 414 626 λόγχην
441 532 479 606 ie
503 530 648 622 πλαγίου
675 539 737 602 τοῦ
764 533 823 616 δὲξ
803 533 890 616 ξιοδ
901 532 1025 652 μέρους
1050 537 1111 622 τῆς
1130 536 1338 648 προςφορίίς,
1360 527 1554 648 έπίιίρει
1508 559 1558 602 τοι

298 633 394 750 ἁγιον
409 629 518 726 δίρτον
536 631 702 724 λέγων“
662 641 786 716 ουτως·
837 619 984 697 ‘''Ort
949 625 1093 719 αίρεται
1127 617 1203 696 ἀπὸ
1236 627 1301 716 τῆς
1335 647 1405 722 γης
1437 650 1558 718 ηση
1494 619 1558 718 ζωὴ

296 723 425 798 αὐτοῦ.

385 852 439 949 VI
478 885 548 956 Καί
568 886 681 968 τιθείς
703 881 844 957 αδτδν”
823 911 945 958 υπτιον
966 885 1001 957 δν
1022 892 1070 977 τῷ
1091 881 1176 976 ἁγίῳ
1198 881 1310 1010 δίσκην,
1340 881 1495 967 εἰπόντος
1511 891 1561 954 τοῦ

297 984 473 1058 διακόνου·
510 978 634 1050 θῧσσσ
660 973 835 1065 δέσποτα,
885 985 954 1056 6‘
942 989 1049 1081 ιερείις
1087 984 1169 1057 θύει
1205 983 1306 1056 αὐτόν
1312 987 1558 1101 σταυροειδιῖς,

296 1089 417 1179 λέγων·
458 1071 643 1151 Θιίεται“
624 1105 644 1151 ο
679 1075 798 1174 ἀμνὸς
828 1083 898 1154 τοῦ
921 1073 1095 1166 Θεοῦ,
1077 1104 1097 1150 ο
1130 1079 1251 1205 σείριον
1281 1073 1351 1171 τὴν
1384 1075 1560 1204 ἁμαρτίαν

296 1186 365 1253 τοῦ
389 1171 599 1274 κόσμου’
577 1176 670 1277 υπίρ
696 1187 760 1276 τῆς
784 1185 853 1254 τοῦ
877 1174 1021 1302 κόσμου
1049 1176 1144 1274 ζωῆς
1167 1175 1232 1252 καί
1257 1175 1451 1299 σωτηρίας.
1502 1191 1561 1260 Καὶ

296 1274 437 1366 στρέφει
462 1277 501 1345 τὸ
528 1234 641 1391 ίτερυν
660 1277 819 1365 μέρος
783 1302 823 1346 το
844 1273 957 1362 ἔχω’
941 1275 1058 1347 εποίνυι
1077 1275 1136 1345 τόν
1156 1272 1309 1365 σταυρόν.
1351 1275 1425 1344 Καὶ
1445 1269 1561 1400 λέγειό

298 1375 467 1458 διάκονος·
503 1362 632 1449 Νύξσν
655 1363 827 1440 δέσποτα.
864 1375 903 1445 ‘0
931 1375 1010 1448 δέ
995 1377 1106 1468 ιιρεὺς
1126 1374 1250 1446 νόττυν
1271 1374 1372 1446 αὐτόν
1394 1375 1430 1445 έν
1451 1402 1497 1466 τῳ
1482 1378 1562 1445 “-δι

298 1480 360 1568 ξιῷ
386 1478 485 1592 μέρει
509 1479 595 1565 μετὰ
621 1485 681 1597 τῆς
707 1475 805 1594 ἁγίας
821 1475 943 1596 λόγχης
963 1478 1069 1568 λέγει·
1119 1463 1186 1550 Είς
1219 1473 1298 1542 τῶν
1333 1473 1562 1562 στρατιωτῶν

295 1567 419 1696 λόγχη
437 1566 507 1664 τὴν
531 1567 695 1695 πλευρὰν
720 1568 840 1644 αὐτοῦ
864 1569 1003 1656 ἔνυξεν,
1036 1567 1105 1644 καί
1127 1565 1269 1650 εὐθέως
1295 1565 1518 1662 ἐξῆλθεν
1479 1593 1565 1660 αιμα

295 1667 361 1744 eet
392 1667 512 1798 ίίδιυρ
533 1667 598 1746 καί
630 1669 651 1744 6
663 1668 857 1795 ,ἑωρακὼς
887 1665 1147 1821 μεμαρτύρηκε
1179 1667 1243 1743 καὶ
1274 1663 1439 1764 ἀληθινή
1472 1670 1564 1742 ἐστιν

296 1769 320 1868 ἡ
345 1767 537 1871 μαρτυρία
563 1771 692 1847 αι’ποῦ.

379 1882 418 1954 ‘0
440 1885 479 1955 δὲ
500 1881 654 1968 διόιιονος
675 1882 817 1976 ἔγχέει’
801 1913 837 1956 εν
857 1892 905 1978 τῷ
927 1881 1012 1977 ἁγίῳ
1032 1880 1184 1976 ποτηρίῳ
1205 1883 1241 1954 ἒν
1254 1889 1316 1952 τοῦ
1329 1879 1476 1970 νάματος
1488 1880 1566 1969 ἁμοῦ

296 2013 352 2056 ιιαι
342 1983 506 2070 ὕδατος,
528 1985 694 2104 πρότερον
714 1987 818 2102 πρὸς
822 1987 880 2057 τὸν
902 1983 1047 2075 ίερέα’
1017 1983 1139 2056 ειπιόν·
1173 1968 1391 2076 Εὗίόγησσν
1413 1970 1568 2047 δέσποτα

296 2074 365 2172 τὴν
391 2073 506 2177 ἁγίαν
530 2076 682 2152 εναισιν·
709 2076 773 2151 καί
800 2105 820 2151 ο
806 2074 963 2176 ’ἱερεὺς
987 2073 1138 2177 εὐλογεῖ.

267 2263 273 2276 ·
385 2227 457 2302 VH
504 2232 591 2309 Εἶτα
611 2241 724 2329 λαβὼν
744 2238 798 2312 6‘
787 2241 893 2332 ιερεὺς
912 2240 972 2332 τὴν
994 2237 1150 2330 δευτέραν
1170 2239 1367 2330 προςφορὰν
1388 2239 1493 2326 λέγει·

377 2349 448 2470 Ἐἰς
475 2343 589 2442 τιμὴν
612 2344 678 2420 καὶ
701 2342 855 2474 μνήμην
879 2353 945 2443 τῆς
969 2343 1308 2469 δπιρευλογηιιένης
1332 2339 1486 2428 ἐνδόξου
1510 2339 1570 2416 δε-

298 2446 452 2544 σποίνης
482 2445 593 2543 ἡμῶν
625 2443 809 2522 θευτόκου
840 2446 905 2524 καί
931 2445 1191 2546 ἀειπαρθὲνσιν
1213 2437 1444 2574 Μαρίας,
1419 2473 1484 2574 ης
1491 2447 1571 2526 ταῖς

297 2545 510 2675 πρεσβείαις
534 2544 728 2646 πρόςδεξαι
746 2544 860 2678 Κύριε
885 2547 955 2646 τὴν
980 2548 1127 2626 θυσίαν
1151 2541 1294 2645 ταιίτην
1319 2551 1370 2631 τίς
1393 2545 1438 2621 τὸ
1462 2543 1573 2643 ὑπερ

300 2676 479 2747 ουρανισν
506 2671 576 2723 σου
601 2645 886 2748 θυσιαστήριον.

381 2763 454 2832 Καὶ
482 2789 586 2852 αιρυιν
609 2761 731 2852 μερίδα
751 2765 838 2851 μετὰ
857 2769 917 2856 τῆς
938 2761 1036 2853 ἁγίας
1057 2760 1173 2889 λόγχης
1193 2760 1329 2852 τίθησιν
1350 2761 1385 2833 δν
1406 2769 1455 2854 τῷ
1476 2763 1571 2850 δεξιῷ

187 2941 189 2944 ,
297 2863 393 2952 μέρει
414 2871 475 2935 τοῦ
496 2861 592 2953 ἁγίου
615 2891 716 2956 αρτου
737 2863 880 2958 πλησίον
900 2872 961 2956 τῆς
980 2864 1084 2954 μέσης
1106 2861 1209 2936 αὐτοῦ
1229 2864 1349 2954 λέγων

358 2969 610 3098 Παρεστη
588 3000 612 3066 η
637 2968 906 3070 βασίλισσαέκ
882 2968 1065 3055 κδεξιῶν
1090 2991 1174 3060 σου,
1208 2969 1289 3048 έν“
1273 2977 1466 3068 ιματισμῷ
1492 2966 1572 3044 διοι-

293 3067 425 3170 χριίσῳ
436 3072 756 3216 περιβεβλημένη,
782 3072 1073 3169 πεμοιπιλεμίνη.

384 3345 441 3410 Cep.
460 3345 498 3396 ti.
532 3345 559 3396 P.
580 3336 682 3394 Θόεται
699 3339 713 3395 6
732 3340 823 3416 ἁμνός
839 3373 872 3384 -
890 3337 1070 3411 σωτηρίας·ι
1057 3359 1072 3394 ο
1089 3335 1231 3411 δυόμενος
1247 3340 1295 3391 καλ
1310 3335 1350 3412 μὴ
1362 3331 1572 3409 δαπανώμενος,

297 3422 313 3480 6
336 3421 522 3493 καινοίμενος
543 3425 591 3478 ταί
612 3425 689 3494 μηδέ
710 3423 777 3480 πότε
795 3423 1000 3497 πληρούμενος·
1024 3419 1151 3478 πάντοτε.
1187 3429 1214 3479 c.
1237 3417 1307 3478 Είια
1331 3418 1380 3476 τόν
1403 3422 1573 3493 ἐκτμηθέντα

297 3501 383 3579 ἁρτον
405 3510 515 3579 κρατεῖν
539 3503 634 3562 indm
658 3509 709 3561 τοῦ.
723 3509 821 3564 δίσιιου
838 3509 923 3564 ἔνδον
938 3512 979 3569 είς
995 3505 1043 3577 τὴν
1059 3501 1150 3581 σόριια
1167 3507 1353 3578 σιαυροειδδς
1366 3501 1507 3578 χαρὰιτει,
1530 3509 1573 3559 λέ-

296 3608 371 3662 γων·
395 3589 492 3644 utem
514 3587 530 3646 6
553 3591 644 3664 ἀμνὸς
658 3595 715 3646 κτλ.
750 3597 873 3649 Editioues
891 3597 994 3648 Veuetre
1011 3597 1101 3648 multae
1119 3599 1153 3656 (ct
1170 3597 1317 3648 recentiores
1336 3595 1380 3656 uti,
1402 3603 1466 3646 reete
1484 3593 1573 3654 Nerlio,

300 3677 376 3739 1839)
394 3681 507 3731 omittunt
524 3679 594 3732 verbe
613 3682 726 3733 Diucoui:
742 3676 838 3738 Νιίξον
855 3676 984 3732 δέσποτα.
1018 3681 1047 3730 λι
1064 3680 1177 3743 leguntur
1193 3681 1217 3730 iu
1236 3679 1265 3730 tt.
1284 3677 1313 3732 G.
1330 3677 1387 3730 ileu.
1405 3679 1465 3731 687.
1490 3679 1530 3731 rte.
1547 3679 1572 3730 G.

298 3765 483 3829 praetermittit:
500 3759 550 3827 τὴν
567 3755 652 3830 ἁγίαν
668 3759 781 3816 ἕνωσιν.
813 3765 843 3818 it.
862 3757 911 3829 τὴν
927 3759 1029 3815 ἕνωσιν
1045 3756 1156 3826 ταύτην.

366 3848 425 3913 Cup.
443 3849 491 3900 vii.
527 3849 552 3898 P.
576 3837 645 3897 Εἶτα
669 3842 763 3914 λαβὼν
785 3843 809 3900 ό.
827 3847 848 3898 ί.
865 3844 962 3917 ἑτέραν
978 3839 1154 3916 προςφορὰν.
1170 3871 1203 3886 -
1221 3843 1270 3898 ιιαλ
1286 3848 1378 3911 τίθησι
1394 3843 1428 3898 έν
1444 3845 1484 3912 epi
1501 3841 1574 3917 δρι-

298 3930 410 3996 στερρί
431 3932 519 4000 μέρει.
555 3934 582 3984 c.
608 3929 648 3989 είς
670 3929 702 3984 δέ
720 3925 921 4002 ιὴνδευιέραν
938 3931 1026 4000 λέγει·
1052 3931 1212 4002 πρεσβείαις
1227 3922 1314 4002 Κόριε
1336 3931 1383 3996 τῆς
1399 3927 1529 3995 τεκούσης
1544 3940 1571 3979 σε

299 4012 450 4079 δεσποίνης
464 4008 545 4084 ἡμῶν
562 4007 697 4068 διατόνου
714 4015 763 4068 καὶ
778 4010 967 4088 όιειπαρδένου
983 4017 1100 4086 Μαρίας
1117 4013 1232 4081 ἐλέησον
1248 4015 1295 4067 ιιιιλ
1313 4015 1405 4067 σῶσον
1419 4011 1469 4072 τὰς
1486 4007 1574 4082 ψυχὰς

298 4090 379 4166 ἡμῶν
396 4093 435 4157 τίς
450 4096 560 4168 ἀγαθὸς
575 4099 624 4150 καί
641 4091 853 4170 φιλάνθρωπος.
887 4103 917 4154 it.
937 4105 964 4156 G.
982 4104 1039 4154 Veu.
1059 4101 1108 4154 687
1127 4095 1157 4159 ir
1173 4093 1371 4172 ἀριστερῶν
1388 4115 1410 4152 τ.
1421 4091 1448 4153 6.
1458 4095 1486 4152 δ.
1504 4101 1572 4152 Recte

300 4185 408 4238 Gourue:
426 4185 461 4236 Ne
479 4185 575 4237 mireris
594 4187 702 4238 codicem
721 4203 795 4238 uuum
814 4187 945 4250 dexterum,
964 4187 1037 4238 riium
1056 4187 1179 4237 sinistrum
1196 4201 1291 4238 uocare.
1317 4189 1367 4240 Uur
1385 4199 1490 4251 nemque
1501 4193 1524 4236 et
1534 4198 1571 4234 ει·

299 4271 355 4322 dem
379 4285 429 4333 ree,
454 4286 516 4336 quae
540 4271 598 4321 mihi
624 4273 648 4324 in
672 4274 789 4323 orientem
812 4272 951 4336 respicienti
970 4272 1051 4322 dextre
1070 4278 1115 4333 cst,
1139 4272 1163 4322 iu
1183 4273 1332 4323 occidentem
1351 4271 1453 4322 οίιιειτο
1472 4271 1499 4322 iit
1516 4267 1573 4320 siui-

298 4355 376 4406 etre.“
408 4355 441 4405 ti.
460 4354 486 4406 C.
505 4356 561 4407 Vere.
580 4356 628 4408 687
648 4359 760 4409 omittunt
778 4355 866 4406 Perimi
884 4355 1045 4407 reruicuiumr
1062 4353 1184 4420 παρέστη
1200 4349 1216 4420 ἦ
1232 4355 1380 4422 βασίλισσα
1397 4353 1454 4406 τιτλ.
1490 4354 1572 4406 iiuitue

299 4439 416 4490 Venetae:
434 4432 484 4503 τὴν
500 4435 612 4504 πρυίιην
629 4435 775 4508 σφραγίδα
791 4428 901 4503 λαβοίνε
919 4441 1024 4506 primum
1043 4453 1131 4507 parem
1150 4442 1214 4492 enim
1232 4449 1301 4492 recut
1317 4431 1407 4506 ἁγίων
1425 4429 1518 4507 ἄρτιον
1534 4451 1571 4488 re·

298 4522 395 4589 liquire,
419 4539 447 4574 cx
471 4527 558 4591 quibus
581 4526 714 4591 particulare
739 4533 880 4576 exereretur
898 4527 921 4576 iu
940 4527 1058 4578 honorem
1077 4525 1220 4578 Sanctorum
1239 4520 1407 4591 σφραγίδας,
1443 4525 1471 4574 Si
1489 4522 1571 4586 legitur

299 4600 432 4674 δευτέραν
448 4611 578 4676 respicitur
596 4611 626 4662 ed
643 4625 729 4676 pruee,
748 4611 769 4661 ei
788 4607 933 4677 σφραγίδιι
949 4600 1070 4678 πριότην,
1096 4617 1252 4662 numerantur
1269 4609 1403 4675 particulae
1421 4607 1570 4662 Srueturuur.
