3314 5304
860 412 935 487 300

253 587 371 662 ἐλπίδι
391 587 605 674 ἀναστάσεως
626 592 712 683 ζωῆς
733 588 1136 685 αίωνίουκεκοιμημένων
1149 591 1322 682 Πατάρων,
1343 591 1401 663 καί
1419 587 1541 661 ’Adel-

253 699 328 784 φῶν
353 691 456 783 ἡμῶν,
485 692 543 762 καί
563 691 700 762 πάντων
720 701 787 762 τῶν
808 695 845 765 ίν
866 692 1029 786 εὐσεβείᾳ,
1055 694 1115 764 καί
1134 693 1251 764 πίστει
1270 694 1538 764 τελειωθέντων·

253 793 311 865 καί
339 793 548 884 συγχώρησον
576 791 693 876 αὐτοῖς
718 802 788 864 πᾶν
809 796 1036 887 πλημμέλημα
1058 791 1211 866 ἑκούσιόν
1230 821 1268 864 τε
1287 794 1346 865 καί
1367 791 1538 878 ἀκούσιον,

254 894 289 964 ἐν
317 889 416 985 λύγῳ,
443 892 465 985 ἢ
496 893 592 987 ἔργῳ,
619 892 642 987 ἢ
668 897 756 966 κατὰ
783 895 936 967 διάνοιαν
957 897 1199 988 πλημμεληθδν
1220 893 1278 966 ὐπ’
1302 893 1421 966 αὐτῶν.
1463 896 1539 966 Καὶ

252 995 508 1085 κατεσκήνωσεν
537 993 660 1079 αὐτούς
685 997 721 1068 δν
748 996 871 1080 τύποις
897 1003 1085 1090 φωτεινοίς,
1115 998 1149 1068 ἐν
1170 995 1292 1080 τόποις
1310 1000 1471 1088 χλωροῖς,
1499 997 1540 1067 ίν

252 1095 375 1179 τύποις
397 1093 603 1190 ἀναψύξεως,
626 1096 714 1168 ἔνθα
734 1094 869 1190 ἀπέδρα
889 1106 987 1169 πᾶσα
1008 1095 1119 1190 ὀδύνη,
1142 1097 1231 1190 λύπη
1252 1100 1311 1168 καὶ
1335 1096 1538 1187 στεναγμός·

253 1196 342 1266 ὅπου
364 1195 384 1289 ἡ
408 1197 576 1291 ὐπισκοπὴ
599 1207 660 1270 τού
679 1199 865 1289 προςώπου
887 1225 948 1270 σου
969 1197 1144 1291 εὐφραίνει
1164 1197 1295 1281 πάντας
1309 1201 1389 1281 τούς
1403 1196 1464 1269 ἀπ’
1481 1199 1541 1269 αὐ·

253 1304 338 1382 ῶνος
354 1295 488 1388 Ἅγίους
508 1321 581 1368 σου.
612 1295 765 1388 Χάρισαι
787 1299 980 1383 αὐτοῖςκαὶ
1000 1299 1079 1391 ἡμῖν
1099 1301 1159 1392 τὴν
1179 1299 1364 1372 Βασιλείαν
1384 1325 1456 1384 σου,
1478 1302 1540 1370 καί

252 1400 312 1490 τὴν
336 1403 478 1487 μέθεξιν
510 1408 576 1469 τῶν
601 1395 784 1491 ἀφράστων
810 1403 868 1472 καί
889 1401 1034 1473 αὐωνίων
1054 1426 1115 1472 σου
1137 1398 1286 1491 ἀγαθῶν,
1316 1404 1453 1492 καὶτῆς
1474 1409 1540 1493 σῆς

253 1498 456 1591 ἀπεράντου,
477 1501 535 1571 καί
554 1501 722 1590 μακαρίας
744 1505 830 1594 ζωῆς
849 1505 910 1595 τὴν
932 1501 1133 1574 ἀπόλαυσιν.
1159 1505 1207 1572 Σύ
1229 1505 1292 1594 γάρ
1314 1499 1386 1595 ελῆ
1410 1503 1491 1595 ζωὴ,
1513 1501 1537 1594 ἡ

254 1600 437 1685 ἀνάστασις
463 1603 521 1672 καί
547 1599 566 1694 ἡ
591 1601 781 1686 ἀνάπαυσις
802 1613 869 1673 τῶν
889 1605 1133 1697 κεκοιμημένων
1155 1601 1283 1674 δούλων
1305 1629 1377 1688 σου,
1404 1605 1539 1692 Χριστὲ

253 1702 273 1774 δ
297 1705 384 1786 Θεὸς
403 1702 507 1796 ἡμῶν,
528 1705 586 1774 καί
607 1705 662 1775 σοί
683 1705 742 1794 τὴν
764 1703 865 1789 δόξαν
887 1704 1141 1793 ἀναπίμπομεν,
1167 1706 1228 1775 σὸν
1248 1713 1296 1797 τῷ
1318 1703 1449 1797 ἀνάρχῳ
1472 1729 1537 1776 σου

252 1807 375 1897 Πατρὶ,
403 1807 461 1875 καί
490 1813 539 1896 τῷ
565 1805 730 1897 παναγίρι,
756 1808 815 1876 καί
842 1805 974 1897 ἀγαθῶ,
1001 1809 1059 1878 καί
1086 1809 1244 1899 ζωοποιῷ
1265 1832 1327 1876 σου
1347 1806 1537 1894 Πνεύματι,

252 1913 318 1990 νῦν,
340 1907 397 1976 καί
419 1904 483 1990 ἀεί,
504 1907 562 1976 καί
582 1906 632 1989 είς
651 1909 731 1989 τούς
752 1907 878 1991 αἰῶνας
897 1917 964 1978 τῶν
985 1907 1126 1980 αἰώνων.
1158 1907 1275 2000 Ἀμήν.
1397 1965 1401 1974 .

336 2013 454 2077 Desinit
480 2008 520 2078 τὸ
547 2008 783 2095 μεσονυκτικόν
804 2025 837 2078 ut
858 2007 1069 2080 ἀπόδειπνον
1089 2016 1121 2080 in
1143 2009 1356 2101 συγχώρησιν,
1385 2007 1538 2078 ὸκτενίαν

250 2126 282 2180 ει
303 2115 483 2196 suspirium:
506 2107 550 2179 δι’
574 2109 676 2196 εὐχῶν
696 2119 762 2178 τῶν
783 2108 886 2199 ἁγίων
907 2111 1064 2200 πατέρων
1084 2138 1116 2199 p.
1131 2117 1204 2183 298.
1387 2117 1396 2124 '

337 2217 524 2280 Nocturnum
552 2216 676 2280 Sabbati
709 2219 866 2298 proprium
889 2229 1051 2282 exornatur
1077 2219 1205 2281 Psalmis
1229 2221 1285 2282 65:
1321 2211 1377 2280 σοί
1403 2211 1538 2300 πρέπει

253 2309 395 2399 ύμνοςὸ
420 2312 507 2393 Θεὸς
527 2311 563 2382 δν
583 2311 682 2382 Σιών.
725 2319 776 2382 Ρε,
793 2323 852 2386 66:
887 2311 1074 2397 ἀλαλάξατε
1101 2321 1149 2405 τῷ
1166 2312 1286 2404 1Κυρίῳ
1313 2319 1410 2382 πᾶσα
1436 2309 1456 2403 ἡ
1480 2320 1538 2404 γῆ.

250 2419 302 2482 Ρε.
318 2422 375 2484 67:
398 2411 418 2482 δ
435 2414 522 2496 Θεὸς
544 2411 749 2506 οὐκτείρησαι
768 2414 867 2504 ἡμᾶς.
897 2422 948 2484 Ρε.
964 2422 1022 2487 68:
1046 2411 1221 2506 ἀναστὴτω
1244 2413 1262 2485 ὸ
1281 2416 1368 2496 Θεὸς
1382 2415 1441 2485 καί
1455 2417 1537 2484 δια-

250 2514 556 2606 ακορπισθήτωααν
585 2513 620 2584 οί
649 2513 768 2605 ἐχθροί
794 2513 910 2587 αὐτοῦ.
954 2523 1006 2586 Ps.
1021 2525 1077 2588 69:
1109 2514 1220 2586 σῶσόν
1247 2541 1291 2604 με
1317 2513 1337 2586 ὸ
1362 2517 1450 2598 Θεὸς
1478 2515 1537 2586 ὅτι

251 2615 453 2707 είςήλθοοαν
475 2615 583 2691 ὐδατα
605 2617 670 2700 ἕως
689 2624 800 2708 ψυχῆς
820 2643 896 2705 μου.
926 2625 978 2688 Ρε.
994 2628 1051 2690 70:
1074 2615 1195 2702 ὐΘεὸς
1215 2616 1265 2700 εἰς
1284 2619 1345 2710 τὴν
1365 2617 1537 2710 βοήθειάν

247 2743 315 2806 μου
336 2715 489 2803 πρόσχες.
533 2723 688 2786 Accedunt
708 2725 832 2806 propria
855 2725 1001 2806 Troparia
1025 2734 1057 2789 et
1077 2726 1198 2789 Preces.

325 2811 482 2890 ’Ἀκτιστε
504 2818 616 2910 φύσις,
637 2816 657 2910 ἡ
680 2827 746 2889 τῶν
767 2820 854 2890 δίων
875 2821 1085 2913 δημιουργὸς,
1107 2822 1150 2892 τὸ
1168 2819 1260 2913 χείλη
1281 2817 1374 2911 ἡμῶν
1388 2816 1536 2905 ἀνσιξον,

251 2919 347 3001 ὅπως
368 2918 618 3010 ἀναγγέλλωμεν
638 2922 698 3011 την
720 2919 845 2992 αίνεσίν
866 2947 927 2992 σου
947 2930 1108 3009 βοῶντες·
1132 2921 1261 3012 Ἆγιος,
1275 2921 1538 3012 Ἅγιος,’Ἀγιος

250 3017 281 3092 ελ
302 3020 321 3092 ὸ
345 3022 442 3104 Θεὸς,
466 3023 523 3091 διὸ
545 3029 605 3112 τῆς
627 3021 796 3093 Θεοτόκοο
818 3024 954 3117 ἐλέησον
975 3021 1074 3115 ἡμᾶς.
1434 3069 1439 3076 ·

338 3124 410 3206 Τάς
431 3117 499 3192 ἀνω
520 3121 691 3211 Δυνάμεις
709 3124 913 3213 μιμούμενοι
934 3125 995 3194 ἐπὶ
1016 3133 1085 3215 γῆς,
1118 3122 1283 3196 ἐπινίκιον
1304 3124 1408 3212 ὐμνον
1426 3150 1536 3215 προς-

252 3225 400 3318 φίρομίν
421 3250 477 3295 σοι
499 3222 626 3314 ἀγαθέ·
641 3225 768 3317 ΗΑγιος,
782 3226 910 3318 Ἄγιος,
925 3226 1042 3316 ’Ἄγιος
1063 3221 1134 3298 είὸ
1159 3227 1255 3310 Θεὸς,
1285 3227 1344 3296 διὸ
1363 3235 1423 3317 τῆς
1447 3231 1538 3297 Θεο-

249 3325 351 3398 τάκου
374 3327 510 3419 ἐλέησον
530 3325 630 3418 ἡμᾶς.
1054 3387 1057 3394 .

339 3436 408 3520 Τῆς
433 3427 545 3520 κλίνης
570 3430 630 3498 καί
655 3436 716 3498 τοῦ
743 3428 851 3500 ύπνου
881 3429 1052 3520 ίξύγειράς
1076 3454 1120 3516 με
1141 3427 1256 3519 Κύριε,
1282 3429 1342 3499 τὸν
1367 3436 1447 3502 νσῦν
1466 3455 1538 3518 μου

252 3528 412 3622 φώτισον,
440 3531 499 3599 καί
524 3530 586 3621 τὴν
604 3529 754 3616 καρδίαν,
776 3532 834 3600 καί
854 3532 898 3601 τά
916 3532 1008 3624 χείλη
1029 3557 1095 3618 μου
1118 3525 1260 3613 ἄνοιξον,
1288 3528 1338 3614 εἷς
1357 3531 1396 3600 τὸ
1418 3529 1535 3618 ὐμνεῐν

252 3655 291 3704 σε
309 3628 405 3719 Ἁγία
430 3628 551 3718 Τριάς·
564 3630 691 3720 Ἄγιος,
706 3631 832 3720 Ἄγιος,
846 3632 967 3724 ’Ἄγιος
983 3629 1015 3704 εί
1034 3631 1056 3704 ἀ
1077 3634 1174 3714 Θεὸς,
1202 3633 1261 3702 διὸ
1281 3639 1341 3722 τῆς
1364 3631 1534 3704 Θεοτόκου

253 3733 391 3824 ἀλύησον
411 3729 510 3822 ἡμᾶς.

336 3831 546 3923 Μεγαλύνων
571 3833 743 3924 μεγαλύνω
762 3857 804 3905 σε
823 3835 940 3926 Κύριε,
973 3835 1028 3906 ὅτι
1048 3834 1183 3916 δπεῖδες
1204 3834 1265 3904 ίπί
1283 3833 1343 3925 τὴν
1364 3833 1536 3905 ταπείνωη

252 3933 306 4006 σίν
333 3961 410 4024 μου,
437 3934 495 4004 καί
521 3931 562 4004 οὐ
583 3935 794 4018 συνέκλεισάς
813 3963 856 4025 με
877 3937 927 4020 εἰς
945 3944 1061 4028 χώρας
1081 3935 1221 4026 ἐχθρῶν,
1250 3932 1321 4005 ἀλλ’
1344 3934 1478 4018 ἔσωσας
1497 3935 1537 4007 ἐκ

251 4043 319 4107 τῶν
347 4034 496 4126 ἀναγκῶν
522 4037 582 4127 τὴν
603 4035 712 4128 ψυχήν
732 4064 810 4126 μου.
852 4040 924 4109 Καὶ
943 4047 1000 4109 νύν.
1020 4037 1194 4121 Δέσποτα,
1224 4036 1425 4108 σκεπασάτω
1444 4035 1532 4129 w}

251 4135 323 4228 χείρ
350 4163 422 4222 σου,
448 4137 507 4209 καὶ
534 4135 636 4210 ἔλθοι
663 4137 717 4208 ἐπ’
741 4139 801 4227 ἐμὲ
827 4141 867 4210 τὸ
890 4138 985 4223 ἔλεός
1006 4165 1077 4223 σου,
1100 4136 1155 4210 ὅτι
1176 4138 1376 4228 τετάρακται
1395 4137 1416 4230 ἦ
1440 4137 1532 4230 ψυχή

252 4265 330 4328 μου,
350 4241 409 4310 καί
428 4237 617 4323 κατώδυνύς
638 4241 738 4324 ἐστιν,
761 4240 797 4311 δν
816 4248 866 4332 τῷ
887 4239 1135 4332 ἐκπορεύεσθαι
1157 4239 1259 4332 αὐτὴν
1281 4241 1317 4312 ἐκ
1330 4247 1391 4310 τοῦ
1405 4238 1534 4311 ἀθλίου

251 4366 319 4429 μου
338 4342 397 4412 καί
418 4348 569 4432 ῥυπαροῦ
590 4339 746 4431 σώματος
766 4341 903 4412 τούτου·
924 4341 1057 4435 μήποτε
1078 4341 1098 4434 δ
1121 4343 1253 4436 πονηρά
1269 4349 1330 4412 τού
1344 4339 1537 4430 ἀντικειμέ-

252 4467 312 4512 νου
332 4444 436 4533 βουλή
460 4441 642 4537 συναντήση
665 4441 758 4535 αὐτῇ,
785 4445 844 4515 καὶ
864 4442 1104 4538 παρεμποδίση
1125 4445 1162 4515 δν
1181 4443 1303 4528 σκότει,
1334 4445 1393 4514 διὸ
1413 4445 1475 4525 τὰς
1495 4441 1535 4512 δν

253 4539 373 4635 ἀγνοίᾳ
392 4544 449 4613 καί
470 4542 589 4633 γνώσει
610 4545 646 4617 ἐν
665 4552 714 4636 τῷ
734 4543 799 4636 βίῳ
820 4543 928 4638 τούτῳ
950 4545 1128 4636 γενομένας
1147 4571 1209 4633 μοι
1229 4543 1404 4634 ἁμαρτίας.
1417 4544 1538 4627 Ἵλεώς

253 4651 350 4734 γενοῦ
369 4671 432 4732 μοι
443 4646 606 4716 Δέσποτα
626 4647 749 4738 καὶμὴ
773 4645 873 4719 ὐδίτω
894 4646 915 4740 ἡ
938 4647 1028 4743 ψυχή
1049 4673 1115 4737 μου
1130 4649 1189 4740 τὴν
1204 4647 1435 4740 ζεζοφωμίεην
1447 4640 1540 4740 ὸψεν
