3314 5304
677 441 750 517 303

85 619 165 711 ἡμᾶς
187 616 288 699 utone
315 619 430 711 φωτὸς
456 627 516 710 τῇς
540 619 668 710 ἡμέρας
693 623 751 694 καί
778 619 1002 712 κληρονόμους
1027 628 1094 690 τῶν
1121 616 1266 692 αἰωνίων
1290 642 1354 690 σου

88 719 225 810 ἀμαθῶν.
254 718 440 812 Μνῇσθητι
462 719 568 813 Κάριε
589 724 625 792 ἐν
645 730 693 814 τῷ
714 721 845 814 πλῇθει
864 730 931 792 τῶν
951 722 1129 813 οἰκτιρμῶν
1150 746 1212 792 σου
1226 721 1355 802 παντὸς

86 829 138 890 τοῦ
161 823 245 891 λαοῦ
272 845 349 903 σου,
377 829 443 891 τῶν
471 823 714 915 συμπαρόντων
740 826 797 895 καί
824 831 891 894 τῶν
918 826 1162 911 συνευχομένων
1189 821 1268 914 ἡμῖν
1295 821 1354 894 καί

86 922 208 991 πάντων
228 929 296 991 τῶν
318 921 475 1016 ἀδελφῶν
494 921 588 1015 ἡμῶν
601 932 668 993 τῶν
681 926 718 993 ἐν
730 933 779 1016 γῇ,
801 933 868 996 τῶν
881 925 917 994 ίν
930 925 1097 1018 θαλάσση,
1119 933 1186 995 τῶν
1199 927 1236 996 ἐν
1248 923 1354 1002 παντί

89 1023 174 1114 τόπῳ
192 1031 254 1116 τῇς
276 1025 475 1108 δεσποτείας
494 1051 566 1109 σου,
588 1028 755 1114 δεομένων
773 1035 835 1118 τῇς
848 1035 909 1117 σῇς
923 1026 1187 1118 φιλανθρωπίας
1200 1028 1258 1096 καί
1270 1031 1353 1115 βοη-

89 1123 188 1206 θείας.
215 1125 288 1194 Καὶ
309 1133 397 1195 πᾶσι
414 1126 597 1219 χορήγησον
618 1129 657 1198 τὸ
673 1130 760 1218 μέγα
774 1153 836 1199 σου
850 1127 954 1211 ἔλεος,
975 1131 1032 1197 tva
1045 1129 1250 1216 σεσωσμένοι
1262 1131 1354 1218 ψυχῇ

89 1251 120 1295 τε
142 1227 197 1296 καί
216 1225 350 1314 σάματι
370 1227 515 1299 πάντοτε
536 1230 749 1316 διαμένοντες
777 1231 863 1318 μετὰ
893 1229 1082 1324 παρρησίας
1103 1229 1293 1316 δοξάζωμεν
1313 1229 1353 1296 εδ

89 1329 276 1415 θαυμαστὸν
295 1354 353 1398 και
344 1327 625 1420 εὐλογημίνον”
605 1331 713 1418 ονομά
727 1356 799 1416 σου,
821 1359 880 1402 του
865 1333 1033 1420 ’Πατρός
1048 1333 1180 1401 καὶτοῦ
1199 1329 1284 1402 Υίου
1294 1327 1353 1400 καί

87 1437 138 1498 τοῦ
154 1427 265 1519 Ἀγίου
282 1429 482 1518 Πνεάματος
501 1440 559 1501 νῦν
579 1434 637 1503 καί
659 1431 713 1504 άεί
733 1436 791 1504 καί
812 1433 861 1516 είς
882 1434 961 1515 τοὺς
982 1431 1107 1515 αίῶνας
1126 1439 1193 1532 τῶν
1212 1430 1351 1502 αἰώνων.

86 1527 186 1620 Auria.

159 1639 240 1700 luter
266 1638 322 1700 has
350 1657 458 1720 preces
487 1641 654 1704 sacerdotis
682 1651 841 1704 cantantur
867 1641 979 1706 Psalmi
1002 1643 1059 1707 88:
1089 1633 1196 1725 Kalpia
1223 1633 1242 1704 δ
1265 1634 1353 1716 Θεὸς

88 1739 137 1823 τῇς
160 1732 325 1825 σωτηρίας
350 1761 425 1821 μου.
469 1741 520 1804 Pa.
538 1743 614 1806 103:
644 1733 773 1825 εὐλογῶ
798 1735 819 1826 ἦ
842 1735 932 1827 ψυχή
953 1763 1019 1824 μου
1040 1739 1099 1806 τὸν
1120 1735 1259 1825 Κύριον.
1299 1743 1351 1806 Ρε.

91 1843 154 1905 tlt:
176 1834 282 1924 Κύριε
305 1833 495 1916 είςάκουσον
516 1845 576 1927 τῇς
597 1844 780 1928 προςευχῇς
800 1863 876 1923 μου.

158 1941 300 2004 Procedit
328 1943 403 2005 ordo
432 1945 525 2006 cilicii
553 1944 589 2006 ad
613 1937 759 2008 δνσενίαν
780 1961 928 2023 magnam.
971 1943 1102 2004 Posthac
1124 1952 1270 2006 canuntur
1291 1945 1352 2006 hn-

89 2043 200 2123 tiphone
221 2053 252 2106 et
274 2044 454 2125 Troperium
477 2047 515 2108 de
536 2045 693 2108 [lominica
714 2045 761 2107 vel
783 2044 820 2107 de
843 2045 954 2108 Sancto
976 2052 1007 2108 et
1028 2038 1128 2125 άμνσι
1146 2038 1323 2125 τριαδικοί.

158 2145 243 2207 Nunc
265 2145 430 2209 recitantur
452 2147 510 2210 duo
525 2147 713 2210 Psalmorum
735 2138 933 2227 καθίσματα
953 2163 1022 2208 cum
1043 2146 1226 2226 Antiphouio
1240 2146 1352 2208 Psalmi
1449 2179 1464 2186 -

91 2245 314 2323 135ει136,’)
342 2248 478 2314 nonnulli
507 2248 647 2312 versiculi
679 2257 708 2311 et
736 2240 864 2312 ἐκτενία
897 2247 1007 2311 minuc.
1056 2249 1091 2310 ln
1121 2248 1219 2310 leriali
1247 2247 1351 2311 officio

89 2349 240 2411 succedunt
263 2366 370 2411 novem
393 2351 484 2412 οδαε
506 2371 522 2412 ε
545 2351 693 2431 scriptum
724 2367 809 2412 sacre
839 2351 1052 2430 depromptae:
1076 2349 1232 2411 Canticum
1258 2348 1351 2412 linoln

90 2447 169 2510 llrod.
186 2454 235 2522 15,
250 2451 287 2513 21
303 2469 350 2531 eq.
373 2450 529 2513 Canticum
553 2453 646 2514 hlosie
661 2453 747 2513 Deut.
763 2453 814 2523 32,
835 2455 847 2514 l
863 2469 910 2531 sq.
933 2451 1086 2514 Canticum
1102 2451 1226 2512 Hennae
1248 2453 1262 2514 l
1278 2451 1351 2527 lleg.

90 2551 113 2620 l,
127 2555 140 2613 t
154 2569 199 2631 sq.
228 2549 384 2613 Canticum
411 2551 552 2616 Habacuc
574 2552 649 2617 llab.
673 2571 699 2614 c.
716 2553 747 2618 3.
775 2551 930 2615 Canticum
953 2553 1049 2614 laniae
1072 2570 1099 2613 c.
1114 2555 1165 2617 26.
1195 2551 1351 2618 Canticum

90 2650 260 2716 1οσσεε.2.
285 2653 440 2716 Canticum
463 2656 552 2718 trium
574 2671 736 2736 puerorum
759 2653 791 2716 iu
813 2654 930 2716 camino
953 2654 1042 2734 ignis,
1065 2653 1218 2717 Canticum
1240 2653 1352 2717 hieriae

89 2751 149 2815 Luc.
166 2756 192 2827 1,
208 2755 251 2818 46
263 2772 309 2835 sq.
332 2773 392 2817 uua
414 2772 481 2816 cum
504 2755 628 2819 Cantica
651 2755 811 2818 Zachariae
834 2755 905 2817 Luc.
923 2760 952 2830 1,
968 2758 1008 2822 68
1021 2775 1066 2836 sq.

159 2855 316 2919 [lominica
345 2873 371 2917 s.
402 2857 572 2932 festivitate,
601 2857 662 2919 illis
690 2858 757 2920 odia
784 2857 1024 2937 praetermissis,
1052 2857 1217 2918 recitantur
1237 2854 1349 2918 Psalm.

91 2957 156 3018 149:
184 2948 308 3020 αἶνεῖτε
334 2951 393 3019 τὸν
413 2951 540 3041 Κύριον
567 2953 602 3021 ἐκ
623 2959 689 3019 τῶν
710 2949 869 3041 οὐρανῶν.
911 2958 963 3019 Ρε.
980 2961 1056 3024 150:
1087 2947 1191 3043 ξίσατε
1212 2957 1259 3041 τῷ
1279 2958 1353 3019 Ku-

88 3049 139 3140 ρίῳ
165 3043 257 3144 ᾆσμα
284 3051 408 3122 καινόν.
451 3059 503 3124 Ρε.
521 3064 596 3126 151:
626 3053 748 3123 αῖνεῖτε
769 3053 827 3121 τὸν
851 3052 938 3122 Θεὸν
958 3054 993 3122 ίν
1013 3059 1086 3134 τοῖς
1107 3051 1216 3140 ἁγίοις
1237 3048 1351 3135 αὐτοῦ,

89 3157 176 3220 lentim
203 3159 381 3222 decantatur
400 3161 565 3241 horologia
593 3179 698 3240 magna
722 3169 753 3222 et
773 3158 966 3238 Evangelium
987 3154 1027 3222 τὸ
1049 3151 1195 3223 ἑωθινόν
1215 3177 1351 3221 resurre-

88 3259 200 3334 ctiouis‚
237 3259 367 3340 denique
395 3261 561 3324 Dominicis
594 3261 717 3342 propria
751 3269 821 3322 sunt
847 3259 993 3339 'l'roparie
1025 3251 1237 3380 άναστάσιμα
1272 3279 1299 3321 ε.
1322 3275 1350 3338 ς.

87 3353 224 3444 Σημερον
245 3353 392 3448 σωτηρία
412 3365 461 3447 τῷ
481 3357 609 3448 Κάσμῳ
630 3350 821 3447 γέγονεν,”
798 3379 930 3447 ᾳσωμεν
950 3361 999 3445 τῶ
1021 3351 1200 3423 ἀναστάντι
1227 3354 1264 3424 ἐκ
1289 3353 1352 3422 τά-

88 3479 155 3544 φου,
183 3457 239 3526 καί
267 3455 396 3582 άρχημῳ
422 3465 482 3547 τῆς
510 3455 642 3548 ζωῆς(
618 3466 731 3582 ημῶν·
758 3457 913 3528 ναθελῶν
940 3455 1001 3546 γὰρ
1037 3463 1086 3548 τῷ
1118 3453 1258 3547 θανάτῳ
1292 3457 1351 3524 τὸν

88 3555 235 3642 θάνατον,
258 3558 297 3626 τὸ
319 3564 408 3639 νῖκος
430 3556 591 3628 εδωκενς
571 3564 661 3650 ημῖν,
683 3559 741 3629 καί
761 3560 800 3627 τὸ
821 3558 908 3648 μέγα
930 3557 1033 3641 ε’ίεος.

157 3655 319 3742 Ἀναστάς
340 3659 377 3730 ἐκ
397 3667 458 3728 τοῦ
478 3659 658 3750 μνήματος,
677 3662 734 3730 καί
754 3660 796 3730 τὰ
818 3660 925 3749 δεσμά
946 3657 1126 3750 διαρρήξας
1146 3685 1205 3728 του
1190 3655 1351 3742 ’Ἅιδου

88 3753 195 3843 ἔλυσας
220 3762 260 3831 τὸ
287 3759 474 3850 κατάκριμα
500 3788 560 3830 τοο
588 3747 739 3833 θανάτου
761 3761 877 3852 Κύριε,
905 3760 1035 3842 πάντας
1056 3763 1092 3830 ἐκ
1113 3769 1179 3830 τῶν
1199 3758 1353 3849 παμίδων

88 3865 138 3928 τοῦ
167 3863 290 3952 ἐχθροῦ
323 3861 515 3952 ῥυσάμενος,
548 3861 736 3954 ἐμφανίσας
761 3863 901 3932 σεαυτὸν
929 3887 1003 3943 τοις
1026 3860 1249 3944 Ἀποστόλοις
1279 3885 1351 3943 σου,

163 4104 187 4166 1)
211 4105 290 4168 Κίσς
308 4106 355 4156 Ι.σ.
373 4105 456 4171 ρ.94;
480 4105 525 4168 „ln
544 4106 589 4156 cler
605 4104 771 4170 griechischen
789 4105 876 4156 llirche
894 4105 991 4156 werden
1010 4105 1048 4156 δίε
1066 4105 1177 4168 Peottege
1194 4103 1218 4153 in
1236 4100 1288 4152 urei
1306 4100 1351 4150 Ατ-

90 4189 247 4248 nummula
265 4205 359 4253 protae,
379 4191 482 4241 mittiere
500 4190 549 4242 σσδ
567 4191 646 4242 hlaine
664 4188 817 4254 elopetheilt;
835 4190 885 4241 und
903 4189 1070 4254 gemeiniglich
1088 4203 1119 4238 an
1137 4188 1191 4239 δεσι
1209 4185 1290 4236 hande
1308 4185 1353 4237 (lor

17 4333 18 4345 η
91 4267 271 4325 lirchecbnoher
294 4273 371 4324 durch
395 4276 433 4326 ein
457 4275 549 4326 licium
567 4275 643 4325 llrona
666 4275 690 4324 in
714 4274 791 4324 ciuem
811 4273 898 4336 zirlel,
922 4275 982 4324 oder
1006 4275 1030 4324 in
1055 4274 1132 4324 eloam
1156 4271 1244 4322 halben
1262 4268 1353 4332 zimel,

91 4353 140 4404 cler
156 4359 218 4410 ohne
235 4358 324 4421 Zirlol,
341 4359 489 4410 bezeichnen.
526 4359 573 4410 ller
591 4359 675 4409 llienet
690 4357 749 4408 σίτδ
768 4359 830 4408 nach
848 4358 902 4409 δεσσ
921 4357 999 4410 Crede
1017 4357 1061 4407 δει
1073 4355 1199 4420 lleiligleit
1215 4355 1282 4405 einen
1299 4352 1353 4404 ool·

92 4437 141 4489 chan
164 4442 241 4506 'leges
266 4443 430 4507 cingeriohtet.
466 4443 543 4494 Wonn
567 4442 611 4494 δετ
636 4441 936 4494 135.σσδ136.ΡιιΙισ
961 4441 999 4492 hei
1024 4439 1106 4492 dieser
1122 4439 1197 4490 Stella
1220 4435 1354 4502 gehrnoeht

91 4525 173 4578 uerlen
190 4528 244 4588 (ule
262 4527 430 4592 gemeioiplieh
448 4528 492 4580 δεε
509 4527 632 4590 Spumant
648 4527 791 4590 geschichtl,
809 4542 837 4578 ιο
854 4527 914 4577 ru'rd
932 4541 960 4576 er
976 4520 1132 4586 πολυέλεος,
1148 4539 1194 4574 rou
1212 4523 1256 4573 nu
1273 4523 1353 4573 htull·

91 4620 127 4668 ςεσ
143 4611 328 4675 Wiedecholnng
345 4612 389 4664 δεε
407 4607 483 4668 ἔλεος
499 4612 523 4662 in
542 4613 595 4664 dem
616 4610 702 4662 letrteu
721 4610 800 4662 Pealm
818 4617 950 4675 genennet:
969 4607 1085 4660 συνῶσαι
1102 4599 1143 4658 ὅτι
1159 4599 1353 4666 clerinomiae

90 4683 190 4752 tillem
198 4689 293 4761 αὐτοῦ,
312 4697 374 4750 δεσσ
392 4697 460 4750 aeine
471 4699 530 4751 cure
541 4697 633 4749 uniret
642 4695 760 4762 επίςίίείι,
778 4696 849 4749 einen
857 4696 931 4762 jelen
940 4694 997 4746 lero
1008 4691 1195 4745 beaohlieeeet‘*
1214 4693 1250 4748 Cl.
1260 4689 1352 4760 pm
