3378 5302
683 421 755 498 173

153 608 284 683 Diebus
309 608 440 684 ieiunii.
492 607 535 680 Et
560 619 708 707 propter.

152 711 195 784 ln
220 709 531 784 connnernorute'une
558 710 772 784 Sanctorum.
825 709 874 783 Tu
901 711 1056 805 Domine,
1089 735 1164 788 vere
1191 738 1228 787 es
1255 716 1362 788 susci·

84 823 164 886 tator
196 837 379 912 corporum
404 823 617 886 nostrorum:
651 823 687 886 tu
715 836 752 886 es
778 811 928 894 Seirator
952 813 1062 888 bonus
1089 816 1274 889 animarum
1302 841 1361 890 no·
1446 887 1449 901 ,

84 928 234 1009 strarunr,
263 926 298 988 et
324 923 539 989 conservator
564 938 705 988 securus
731 916 817 987 vitae
843 926 996 989 nostrae:
1024 941 1152 1015 uosque
1180 929 1311 1016 oportet
1329 930 1362 992 te

85 1027 239 1115 perpetuo
268 1017 433 1112 confiteri,
460 1018 600 1089 adorare
629 1029 662 1089 et
689 1011 877 1112 glorificare
903 1019 1054 1092 omnium
1078 1020 1233 1094 Domine.

152 1119 208 1192 Ad
231 1119 419 1194 mucuns.
472 1118 629 1212 Sanctus,
666 1119 864 1208 laudandus,
900 1131 1032 1218 potens,
1068 1121 1276 1217 immortalis,
1304 1123 1361 1221 qui

86 1221 115 1292 in
138 1223 266 1295 sanctis
292 1221 436 1315 habitas,
463 1232 497 1294 et
523 1221 705 1318 requiescit
731 1226 763 1294 in
791 1223 841 1296 eis
868 1223 1018 1296 voluntas
1045 1231 1126 1298 tusi
1146 1228 1276 1323 respice
1295 1225 1362 1300 Do·

85 1325 180 1418 mine,
215 1324 382 1421 propitius
408 1333 481 1396 esto
509 1334 542 1396 et
567 1324 729 1396 miserere
756 1324 875 1418 nostri,
910 1327 997 1399 sicut
1023 1326 1058 1398 in
1086 1327 1242 1402 omnibus
1270 1329 1362 1402 ausi·

86 1425 176 1498 istor
202 1450 241 1498 es
269 1426 419 1499 omnium
444 1425 600 1498 Domine.

153 1575 208 1650 tv,
250 1577 305 1650 An
328 1577 534 1676 Apostolum.
588 1576 739 1650 illumina
766 1577 863 1651 nobis
890 1577 1032 1653 Domine
1059 1592 1093 1654 et
1117 1581 1209 1655 Deus
1235 1594 1362 1676 noster,

86 1689 189 1752 motus
224 1681 466 1776 cogitationum
500 1689 702 1772 nostrarum,
736 1679 777 1752 ad
811 1678 1013 1754 audiendum
1048 1693 1081 1756 et
1107 1684 1362 1780 intelligendum

88 1781 269 1856 auditiones
296 1806 415 1855 suaves
442 1780 672 1854 mundatorum
697 1792 830 1854 tuorum
849 1782 1085 1857 vivificantium
1104 1797 1138 1859 et
1156 1787 1362 1861 divinorum:

88 1895 117 1956 et
140 1883 288 1956 concede
315 1883 413 1956 nobis
439 1884 668 1981 pergratiam
695 1894 728 1956 et
753 1884 1018 1957 misericordiam
1050 1899 1140 1960 tuam
1166 1898 1204 1962 ut
1231 1913 1270 1962 ex
1297 1890 1363 1962 illis

88 1986 275 2081 colligamus
313 1995 546 2082 argumentum
581 1984 769 2058 dilectionis
803 1994 837 2057 et
869 1986 961 2084 spei3
998 1988 1205 2088 salutemque
1233 1991 1362 2064 animae

88 2099 117 2160 et
140 2089 273 2184 corpori
301 2089 572 2161 convenientem:
602 2111 826 2185 ememusque
854 2087 914 2160 tibi
941 2088 1082 2184 gloriam
1099 2104 1293 2190 perpetuam
1313 2093 1363 2166 in·
1468 2105 1473 2110 “

89 2189 286 2284 desinenter,
314 2201 349 2263 et
373 2214 517 2289 semper,
545 2190 694 2262 omnium
721 2189 874 2262 Domine.
1248 2195 1254 2202 '

155 2292 283 2364 Diebus
307 2293 437 2365 ieiunii.
491 2291 566 2366 Tibi
593 2291 797 2386 gubernator
822 2291 967 2390 sapiens.

132 2443 170 2516 v.
221 2444 438 2519 Descendens
471 2443 632 2519 salutabit
659 2445 890 2540 Dnunpelinnn
916 2445 1043 2520 dicens
1069 2445 1154 2518 bunc
1181 2447 1366 2520 orationem

88 2570 195 2620 curcur
227 2547 343 2620 ultori.
395 2546 443 2621 'le
477 2571 616 2643 germen
648 2547 856 2643 praeclarum
882 2547 990 2620 Patris
1023 2547 1085 2640 tui,
1123 2557 1158 2621 et
1182 2549 1364 2645 imaginem

89 2749 131 2800 diei
147 2749 226 2812 debet,
244 2752 353 2802 occurrit
370 2767 427 2813 uua,
444 2767 507 2817 quae
524 2752 596 2804 aliter
614 2752 700 2815 legitur
718 2751 741 2800 in
752 2751 825 2802 ilissa
837 2751 988 2812 distabamus,
1007 2751 1126 2818 etdaqua
1140 2753 1267 2804 dicendam
1278 2761 1365 2806 est.-

90 2835 233 2885 tlditionern
258 2835 283 2885 in
301 2836 411 2902 'trisagio
431 2837 488 2898 Qui
506 2837 681 2888 crucifixus
699 2843 748 2886 eat
765 2851 821 2900 pro
839 2837 937 2888 nobis
961 2835 1073 2900 ignorant
1102 2845 1126 2889 et
1150 2846 1290 2890 aversantur
1315 2839 1365 2889 iia·

91 2921 184 2969 suriani
204 2934 254 2970 nun
274 2919 354 2970 minua
372 2935 444 2986 qnam
462 2920 599 2971 urtbodori.

168 3005 228 3069 Cap.
246 3004 274 3056 V.
310 3003 525 3055 lienaldotins
544 3004 561 3054 l.
572 3022 592 3056 c.
611 3020 634 3070 p.
645 3003 756 3069 auten:
784 3003 848 3054 Nihil
873 3004 988 3069 praesidii
1013 3005 1060 3055 boc
1084 3006 1108 3056 in
1132 3005 1187 3058 locu
1212 3007 1314 3058 babetur
1337 3021 1365 3056 er

91 3087 153 3138 suaa
170 3089 332 3140 Dalabariea:
358 3089 402 3140 sed
425 3103 453 3138 es
477 3089 561 3153 paneis
579 3089 632 3139 istis
651 3089 729 3139 serbis
747 3089 847 3152 intelligi
866 3096 947 3152 potest
965 3087 995 3138 ad
1012 3087 1133 3152 Evangelii
1153 3089 1291 3151 lectionem,
1316 3105 1364 3142 nou

91 3173 162 3224 uisas
178 3174 329 3226 reverentias
347 3173 579 3239 apudiiestorisnus
598 3187 670 3238 quarn
689 3172 755 3233 alibi,
774 3174 851 3223 luisse
869 3172 1018 3224 adhibitum:
1036 3188 1124 3239 nempe
1136 3173 1266 3225 salutatum
1280 3176 1365 3236 luisse,

90 3257 243 3320 mustum,
261 3267 357 3309 etcum
376 3258 468 3308 bonore
487 3258 687 3322 praecedentibus
705 3257 782 3308 cereis
801 3258 831 3308 ad
849 3257 978 3308 ambonem
996 3256 1111 3308 delatum.
1147 3257 1364 3308 Proclamationem

92 3351 171 3404 autern,
190 3345 262 3394 cuins
280 3343 327 3394 boe
346 3343 400 3394 loco
418 3343 508 3393 mentio
528 3351 573 3406 est,
592 3343 755 3394 existimamus
773 3356 829 3392 ease
847 3343 925 3406 ipsam
937 3341 1057 3404 Drangelii
1076 3342 1241 3393 resitutionem
1260 3357 1321 3408 qnae
1339 3344 1367 3394 iit

93 3427 133 3476 alta
155 3442 213 3478 rure
238 3427 263 3478 in
288 3427 402 3477 omnibns
419 3427 544 3478 Ecclesiis.
580 3428 663 3478 Oratio
688 3442 749 3492 quae
768 3427 938 3492 interponitur,
962 3426 987 3477 in
1005 3441 1052 3490 qua
1069 3426 1129 3476 bueo
1146 3428 1217 3477 rerba
1235 3435 1300 3488 snut,
1324 3427 1366 3493 qni

93 3513 201 3562 revelatus
220 3527 248 3562 es
267 3511 339 3563 nobis
357 3511 381 3562 in
401 3526 504 3577 corpore
522 3513 677 3562 humanitatis
695 3518 802 3572 nostrae,
820 3517 905 3574 posset
923 3510 1024 3561 alicuius
1042 3511 1126 3561 senoni
1144 3513 1283 3576 suspicione
1296 3511 1366 3562 lubo-

93 3611 146 3656 rare,
170 3599 282 3662 quamvis
300 3597 465 3647 Drtbodorarn
488 3599 631 3647 sententiam
651 3597 780 3648 contineat.
815 3594 842 3644 ln
861 3595 931 3645 istam
950 3595 1089 3660 opinionem
1108 3595 1188 3660 potius
1207 3597 1312 3648 nundum
1330 3598 1366 3646 si-

93 3679 162 3742 detur,
179 3696 236 3732 cum
255 3681 279 3732 in
298 3683 344 3732 bac
361 3680 475 3744 liturgia,
494 3683 543 3732 imo
561 3683 585 3732 in
602 3682 656 3731 aliis
674 3681 768 3731 duabus
786 3680 908 3731 Theodori
926 3689 949 3731 et
966 3681 1080 3744 Nestorii,
1098 3683 1134 3731 rir
1152 3682 1281 3747 quidquam
1301 3681 1366 3748 quod

94 3763 118 3811 aa
138 3765 249 3816 baeredn
273 3766 444 3817 insinuandam
463 3767 591 3831 pertineat,
615 3766 809 3830 reperiatur·
833 3765 884 3815 lloc
901 3765 957 3816 loco
976 3780 1087 3828 magnum
1107 3766 1236 3816 discrimen
1255 3767 1365 3818 animad-

94 3851 183 3900 renitur
205 3851 269 3900 inter
290 3852 364 3901 istam
389 3859 413 3901 et
430 3851 597 3902 bialabsricam
615 3851 755 3913 liturgiam,
780 3851 803 3900 in
832 3865 878 3915 qua
897 3850 987 3902 multae
1004 3865 1090 3915 preces
1109 3851 1247 3902 inseruntur
1264 3851 1294 3902 de
1312 3866 1366 3901 om·

94 3932 155 3983 sibus
173 3943 196 3984 et
213 3949 261 4000 pru
279 3935 410 3998 omnibua;
434 3951 479 4001 pro
499 3949 575 4000 pace;
600 3950 643 4000 pro
663 3937 726 3986 aeris
744 3935 902 3986 salubritate:
926 3949 971 3998 pro
992 3935 1128 3985 l’atrisrclra
1148 3944 1171 3986 et
1188 3935 1366 3985 Ecclesiasticis

94 4018 222 4082 ordinibns3
249 4035 294 4084 pro
320 4021 438 4082 Ecclesia,
461 4027 507 4070 etc.
542 4019 602 4070 Tum
627 4021 737 4084 sequitur
761 4019 877 4069 memoria
896 4019 921 4069 li.
940 4019 1029 4069 ituriae
1047 4019 1148 4082 Virginis
1166 4027 1190 4069 et
1207 4021 1365 4069 Sanctorum:

94 4101 170 4154 &nde
188 4111 358 4154 mortuorum:
377 4117 421 4169 pro
440 4105 533 4156 ciuitate
551 4113 574 4155 et
593 4105 644 4154 eius
658 4104 840 4165 habitatoribus,
859 4104 1062 4168 proinddelibus,
1081 4104 1191 4165 intirmis,
1210 4104 1300 4165 egenis,
1319 4111 1365 4153 etc.

94 4185 174 4239 Deinde
191 4189 328 4241 afferuntur
346 4191 416 4254 panis
434 4197 458 4239 st
475 4190 544 4250 calis,
562 4196 586 4239 et
604 4189 626 4238 in
646 4189 715 4239 altari
734 4189 848 4250 religiosa
866 4189 1030 4239 collocantur:
1049 4196 1098 4238 tum
1117 4195 1172 4252 post
1191 4187 1265 4236 multe
1279 4181 1366 4248 iegitur
1441 4199 1444 4205 ·

95 4269 192 4334 Epistula
210 4283 234 4323 et
252 4274 343 4324 delude
357 4273 521 4337 Euangeliou.
555 4275 583 4324 dt
601 4275 775 4338 scripturarum
795 4273 923 4323 lactionum
942 4272 1066 4338 praecedit
1090 4271 1199 4337 expulsio
1218 4285 1266 4320 nun
1285 4269 1365 4335 bapti·

95 4365 199 4410 numm.
234 4361 270 4410 dn
282 4359 339 4409 talia
359 4358 731 4408 lueritEcclesiaellslabsricae
749 4357 875 4423 discipline
895 4359 1000 4408 divinare
1018 4371 1066 4408 non
1077 4368 1221 4422 possumus:
1240 4355 1282 4404 sad
1294 4355 1365 4404 aliam

96 4439 163 4490 luisse
179 4443 435 4508 Desoputamenrrum
455 4443 617 4494 Ecclesiarum
636 4443 796 4493 certissimum
814 4443 920 4493 ridetur:
946 4451 968 4493 et
987 4443 1048 4491 lorta
1065 4441 1146 4490 Alexio
1164 4439 1271 4489 llauosio
1289 4440 1365 4490 visum

96 4533 128 4573 est
143 4527 229 4593 sliqnid
249 4529 390 4587 immutare,
408 4535 435 4577 ut
451 4527 528 4577 itlstiu
547 4529 617 4593 punis
636 4528 722 4579 etvini
741 4527 770 4578 ad
789 4527 865 4578 altare
881 4529 950 4578 flerat
966 4527 1107 4592 priusquam
1125 4523 1234 4589 Epistola
1253 4531 1276 4574 et
1288 4523 1366 4574 Drun-

98 4608 172 4666 mrem
195 4613 349 4676 legerentur,
373 4613 435 4662 sicut
459 4613 481 4662 in
500 4613 590 4664 Latinis
615 4613 758 4678 quibusdam
783 4611 898 4664 Ecclesiis
922 4613 972 4662 deri
1000 4609 1071 4662 solet.
1106 4611 1204 4660 l'recm
1230 4609 1295 4660 illam
1320 4624 1365 4674 pro

97 4695 196 4747 unatim
219 4709 244 4749 et
267 4699 301 4748 de
325 4697 439 4747 omnibns
458 4713 529 4763 quam
548 4699 638 4749 idcirco
658 4697 712 4748 libri
732 4696 837 4748 dituslos
855 4697 976 4750 lacobitici
995 4693 1143 4747 Catholicam
1161 4703 1255 4758 rorant,
1278 4693 1366 4745 dictam
