3360 5304
697 403 768 478 175

163 588 233 664 Vll.
277 587 324 664 m
358 587 543 665 moenduot
569 587 714 664 Dimuri
746 587 792 662 od
825 588 935 662 ultore
970 597 1004 662 et
1030 587 1156 664 dicunt.
1210 589 1276 676 Qui
1302 615 1371 669 non

95 692 218 791 occepit
242 689 446 788 baptismum
473 699 536 764 ete.

163 795 211 870 Et
244 793 364 890 incipit
392 791 559 867 Sacerdote
593 793 842 890 responsorium
873 793 1120 890 mysteriorum,
1153 795 1371 894 inferumque

95 896 246 972 Sonista
275 905 308 968 et
334 893 505 968 Dioooouo
532 893 719 968 discurret
746 894 884 968 culicem
909 919 1013 992 super
1038 894 1157 970 ultore.
1203 896 1370 974 Socerdoe

93 1024 205 1072 nouus
231 1001 360 1096 formet
385 997 422 1069 in
446 997 579 1070 modum
605 997 717 1070 crucio
744 1007 777 1070 et
804 997 896 1070 dicit.
950 997 1129 1072 Ollerimus
1149 997 1281 1076 leudem
1297 1001 1370 1075 Tri·

94 1101 182 1174 nitnti
210 1110 288 1174 tuee
315 1098 480 1194 gloriosae
506 1101 598 1172 omni
624 1109 774 1196 tempore
801 1109 836 1170 et
859 1099 896 1171 in
922 1100 1064 1174 soeculo.

161 1202 209 1275 lit
231 1201 463 1300 prosequitur.
517 1200 670 1274 Christus
704 1201 761 1298 qui
794 1200 985 1276 immolatus
1012 1212 1064 1276 est
1088 1225 1149 1300 pro
1176 1203 1283 1280 salute
1309 1229 1370 1278 no·

94 1317 167 1400 stre,
201 1304 441 1402 praecepitque
476 1302 574 1377 nobis
608 1313 646 1376 ut
670 1327 848 1399 egeremus
875 1304 1225 1380 commemorationem
1252 1307 1370 1380 mortis

95 1421 125 1480 et
147 1406 407 1480 resurrectionis
434 1429 527 1500 suec,
555 1405 627 1502 ipse
654 1406 815 1504 suscipiet
840 1407 1041 1480 sacrificium
1069 1406 1132 1480 hoo
1158 1431 1198 1482 ex
1215 1408 1369 1484 menibus
1502 1489 1506 1496 ,

93 1507 325 1584 imbecillitatis
352 1519 505 1582 nostrae:
530 1531 595 1606 per
621 1507 763 1603 gretiam
789 1533 884 1582 sunm
910 1519 946 1582 et
970 1509 1204 1584 miserationes
1230 1534 1309 1585 suos
1335 1511 1370 1584 in

94 1612 231 1686 saecule.
283 1611 403 1684 Amen.

162 1713 209 1788 Et
235 1711 470 1812 prosequitur.
523 1711 744 1809 lmponuntur
776 1712 935 1808 mysterio
967 1713 1150 1810 praeclaro,
1186 1724 1300 1788 sancte
1337 1725 1371 1787 ct

94 1815 214 1888 vivifico
247 1839 351 1912 super
384 1814 486 1886 eltnre
513 1813 650 1887 Domini
684 1815 843 1911 potentis,
878 1839 984 1913 usque
1012 1816 1053 1888 nd
1080 1815 1153 1889 eius
1180 1817 1369 1909 adventum,

93 1919 122 1989 in
148 1916 292 1991 seeouln.
346 1916 465 1990 Arnen.

161 2019 289 2094 Lauda.
342 2019 501 2092 llemorin
517 2029 596 2096 ,tun
648 2017 748 2092 Peter
774 2027 899 2092 noster.
935 2017 1084 2116 Apostoli
1106 2017 1225 2092 Petris.
1259 2019 1371 2116 Super

94 2123 188 2196 altere
214 2132 380 2196 sonetum.
427 2121 492 2206 Qui
520 2120 739 2196 dormierunt.
772 2121 953 2194 Methneus.
990 2120 1132 2196 Marcus.
1169 2120 1278 2194 Lucas
1306 2132 1370 2194 ete.

324 2473 528 2548 LlTUllGlA
553 2475 789 2551 onerosum
813 2473 1131 2550 Apostolorum

213 2611 390 2664 courosrre
413 2613 432 2664 e
455 2613 480 2664 s.
498 2613 596 2664 norro
616 2613 655 2664 nr
673 2615 699 2665 s.
718 2613 789 2665 unni
809 2611 1015 2664 onrnurnuuu
1035 2609 1238 2663 nocronrous.

94 2761 155 2834 Vll.
186 2761 328 2835 Accedit
355 2761 522 2836 Sacerdos
556 2765 601 2837 od
633 2763 879 2852 celebrandum,
906 2773 1023 2862 terque
1048 2764 1234 2836 iuoliuotur
1259 2784 1373 2836 corone

189 2865 308 2953 ultori,
336 2867 434 2938 cuius
459 2866 605 2938 medium
628 2866 822 2939 osculetur:
850 2877 920 2938 tum
946 2892 1050 2939 ooruu
1077 2867 1234 2938 dentruru
1259 2873 1292 2935 el
1318 2863 1372 2936 si-

188 2968 349 3055 nistrum,
377 2977 410 3040 et
434 2968 619 3042 inclinetur
640 2969 685 3042 ud
703 2969 775 3067 eius
790 2978 923 3066 portem
940 2968 1187 3042 sublimiorem:
1212 2967 1259 3040 Et
1277 2965 1371 3038 dicit.

164 3117 315 3194 Benedio
340 3119 494 3194 Domine.
547 3121 647 3194 Orate
681 3145 741 3218 pro
776 3145 830 3194 me
857 3120 986 3213 Patres,
1023 3119 1143 3194 lrntres
1177 3128 1211 3191 et
1234 3115 1372 3191 Domini

94 3221 167 3314 mei,
193 3234 232 3294 ut
256 3222 350 3296 Dens
376 3223 432 3294 det
456 3223 540 3296 mihi
567 3223 722 3296 virtutem
750 3234 783 3294 et
808 3222 1076 3320 possibilitatem,
1108 3244 1173 3318 quo
1200 3219 1372 3317 perficiam

93 3323 316 3398 ministerium
350 3323 426 3417 hoc,
461 3325 501 3398 nel
537 3325 624 3423 quod
659 3326 799 3418 necessi,
836 3325 1103 3421 suscipieturquo
1138 3320 1261 3396 oblatio
1289 3321 1372 3394 hoec

93 3447 130 3496 ex
155 3427 312 3500 menibus
340 3426 575 3501 imbecillitatis
602 3450 708 3521 mene,
735 3452 796 3524 pro
823 3451 890 3520 me,
927 3450 987 3523 pro
1015 3425 1120 3518 robis,
1154 3436 1189 3498 et
1212 3448 1273 3521 pro
1300 3432 1370 3496 toto

94 3549 230 3624 corpore
257 3527 429 3603 Ecclesiae
463 3541 596 3604 sonctee
623 3528 825 3622 Catholicae,
859 3553 920 3626 per
946 3528 1086 3624 grotiom
1113 3527 1185 3600 eius
1213 3539 1247 3602 et
1271 3525 1372 3600 miso-

92 3630 236 3703 mtiones
265 3632 338 3704 eins
365 3631 400 3702 in
426 3631 569 3706 soeculo.
621 3633 738 3705 Amen.

163 3732 210 3804 lit
236 3734 451 3830 respondent.
504 3734 657 3808 Christus
683 3733 839 3808 exaudiet
864 3734 1033 3806 orationes
1060 3744 1146 3824 tuos,
1174 3740 1372 3826 gratumque

91 3829 210 3906 hebeot
234 3836 439 3910 sacrificinm
467 3846 576 3910 tuum:
611 3837 773 3933 suscipiet
798 3835 1000 3908 oblationem
1026 3843 1129 3927 tuam,
1163 3833 1372 3928 honoretque

92 3935 317 4009 secerdotium
345 3947 457 4027 tuum3
496 3948 530 4010 et
555 3938 612 4010 det
638 3938 735 4010 nobis
761 3961 822 4034 per
848 3936 1083 4009 mediationem
1110 3946 1214 4028 tuom,
1241 3933 1371 4006 neniam

173 4173 232 4238 Cep.
253 4173 303 4224 tlt.
339 4173 554 4225 llennldotlns
573 4173 619 4224 le.
638 4188 662 4238 p.
673 4172 737 4224 595:
761 4173 827 4225 lleee
844 4174 930 4240 primis
948 4179 1040 4222 tentum
1057 4172 1156 4223 roribus
1174 4169 1330 4230 designentur
1347 4165 1372 4217 in

93 4259 269 4323 resumptis.
306 4257 334 4309 ln
360 4257 433 4308 llisse
456 4258 599 4309 llnlnbnrlon
623 4259 654 4308 ito
679 4257 774 4320 legitur.
810 4259 856 4317 Qui
880 4273 928 4308 non
951 4258 1060 4321 suscepit
1083 4256 1231 4320 Baptismum
1255 4249 1372 4302 discedet.

93 4338 192 4392 Chorus.
218 4343 289 4392 Vere.
319 4343 364 4402 Qut
383 4358 432 4394 non
449 4343 558 4408 suscepit
575 4341 644 4403 illud,
662 4341 778 4392 discedet.
814 4340 943 4392 Sacerdos.
971 4341 1006 4391 lto
1023 4339 1148 4389 audientes
1167 4345 1190 4387 et
1208 4335 1285 4386 ridete
1302 4334 1372 4385 ostie.

93 4421 123 4472 Ee
140 4441 196 4476 reno
214 4427 288 4478 rerba
308 4427 438 4478 lormulem
458 4428 583 4490 interram,
603 4435 629 4478 ut
646 4427 748 4477 menime
766 4427 896 4477 verisimile
914 4434 959 4488 est,
978 4425 1109 4476 continent.

172 4511 232 4578 Cep.
251 4511 314 4562 Vlll.
350 4511 426 4562 llocet
448 4513 550 4578 repetite
569 4512 695 4562 beotorurn
712 4510 884 4576 Apostolorum
903 4507 1110 4570 commemoretlo,
1134 4505 1292 4556 Nestorlnuoe
1310 4519 1373 4570 quo·

94 4604 137 4654 see
151 4597 315 4662 spostolienrn
334 4595 445 4658 liturgico
462 4610 522 4648 enee
540 4596 656 4659 originem
676 4598 810 4647 eeeurettos
829 4596 860 4646 lte
879 4595 1021 4660 explicuere,
1039 4600 1066 4642 nt
1083 4606 1145 4656 queo
1162 4590 1373 4644 edeucherletirm

92 4679 194 4738 mrim
210 4687 365 4746 spectarent,
383 4696 398 4731 e
415 4681 459 4732 SS.
478 4681 607 4734 Theddeeo
627 4690 651 4732 et
667 4681 726 4732 llari
744 4681 841 4732 ssnrieee
860 4679 1015 4732 crediderint.
