3314 5304
873 413 948 514 nlo

269 617 359 708 πρὸς
383 617 442 687 τὸν
467 619 621 706 βασιλέα,
649 611 708 699 οὓς
734 616 893 688 innitenti
914 614 1086 707 ὀργισθεὶς
1106 617 1233 688 κελεύει
1252 617 1313 688 τὸν
1333 616 1430 708 άγιον
1450 625 1559 688 Ano·

269 720 400 810 ρέντιον
420 728 597 812 τυφθῆναι
618 723 783 810 σφοδρῶς,
806 715 880 789 rino
899 722 1068 811 βληθῆναι
1090 721 1126 789 ἐν
1144 728 1186 810 τῇ
1207 727 1339 812 φυλακῇ
1360 722 1395 790 λν
1415 713 1438 812 ᾗ
1459 720 1558 810 μενό-

268 847 370 906 μενος
397 819 472 890 ἰᾶτο
500 819 631 903 πάντας
657 821 734 891 ὅσοι
753 822 842 908 πρὸς
863 818 965 890 αὐτὸν
984 817 1141 912 λφολτων,
1170 813 1198 912 ᾧ
1220 820 1261 890 lto
1282 823 1420 903 ἕκαστος
1440 823 1558 892 κατεί-

269 943 346 1006 κεσο
378 922 552 1013 νοσήματι.
586 922 696 1010 ’Ἀπερ
726 919 744 990 ὁ
772 929 947 1010 τριβοῦνος
972 920 1175 1009 maturisue
1201 923 1347 1010 βλέπων,
1378 921 1397 994 ὁ
1423 926 1485 992 roni
1513 932 1554 1016 τῇ

270 1021 381 1115 εἰρατῇ
401 1021 592 1094 ἐπιστατῶν
613 1023 789 1094 ἐπίστευσε
809 1031 858 1113 τῷ
874 1030 1014 1113 Χριστῷ
1027 1024 1084 1092 καὶ
1100 1023 1303 1114 ἐβαπτίσθη.
1333 1025 1435 1094 Μετὰ
1449 1033 1554 1095 τοῦτο

267 1125 311 1193 δὲ
332 1123 540 1214 παρίσταται
559 1123 578 1194 ὁ
601 1123 697 1214 ἅγιος
709 1126 922 1214 Λαυρέντιος
942 1133 990 1215 τῷ
1011 1127 1146 1210 βασιλεῖ
1166 1126 1224 1194 καὶ
1243 1127 1287 1214 μὴ
1311 1125 1472 1208 πεισθεὶς
1484 1125 1555 1196 θά-

267 1249 330 1296 nno
350 1233 423 1308 τοῖς
444 1225 598 1307 εἰδώλοις
619 1225 680 1295 ἐπὶ
700 1225 843 1315 ἐσχάρας
860 1223 1037 1310 άπλοῦται,
1058 1224 1213 1296 κάτωθεν
1226 1224 1469 1318 άφαπτομένοο
1483 1254 1554 1296 πυ·

267 1324 340 1413 ρός.
382 1327 454 1398 Καὶ
472 1327 509 1397 ἐν
530 1325 622 1417 αὐτῷ
642 1335 690 1416 τῶ
714 1332 790 1415 Θεῷ
812 1325 1051 1418 εὐχαριστήσας
1072 1325 1181 1419 ἀφῆκε
1200 1327 1239 1396 τὸ
1261 1335 1396 1415 πνεῦμα
1413 1327 1472 1398 καὶ
1492 1355 1553 1419 κη·
1655 1335 1656 1412 i

270 1425 365 1509 άελας
384 1435 446 1518 τῆς
465 1427 688 1519 ὀφειλομένης
708 1428 803 1518 παρὰ
823 1435 883 1498 τοῦ
902 1427 1104 1498 Ἱππολύτου
1128 1427 1301 1516 τυγχάνει).
1655 1425 1656 1450 ²

356 1535 409 1598 111.
432 1535 696 1610 Horologium,
717 1527 968 1619 Ὡρολόγιυν,
984 1537 1071 1598 [iuss.
1084 1535 1553 1611 Tsohnssownik,eontinetflo·

271 1655 321 1698 ros
344 1637 522 1709 cononicus,
553 1637 651 1716 quood
674 1637 712 1698 nd
733 1646 828 1700 suns
850 1656 957 1718 pronos
979 1648 1011 1700 et
1030 1636 1175 1699 formulas
1197 1636 1243 1698 vel
1265 1647 1298 1700 nt
1319 1637 1451 1699 Romanu
1473 1657 1550 1701 rone

271 1748 347 1810 ntur,
369 1737 503 1800 ollieinm
526 1737 748 1800 Hebdomadas.
786 1738 850 1801 [luo
874 1739 905 1800 in
928 1747 1069 1820 prompto
1092 1748 1163 1802 snnt
1183 1739 1374 1818 exemplario.
1410 1741 1548 1802 Alterum

270 1839 433 1902 uetustius:
457 1831 649 1922 Ὡραλάγιον
673 1834 793 1903 νεωστὶ
817 1835 1064 1920 μετατυπωθὲν
1082 1835 1141 1903 καὶ
1161 1834 1331 1922 ἐπιμελῶς
1351 1836 1552 1922 διορθωθὲν

267 1935 354 2020 μετὰ
374 1934 570 2018 πασχαλίιυν
589 1931 673 2004 ἔτιον
693 1932 727 2022 μ’
749 1935 807 2004 καὶ
828 1934 1071 2024 συνταγματίου
1090 1936 1182 2016 τινὸς
1202 1937 1283 2024 περὶ
1302 1943 1368 2003 τῶν
1388 1944 1551 2026 νηστειῶν

268 2043 329 2106 τοῦ
356 2035 437 2106 ὅλου
465 2035 630 2119 ἐνιαυτοῦ,
658 2042 783 2106 ultorum
812 2044 980 2106 recentius:
1007 2035 1199 2125 Ὡρολόγιον
1225 2038 1265 2105 τὸ
1285 2038 1372 2125 μέγα
1391 2036 1550 2124 περίιχον

269 2135 408 2207 άπαοαν
428 2139 488 2226 τὴν
509 2135 695 2228 ἀνήκουσαν
715 2135 807 2226 αὐτῷ
828 2135 1033 2208 ἀκολουθίαν
1055 2139 1142 2224 μετὰ
1161 2137 1354 2229 προςθήκρς
1374 2145 1435 2207 τοῦ
1456 2139 1551 2226 inponi

159 2239 163 2246 “
268 2237 448 2324 συμβόλου,
476 2237 672 2324 πασχαλίιον
696 2237 753 2324 ptri
775 2239 834 2308 καὶ
853 2233 963 2308 illos
984 2249 1083 2309 τινῶν
1101 2237 1282 2330 χρησίμων.
1325 2247 1427 2308 Venet.
1453 2249 1548 2312 1832.

269 2345 303 2406 ln
327 2355 453 2426 utroque
475 2347 553 2409 libro
576 2347 776 2408 annectuntur
795 2347 879 2408 horis
896 2348 1034 2410 Coronos
1055 2347 1227 2427 paroeletiei
1251 2348 1282 2409 in
1296 2348 1331 2408 Β.
1348 2347 1501 2426 Virginem
1516 2358 1548 2412 et

268 2446 412 2525 Angelum
435 2447 597 2510 Custodem
620 2457 650 2508 et
672 2447 899 2526 depreoutorins
932 2448 962 2512 in
986 2467 1091 2510 omnes
1113 2450 1242 2525 Angelos
1265 2455 1294 2510 el
1317 2450 1455 2524 Sounion,
1489 2450 1547 2513 Co·

267 2545 446 2620 lendnriunr,
470 2549 570 2627 Cyrilli
591 2547 783 2610 Alexandrini
805 2549 902 2611 oratio
926 2551 963 2612 do
985 2549 1066 2612 exilu
1086 2550 1204 2612 enimse
1224 2557 1256 2612 ot
1275 2548 1313 2610 de
1335 2550 1469 2612 secundo
1491 2550 1547 2610 nri-

268 2657 368 2722 rentu,
391 2649 555 2730 Nicephori
576 2649 613 2712 de
630 2649 752 2712 ieiuniis
768 2651 949 2717 Groeoorurn
974 2651 1158 2724 tractululns,
1180 2651 1281 2730 lingue
1304 2669 1408 2712 eorum
1429 2651 1546 2729 vuigoni

268 2749 460 2830 oonsnriptuo
483 2758 513 2812 ot
535 2750 626 2812 multo
649 2750 717 2813 olio.
751 2752 945 2830 Horologium
968 2753 1068 2815 minus
1090 2773 1115 2815 s.
1139 2744 1418 2836 ῶρολομόπουλον
1439 2771 1456 2813 ι
1478 2771 1545 2814 mn-

267 2850 327 2914 iori
350 2863 513 2914 entrnnmm
535 2861 591 2924 est,
612 2851 740 2914 monime
762 2853 934 2916 nonosssrio
951 2855 1155 2917 tantummodo
1171 2854 1341 2928 continens,
1364 2853 1402 2915 ud
1419 2864 1543 2934 portan-

269 2952 339 3016 dum
361 2952 457 3030 msgis
472 2952 626 3016 idoneum.
1169 3007 1173 3018 .
1236 2965 1239 2972 '

352 3054 401 3116 lV.
437 3054 634 3135 Typinnm,
666 3049 869 3131 Τυπικόν,
899 3075 1008 3118 nomen
1036 3056 1149 3118 hubent
1170 3073 1186 3118 ι
1208 3047 1317 3131 τάπος
1337 3057 1425 3136 quusi
1446 3059 1542 3120 iormr

267 3155 318 3230 sit,
346 3173 450 3218 norma
477 3165 509 3218 et
527 3157 639 3235 regule,
668 3157 743 3219 ordo
766 3157 912 3220 renitendi
934 3156 1078 3220 oilioium.
1121 3157 1214 3220 ineo
1238 3177 1254 3220 ι
1275 3157 1375 3237 primo
1399 3157 1448 3221 dis
1471 3159 1541 3220 unni

266 3255 395 3336 singulis
418 3255 534 3330 diebus,
558 3257 630 3336 qnid
651 3257 732 3320 inter
752 3259 911 3321 Missurum
934 3258 1102 3332 sollemnis,
1124 3259 1195 3338 quid
1218 3260 1255 3322 nd
1279 3260 1435 3339 vesperas,
1470 3261 1541 3340 quid

266 3357 432 3432 utiliores,
455 3358 528 3438 qnid
551 3357 797 3434 odilmannum,
831 3361 902 3440 qnid
931 3361 1061 3440 denique
1090 3359 1128 3421 od
1156 3360 1271 3442 reliquo
1299 3360 1401 3422 divine
1431 3361 1540 3434 officia,

266 3457 331 3524 sire
357 3458 424 3522 dios
452 3459 498 3520 illi
525 3459 646 3522 lorinles
674 3469 746 3529 sunt
773 3463 836 3526 sire
869 3461 939 3524 losti
961 3461 1159 3535 renitendum,
1187 3462 1257 3542 qnid
1280 3461 1471 3542 psallendum
1492 3472 1542 3524 ont

266 3559 426 3637 legendum
448 3560 497 3634 sit,
520 3560 629 3640 quibus
652 3560 758 3624 diebus
780 3563 983 3636 ieiunorium,
1005 3563 1115 3645 quibus
1138 3573 1170 3624 et
1191 3563 1341 3644 quomodo
1364 3560 1541 3626 solvendum

267 3659 412 3724 ieiunium
431 3660 529 3739 ,longe
558 3681 592 3724 no
621 3664 686 3724 inse
708 3664 936 3742 praescribitur.
980 3664 1059 3726 Olim
1080 3665 1217 3744 singulae
1240 3663 1421 3726 Graecorum
1445 3665 1540 3727 eonio·

266 3761 330 3824 siue
352 3781 388 3824 oo
410 3762 600 3842 potissimum
622 3763 839 3844 patriarchales
862 3763 1042 3846 peculiarem
1070 3763 1129 3828 sihi
1151 3767 1273 3828 modum
1296 3765 1327 3826 in
1350 3765 1442 3826 rebus
1464 3765 1539 3827 diri·

266 3861 315 3926 nis
329 3863 510 3944 peragendis
525 3865 583 3927 sibi
598 3865 874 3946 praescripserunt:
902 3875 1008 3946 posteo
1024 3867 1085 3942 ille,
1108 3866 1158 3948 qni
1173 3867 1206 3930 S.
1222 3865 1339 3930 sabone
1354 3867 1451 3928 luisse
1464 3868 1540 3930 dioi-

267 3973 315 4026 tur
342 3965 387 4026 uti
414 3965 522 4028 melior
550 3966 628 4047 opud
652 3985 757 4028 onrnos
780 3967 911 4030 Grneoos
933 3967 1067 4030 involuit.
1111 3968 1208 4030 Vnriis
1230 3976 1277 4030 est
1294 3967 1469 4032 distinctum
1484 3988 1539 4050 pro

265 4065 409 4130 maistins
431 4066 573 4132 varietate
596 4067 757 4147 capitibus.
798 4068 977 4152 Plemmque
999 4070 1030 4132 in
1052 4070 1112 4131 hoe
1133 4069 1210 4132 libro
1226 4069 1434 4132 eontinentur:
1458 4069 1538 4134 Ordo

264 4166 413 4229 renilnndi
442 4167 574 4230 ollioinm
604 4187 658 4249 por
686 4179 779 4232 tolum
808 4189 918 4234 annum
947 4189 982 4234 en
1010 4171 1075 4248 lege
1104 4170 1201 4234 saneti
1228 4170 1347 4235 Sabinae
1376 4188 1466 4252 cepp.
1488 4173 1541 4236 59.

265 4269 439 4348 Sequuntur
460 4269 551 4332 lloroi
574 4270 807 4333 Hieromonnohi
829 4273 867 4334 do
891 4272 991 4334 dubiis
1004 4271 1126 4352 Typiois
1148 4271 1246 4353 cupito
1269 4281 1397 4346 eentum.
1419 4271 1539 4336 Niooloi

263 4369 455 4434 Potrisrohne
483 4373 638 4434 Constant
666 4371 703 4432 od
732 4373 922 4434 Anastasium
944 4373 1054 4436 Montis
1077 4373 1328 4438 similitunem
1356 4373 1393 4436 de
1414 4375 1541 4436 Ieiuniis

265 4470 447 4534 Gronoornm
483 4472 615 4534 norminn
643 4471 772 4552 poetico.
815 4473 888 4536 Indo
916 4473 1015 4538 loonm
1044 4475 1160 4538 hahent
1180 4473 1343 4538 minutiore
1375 4475 1539 4555 quaedam:

265 4571 303 4634 rie
324 4571 503 4647 Artzibnrio,
526 4573 563 4635 de
586 4573 671 4636 leriis
686 4573 910 4648 Monnohorum,
933 4575 971 4638 de
993 4576 1176 4640 continenlie
1198 4586 1227 4639 et
1248 4575 1388 4656 ingluvie,
1412 4576 1449 4638 de
1465 4596 1540 4657 quo·

265 4681 333 4736 inor
354 4671 554 4753 Evangelistis
577 4685 635 4740 eto.
678 4675 784 4738 Finem
813 4677 928 4740 leniunt
953 4677 1073 4758 ..sopita
1098 4677 1285 4742 odhortrtira
1307 4677 1345 4742 ad
1366 4677 1544 4742 virtulem“.
