3388 5304
199 613 277 684 To&
300 606 531 704 παραδείσου
556 607 752 706 πολίτην
733 638 797 688 και
785 609 982 714 γεωργὸν
998 611 1069 694 κατ
1069 607 1222 708 ’ἀρχάς
1237 637 1284 706 με
1301 613 1386 686 ἔτα-

111 715 187 796 ξας.
224 707 468 810 Παραβάντα
494 709 600 787 δε
557 738 631 812 την
656 711 727 808 σὴν
751 703 905 841 ἐντολὴν
928 713 1108 816 ἐξορίσας,
1135 712 1195 789 διὸ
1220 711 1306 828 τὴνΙ
1315 712 1386 790 τοῦ

110 808 251 888 δούλου
278 833 347 888 σου
373 811 513 912 ψυχὴν,
540 819 687 912 Σιιῖτερ,
714 810 948 891 ἀνάπαυσον.

620 943 844 1016 ..Θεοτόκιον
946 982 949 991 =

190 1047 275 1126 ’οἐ
275 1077 299 1124 κ
324 1057 484 1146 πλευρᾶς
509 987 718 1135 διαπλάσας
743 1053 849 1127 Εὔαν
874 1050 917 1127 τδ
943 1013 1046 1150 πρὶν
1057 1047 1173 1148 τδν’
1151 1059 1261 1148 ημιάν
1291 1041 1385 1179 προ-

109 1145 256 1248 μήτορα
282 1152 365 1236 λζ’
345 1149 534 1284 αχράντου
561 1175 630 1227 σου
654 1152 796 1282 γαστρὸ
798 1150 953 1251 ςσάρκα
973 1149 1244 1254 περιβάλλεται,
1270 1145 1366 1229 δι’
1342 1181 1385 1250 ης

107 1259 179 1327 τοῦ
202 1250 380 1329 θανάτου
404 1247 474 1351 τὴν
499 1252 672 1348 ἶσχον,
649 1253 775 1355 αγνὴ,
772 1253 971 1416 διέλυσεν
1053 1279 1077 1310 ν·
1152 1291 1166 1315 ἰ
1219 1301 1222 1312 ·
1278 1307 1284 1316 ·

445 1377 449 1390 ¹
612 1382 727 1475 Ὠὶδὴ
751 1383 907 1480 τρίτη.’Ι

194 1487 376 1586 Νομίμως
389 1489 613 1587 ἥθλησαν
578 1519 612 1565 οι
628 1489 687 1564 σοῖ
701 1488 899 1618 μάρτυρες,
927 1486 1121 1583 ζωοδότα,
1131 1491 1195 1567 καὶ
1210 1481 1384 1590 στεφάνῳ

107 1599 175 1688 τῆς
206 1589 310 1688 νίκης
341 1591 592 1687 κοσμηθέντες
616 1591 770 1678 ἐκτενως
794 1601 860 1692 τῷ
866 1589 1118 1719 μεταστάντι
1127 1601 1267 1688 πιστῶς
1293 1597 1384 1668 αλω-

107 1692 198 1768 νίαν
223 1689 409 1820 λύτρωσιν
433 1689 703 1822 βραβεύουσα.
858 1703 904 1732 “
961 1727 986 1734 ·“
1076 1705 1092 1733 ·
1113 1701 1194 1736 ““·“
1243 1681 1291 1740 '²

193 1789 411 1879 Παιδεάσας
436 1791 617 1893 πρότερον
641 1799 789 1880 πολλοῖς
811 1795 939 1928 τέρασι
963 1795 1028 1871 καῖ
1054 1794 1216 1892 σημείοις
1234 1793 1353 1890 ἐμὲ
1316 1805 1385 1873 τάν

107 1893 351 1993 πλανηθέντα
377 1896 433 1970 ἐπ’
463 1898 622 1992 ἔσχατον
623 1896 842 1973 σε’·αυτδν
808 1894 994 2027 ιιενιιίσας,
999 1895 1073 2036 οῖς
1084 1897 1302 2040 συμπάθὴς
1319 1895 1384 1972 καί

109 1995 336 2125 ζητήσας“
293 2026 396 2096 ευρες
420 2027 484 2073 και
471 1996 708 2082 διέσωσας.

187 2095 368 2176 Ῥεάντων
401 2101 568 2175 ἄστατον
600 2097 772 2197 φθορὰν,
806 2098 874 2175 τὸν
901 2098 1016 2199 ’πρὸς
1031 2099 1071 2176 σί
1091 2095 1322 2197 διαβάντα,
1342 2099 1384 2174 ἐν

108 2207 263 2298 σκηναῖς
288 2198 454 2286 αἰωνίοις
478 2206 663 2277 κατοικεῖν
684 2207 956 2323 χαρμονικαῖς,
952 2202 1126 2288 ἀξίωσον
1152 2198 1320 2338 ἀγαθὸς
1316 2195 1384 2275 δι’

106 2299 274 2389 καιαίσας
297 2301 416 2377 πίστει
435 2304 569 2378 τεκαὶ
593 2300 729 2400 χάριτι.

652 2429 842 2527 Θεοτόκιον.
881 2409 935 2520 ,δ’
961 2433 965 2442 ’

196 2539 321 2615 οὐκ’
308 2545 412 2615 ἐστιν
443 2540 634 2636 ἄμεμπτος
666 2568 717 2623 ως
750 2538 811 2628 σὺ,
846 2514 1030 2668 πάναγνε
1003 2512 1336 2638 θεομητορ,
1285 2513 1383 2667 μονηΙ

104 2639 182 2743 γὰρ
216 2644 255 2725 ἐξ
285 2645 422 2730 αἰῶνος
451 2640 521 2717 τὸν
551 2640 656 2716 Θεὸν
676 2639 744 2716 τὸν
778 2641 903 2739 ἀληθῆ
937 2642 1137 2762 συνίλρηθες
1169 2646 1210 2717 ἐν
1216 2639 1383 2744 γαστρί,

105 2751 178 2818 τοῦ
205 2739 380 2818 θανάτου
406 2740 573 2852 λύσαντα
596 2742 666 2838 τὴν
694 2739 871 2836 δύναμιν.

635 2871 673 2943 Ὁ
695 2872 859 2956 διάκονος.

186 2978 261 3052 Ἔτι
287 2975 351 3054 καὶ
376 2980 439 3052 ἔτι.
468 2977 566 3052 Καὶ
590 2977 638 3053 τὰ
664 2975 784 3052 λοιπά.

1072 2414 1076 2422 ’
1141 2413 1171 2444 ,λ’
1220 2415 1267 2446 *N
1303 2411 1356 2447 *¹16¹*

423 3127 496 3196 Καί
514 3127 600 3214 μετὰ
622 3153 681 3216 την
703 3124 888 3218 ίκφδνησιν
908 3125 1074 3215 καθίσμα.

183 3215 355 3328 Ἀληθῶς
373 3228 589 3360 ματαιότης
623 3232 670 3309 τὰ
703 3228 917 3326 σύμπαντα.
963 3229 1074 3309 Ὁδε
1098 3228 1183 3328 βίος
1209 3254 1293 3311 σκια
1319 3230 1383 3324 καί

105 3328 297 3423 ἐνύπνιον,
323 3331 387 3409 καί
411 3332 486 3462 γὰρ
510 3332 634 3431 μάτην
659 3330 879 3429 ταράττεται
904 3342 977 3418 πᾶς
1049 3332 1196 3460 μενὴς,
1207 3331 1257 3416 ιάς
1281 3308 1382 3410 εἶπεν.

104 3432 297 3562 ἡγραφη.
312 3433 399 3512 Ὅτε
425 3435 494 3510 τὸν
517 3434 661 3532 κόσμον
685 3432 936 3536 κερδήσωμεν,
961 3362 1049 3512 τάίῖ
1069 3441 1124 3532 τηῖ
1149 3429 1260 3532 τάφῳ
1281 3431 1383 3531 οἰκή-

107 3563 248 3634 σωμεν,
275 3536 368 3612 ὅπου
396 3535 492 3632 ὁμοῦ
517 3539 683 3634 βασιλεῖς
707 3537 771 3614 καὶ
792 3537 944 3633 πτωχοί.
971 3537 1053 3626 Διά,
1084 3533 1255 3664 ΧριστεΗ
1238 3566 1258 3610 ο
1282 3536 1382 3628 Θεὸς,

105 3639 174 3716 τὸν
199 3635 438 3736 μεταστάντα
465 3637 603 3720 δοῦλόν
630 3665 699 3715 σου
725 3636 961 3732 ἀνάπαυσον,
989 3638 1039 3724 ὥς
1064 3635 1345 3738 φιλάνθρωπος.

447 3771 579 3859 Δόξα
612 3773 687 3848 Καὶ
710 3783 800 3850 νῦν
849 3785 1039 3858 Θιοτόκιοι.

191 3888 374 3993 Παναγία
403 3892 566 3982 Θεοτόκε,
591 3892 660 3967 τὸν
682 3888 823 3990 χρόνον
847 3901 912 3990 τῆς
913 3892 1055 3989 ζωῆς
1055 3919 1132 3987 μου
1156 3890 1208 3988 μὴ
1225 3894 1383 4020 ἐγηατα·

105 3991 214 4123 λίπης
237 4021 297 4089 με,
324 3991 550 4090 ἀνθρωπίνη
575 3993 797 4089 προστασία,
824 3995 875 4091 μὴ
892 3989 1185 4090 καταπιστεάσης
1201 4019 1259 4086 με.
1279 3991 1377 4066 Ἀλλ

106 4093 203 4194 αάτὴ
230 4095 437 4193 ἀντιλαβοιῖ
462 4093 525 4169 καὶ
551 4093 702 4192 ἐλέησόν
722 4124 780 4193 με

611 4239 704 4333 Ὠιδη
727 4242 877 4336 τετάρτη.

189 4343 342 4444 Σοφιας
380 4343 549 4446 μείζονος
583 4344 767 4423 δεικνύων
797 4343 1024 4476 γνοίρισαα
1026 4347 1091 4423 καί
1121 4351 1186 4442 τῆς
1218 4342 1301 4438 περὶ
1332 4338 1381 4421 τδι

105 4447 214 4577 δῶρα
239 4457 472 4539 πολυτελοῦς,
499 4447 672 4537 δέσποτα,
695 4446 955 4546 χρηστότητος,
982 4449 1048 4534 τὰς
1073 4455 1150 4522 τῶν
1175 4441 1381 4547 μαρτύρων

101 4549 254 4653 χορείας
278 4556 355 4634 τοῖς
381 4551 430 4654 ἀγ
455 4551 548 4638 ἕλοις
573 4551 869 4648 συνηρίθμησας.
1015 4631 1016 4636 1

182 4649 391 4751 Ἀχράντου
443 4650 525 4750 όξης
551 4676 620 4728 σου
645 4659 772 4750 τυχεῖν
805 4652 966 4739 ἀξίωσον
991 4650 1059 4728 τὸν
1084 4647 1176 4750 πρὸς
1202 4645 1241 4724 σε
1267 4617 1382 4746 μετοι-
