3368 5308
912 398 986 472 526

365 571 447 648 Εἶτα
468 578 507 648 τὸ
528 575 746 669 προκείμενον
767 585 827 648 τοῦ
849 573 1054 648 άποστάλου.
1092 569 1194 664 Ἦχος
1213 577 1356 668 πλάγιος
1375 579 1563 670 τέταρτος.

346 683 601 780 ΙἸῦθηκαςέ
585 681 644 758 ἐπὶ
678 681 747 779 τὴν
781 680 947 781 κεφαλὴν
982 683 1111 759 αῦτιῦν
1146 681 1356 782 στεφάνους
1390 687 1432 760 ἐκ
1464 685 1586 762 λίθων

309 782 498 880 τιμίων.Ι
1324 837 1331 852 -

330 885 551 984 Ζωὴν’
532 879 719 982 ῃτὴσαντά
745 910 797 975 σε,
823 913 887 960 και
874 882 1055 969 ’έῦωκας
1080 884 1216 970 αὐτοῖς.

816 1029 1077 1134 Ὁάπόστολος.

393 1137 489 1226 Πρὸς
505 1133 681 1227 Ἐφεσίους
702 1133 883 1224 έπιστσλῆς
901 1125 1098 1206 Παύλου
1062 1161 1102 1204 το
1124 1131 1333 1226 ἀνάγνωσμα.

361 1239 573 1370 Ἀδελφοί·
602 1241 847 1338 εὐχαριστεῖτε
872 1237 1032 1316 πάντοτε
1057 1238 1149 1339 ὑπὲρ
1170 1238 1337 1332 πάντων,
1363 1243 1405 1318 έν
1429 1237 1586 1337 ιἰνάματι

309 1351 379 1420 τοῦ
403 1343 547 1441 Κυρίου
577 1342 690 1440 ἡμῶν
707 1343 830 1438 Ἰησοῦ
855 1346 1037 1440 Χριστοῦ,
1070 1351 1125 1441 τῷ
1155 1345 1234 1442 Θεῷ
1265 1342 1329 1417 καὶ
1361 1344 1502 1441 πατρὶ,
1530 1359 1586 1426 καὶ

308 1458 390 1528 τὰε
431 1484 459 1540 ς.

377 1455 598 1643 ’ξίῆλλὴν
535 1545 600 1620 καὶ
630 1541 737 1642 ὑμεῖς
766 1543 803 1620 οἱ
834 1543 975 1620 κα*θ
959 1545 1025 1620 ε’να
1061 1546 1213 1630 ἕκαστος
1244 1544 1373 1641 τὴν*
1354 1553 1493 1621 εαυτοῦ
1518 1573 1585 1648 γυ-

297 1653 421 1724 ναῖκα
447 1646 565 1732 οὕτως
591 1643 773 1775 ἀγαπάτω
799 1674 850 1729 ως
875 1643 1022 1722 ἑαυτόν.
1058 1645 1109 1721 Ἡ
1129 1645 1170 1721 δέ
1194 1645 1306 1748 γυνὴ,
1331 1647 1404 1723 ἵνα
1419 1646 1584 1748 φοβῆται

308 1749 378 1826 τὸν
402 1749 537 1848 ἄνδρα.
557 1745 783 1846 Ἀλληλοῦϊα.
815 1754 916 1846 Ἠχος
935 1759 1080 1876 πλάγιος
1100 1768 1245 1879 πρῶτος.

393 1851 469 1943 Σῦ,
496 1847 623 1978 K6616,
651 1847 878 1948 φυλάξαις’
857 1857 956 1947 ημᾶς
979 1878 1045 1924 και
1032 1848 1321 1949 διατηρήσαις.

392 1953 621 2080 Εῦαγγέλιον
647 1955 687 2027 ἐκ
711 1958 780 2026 τοῦ
805 1950 902 2026 κατὰ
920 1948 1111 2082 Ἰωάννην
1129 1955 1187 2048 (lo.
1215 1955 1390 2042 c.2,1--
1394 1955 1468 2046 11).

395 2051 464 2130 Τά·
490 2083 610 2152 καιρῳ
636 2053 772 2150 ἐκείνῳ
789 2049 910 2154 γάμος
931 2051 1072 2183 ἐγένετο
1096 2056 1138 2130 έν
1147 2061 1265 2182 Κανᾷ
1286 2062 1352 2150 τῆς
1369 2054 1582 2142 Γαλιλαίας,

306 2156 371 2232 καὶ
402 2151 450 2252 ἦν
480 2155 504 2253 6
537 2155 658 2254 μητὴρ
690 2162 759 2230 τοῦ
778 2156 948 2251 Ἰησοῦ
933 2160 1015 2230 εκεῖ.
1048 2152 1212 2252 Ἐκλήθη
1245 2154 1287 2231 66
1312 2156 1377 2250 καί
1403 2154 1424 2229 6
1443 2155 1580 2262 Ἰησοῦς

307 2257 372 2333 καὶ
398 2258 433 2335 οἱ
458 2257 632 2354 μαθηταὶ
657 2256 777 2333 αὐτοῦ
802 2261 853 2340 ελς
877 2255 945 2332 τὸν
968 2253 1102 2356 γάμον
1119 2267 1195 2332 κτλ.
1303 2353 1306 2362 λ

827 2386 866 2456 ‘0
887 2386 1053 2470 διάκονος.

393 2499 566 2590 Ε’ίπωμεν
591 2491 727 2578 πάντες
751 2496 790 2579 ἐξ
815 2491 899 2590 ὅλης
923 2501 988 2589 τῆς
1011 2501 1146 2591 φυχῆς.
1359 2567 1361 2576 ,

390 2592 504 2693 Κύριε
529 2591 745 2723 παγκράτορ
772 2594 792 2669 6
822 2593 909 2679 θεὸς
933 2603 1010 2670 τιῦν
1036 2596 1208 2691 πατέρων
1231 2593 1350 2722 ίγμιῦν.

383 2695 598 2793 Ἐλέησον
576 2696 720 2793 ημᾶςὸ
751 2695 838 2780 θεὸς
861 2695 957 2771 κατὰ
984 2695 1028 2772 τὸ
1052 2697 1148 2798 μέγα
1174 2697 1271 2782 ἔλεος
1296 2720 1376 2771 σου.

383 2800 459 2875 Ἔτι
492 2796 714 2925 διάμεθα*
693 2797 784 2897 νπὲρ
811 2799 931 2883 ἐλέους
958 2797 1065 2896 ζωῆς,
1098 2793 1255 2898 εἰρήνης,
1290 2795 1431 2898 ὑγείας,
1466 2821 1578 2891 σωτη-

307 2900 401 3001 ρίας,
433 2901 664 2998 ἐπισκέψεως.

379 3016 463 3085 K'a6
480 3013 679 3108 μνημονεύει
700 3006 745 3082 ὧν
760 3013 868 3084 θέλει.

724 3143 849 3220 Εἶτα*
831 3176 850 3219 ο
873 3146 979 3239 ἱερεὺς
1001 3146 1168 3240 ἔκφοίνως.

378 3256 464 3333 *Ότι
497 3250 660 3352 ἐλεήμων
692 3254 755 3330 καὶ
789 3251 1060 3353 φιλάνθρωπος
1087 3250 1231 3336 Θεὸς
1208 3248 1398 3352 υπάρχεις,
1435 3251 1500 3326 καὶ
1523 3249 1577 3325 σοὶ

305 3357 374 3455 τὴν
399 3355 561 3442 δόξαν’
541 3357 821 3484 αναπέμηομεν,
846 3364 901 3454 τῷ
919 3356 1045 3454 πατρὶ,
1070 3354 1135 3431 καὶ
1152 3361 1205 3452 τῷ
1222 3354 1307 3452 υἱῷ,
1332 3353 1397 3428 καὶ
1413 3361 1469 3451 τῷ
1481 3351 1575 3484 άγίφ

306 3456 508 3587 τινεάματι,
545 3467 618 3536 νῦν
652 3458 716 3534 καὶ
752 3457 821 3547 αεὶ,
853 3456 918 3532 καὶ
953 3463 1005 3542 εἰς
1037 3457 1126 3544 τοὺς
1149 3460 1290 3542 αίῦνας
1314 3464 1393 3533 τῶν
1419 3452 1575 3532 αλιίνων.

301 3557 430 3658 Ἀμήν

784 3648 909 3726 Εἶτα*
890 3683 910 3726 ο
932 3653 1095 3738 διάκονος.

395 3767 471 3837 Τοῦ
495 3758 639 3860 Κυρίου
664 3759 874 3859 oen-9066.

724 3907 834 3980 Καὶ*
816 3936 835 3979 ο
858 3907 965 4000 ίερεῦς
984 3909 1043 4000 τὴν
1065 3904 1171 3997 εὐχήν.

388 4010 560 4144 K6616,‘
543 4045 562 4090 ο
592 4014 724 4099 (λοῦς’
703 4013 873 4112 ημῶν,ὃ
853 4018 941 4090 οέν
965 4023 1012 4111 τῇ
1029 4010 1265 4142 σωτηριυίῦει
1290 4038 1359 4087 σου
1386 4009 1572 4108 οἰκονομίᾳ

305 4112 537 4202 καταξιιίσας
569 4119 611 4192 ἐν
643 4122 753 4216 Κανᾷ
784 4125 849 4213 τῆς
883 4114 1095 4205 Γαλιλαίας,
1128 4115 1266 4216 τίμιον
1288 4111 1572 4198 άναάεῖξαιὸν
1514 4139 1572 4186 τν

304 4218 460 4348 γάμον
462 4217 527 4294 διὰ
559 4226 625 4315 τῆς
650 4226 716 4315 σῆς
726 4217 960 4348 παρουσίας,
987 4215 1100 4302 αῦτὸς
1124 4215 1188 4292 καὶ
1212 4223 1286 4292 νῦν
1310 4215 1399 4299 τοὺς
1424 4211 1573 4294 ῦοῦλοις

306 4345 388 4411 σου,
422 4320 490 4396 τὸν
522 4318 641 4408 δεῖνα,
675 4318 737 4396 καὶ
762 4320 832 4416 τὴν
858 4319 977 4410 ῦεῖνα,
1012 4319 1077 4404 οῦς
1102 4314 1305 4414 εὐδόκησας
1330 4319 1571 4415 συνοφθῆναι

307 4420 488 4518 ἀλλήλοις,
514 4425 556 4497 ἐν
582 4418 706 4517 εἰρήνῃ
732 4422 796 4496 καὶ
801 4419 978 4550 ὁμονοίᾳ
1004 4417 1247 4548 διαφύλαξον
1294 4417 1428 4514 Τίμιον
1455 4417 1573 4497 αὐτοῖς

306 4522 372 4598 τὸν
397 4521 522 4624 γάμον
548 4521 813 4613 ἂνάῦειξον,’
792 4523 979 4613 αμίαντον
1005 4525 1133 4599 αῦτιῦν
1157 4520 1226 4618 τὴν
1251 4519 1379 4618 κοίτην
1405 4515 1572 4614 διατήρη-

307 4648 388 4714 σον,
415 4623 647 4723 σἰκηλίδωτον
674 4627 803 4702 αῦτων
828 4625 897 4722 τὴν
920 4625 1134 4726 συμβίωσιν
1151 4621 1340 4720 διαμεῖναι
1358 4617 1570 4718 εῦδάκησσν·
