3314 5304
88 627 150 690 τῶν
175 626 331 714 πονηρῶν
351 617 542 708 Δαιμόνων,
570 617 656 691 άλλὶι
682 621 973 711 παραλαβέτωοαν
1001 619 1104 713 αάτήν
1118 616 1273 712 Ἅγγελοί
1299 645 1361 694 σου

90 723 226 814 φαιόροὶ
246 723 305 792 καὶ
326 720 497 813 φωτεινοί.
531 723 603 804 Δὸς
625 721 726 806 δόξαν
746 729 795 814 τῷ
815 719 958 810 ὀνόματί
977 747 1037 792 σου
1059 728 1107 815 τῷ
1127 721 1222 815 άγίφ,
1243 725 1301 795 καὶ
1321 733 1362 817 τῇ

89 831 126 915 οῇ
146 821 286 910 δυνάμει
308 820 454 912 άνάγαγέ
474 847 517 910 με
538 822 589 906 εὶς
608 825 648 893 τὸ
670 821 769 894 θεῖόν
789 847 851 894 σου
864 830 968 915 βῆμα.
990 821 1042 892 Ἐν
1056 832 1104 917 τῷ
1117 824 1296 915 κρίνεσθαί
1307 853 1360 914 με,

87 923 342 1016 μηζιιαταλάβοι
368 951 412 1012 με
440 921 461 1016 ἡ
488 925 559 1015 χεὶρ
587 932 648 994 τοῦ
678 918 836 1016 άρχοντος
855 933 916 994 τοῦ
936 922 1077 1014 Κόσμου
1098 925 1229 1009 τούτου,
1252 924 1301 1008 εὶς
1321 925 1361 996 τὸ

87 1023 299 1096 καταστᾶσαί
318 1051 361 1112 με
381 1025 440 1095 τὸν
460 1021 658 1116 ἁμαρτωλὸν
680 1025 729 1108 είς
747 1027 858 1114 βυθὸν
872 1025 1002 1097 Ἅιδου.
1038 1023 1141 1099 Ἀλλὰ
1161 1023 1364 1119 παράστηθί

88 1153 153 1214 μοι,
172 1128 231 1197 καὶ
251 1133 348 1216 γενοῦ
368 1152 430 1214 μοι
450 1127 560 1218 σωτὴρ
581 1127 640 1196 καὶ
660 1124 889 1218 άντιλήπτωρ·
912 1125 949 1198 αὶ
970 1128 1032 1218 γάρ
1055 1130 1244 1216 σωματικαὶ
1261 1121 1363 1199 αὗται

89 1225 250 1316 τιμωρίαι,
274 1225 480 1319 εὐφροσύναι
501 1226 568 1298 είσὶ
588 1234 662 1311 τοῖς
682 1227 818 1311 ὸοάλοις
838 1255 910 1300 σου.
936 1226 1091 1322 Ἐλέησον
1110 1228 1217 1320 Κόριε
1230 1231 1290 1321 τὴν
1303 1237 1363 1323 ρυ-

89 1336 261 1400 πωθιῖσαν
281 1335 355 1412 τοῖς
374 1326 509 1400 πάθεσι
527 1335 589 1398 τοῦ
607 1328 686 1415 βίου
707 1329 817 1423 ψυχήν
830 1357 907 1419 μου,
928 1331 986 1402 καὶ
998 1331 1153 1422 καθαράν
1169 1330 1280 1423 αὐτὴν,
1303 1331 1363 1402 ὸιὶι

88 1429 262 1517 μετανοίας
288 1431 347 1500 καὶ
373 1428 644 1522 έξομολογήοεως
662 1431 860 1523 πρόςὸεξοιι·
888 1429 943 1502 ὅτι
964 1430 1141 1524 εὐλογητὸς
1162 1428 1193 1504 εὶ
1214 1431 1263 1516 εὶς
1281 1433 1363 1516 τοὺς

91 1529 208 1613 αὶιῦνας
227 1538 295 1600 τῶν
316 1529 456 1602 αὶιόνων.
495 1527 612 1623 Ἀμήν.

170 1638 346 1701 [ὶοισίοὶεεε
368 1639 460 1701 multa
483 1638 596 1703 hahent
607 1639 741 1722 propria,
765 1656 841 1720 quae
857 1637 893 1702 εὸ
910 1641 942 1704 S.
957 1634 1115 1704 Trinitatis
1129 1640 1276 1705 honorem
1291 1659 1362 1722 spe·

92 1749 175 1802 ιιισι.
210 1739 473 1802 Communicamus
494 1739 600 1803 lectori
618 1740 765 1822 Τιυφιιείε
786 1733 953 1826 τριαόιιιά.

158 1831 275 1918 ’Ἀξιον
297 1835 388 1904 ἐστὶν
408 1831 454 1916 ὥς
475 1831 614 1928 άληθῶς
633 1838 693 1927 τὴν
714 1834 800 1925 irtio
818 1837 905 1907 Θεὸν
925 1831 1037 1922 ιὶμνεῖν
1055 1833 1197 1926 Τριάόα,
1220 1829 1362 1925 άναρχσν

91 1936 215 2025 πατέρα
244 1936 305 2006 καὶ
331 1936 549 2026 παντουργὸν,
573 1937 820 2028 ουνανάναργσν
847 1936 955 2025 λόγον,
988 1937 1067 2026 πρὸ.
1086 1934 1217 2006 αὶοίνων
1244 1937 1281 2006 in
1300 1941 1362 2006 τοῦ

92 2040 212 2127 πατρὸς
244 2035 436 2128 άῤῥοόστως
465 2040 627 2124 τεχθέντα
657 2041 715 2110 καὶ
745 2041 785 2109 τὸ
815 2038 913 2129 ’άγιον
940 2045 1073 2126 πνεῦμα
1098 2039 1138 2108 τὸ
1157 2037 1204 2107 ix
1231 2035 1362 2128 πατρὸς

28 2153 31 2162 ’
92 2137 229 2231 άχρόνως
250 2137 522 2229 ἐκπορευόμενον.

162 2237 278 2324 ’Ἀξισν
305 2241 395 2312 έστὶν
422 2239 470 2323 ὥς
496 2238 644 2332 άληθῶς,
665 2249 726 2312 τοῦ
747 2241 898 2325 δοξάζειν
919 2264 956 2310 σε
977 2241 1036 2308 τὸν
1060 2239 1146 2310 Θεὸν
1166 2238 1295 2328 Λόγον,
1323 2233 1362 2308 ὸν

92 2342 220 2434 φρίσσει
252 2342 310 2411 καὶ
341 2342 456 2431 τρέμει
489 2342 532 2410 τὸ
558 2344 749 2432 Χερουβὶμ,
782 2344 839 2412 καὶ
866 2343 1102 2429 όοξολογοῦσιν
1129 2339 1167 2411 αὶ
1193 2339 1362 2428 Δυνάμεις

91 2453 150 2512 τῶν
175 2442 344 2534 Ου’·ρανῶν,
371 2444 430 2512 τὸν
456 2443 683 2524 ἐξαναστάντα
711 2443 889 2536 τριήμερον
914 2443 951 2512 iu
977 2440 1099 2535 τάφου,
1126 2443 1276 2530 Χριστὸν
1303 2443 1362 2511 τὸν

95 2544 253 2636 ζωοὸότην
276 2543 374 2635 φόβῳ
396 2543 597 2632 δοξάσιομεν.

165 2644 379 2736 Ὺμνήοωμεν
405 2643 530 2727 πάντες
560 2653 773 2735 θεοπρεπῶς,
801 2642 947 2736 ᾄσμασιν
969 2645 1114 2728 ἐνθέοις,
1142 2645 1201 2714 τὸν
1221 2643 1362 2734 Πατέρα

92 2748 142 2817 καὶ
159 2749 218 2818 τὸν
239 2745 328 2829 Υὶὸν,
349 2748 406 2816 καὶ
426 2753 566 2834 Πνεῦμα
587 2748 626 2816 τὸ
648 2754 747 2818 θεῖον
763 2747 1034 2839 Τριςυπόστατον
1054 2745 1186 2837 κράτος,
1206 2747 1267 2837 τὴν
1279 2744 1362 2834 μίαν

93 2847 268 2919 Βασιλείαν
286 2849 345 2919 καὶ
366 2847 567 2940 Κυριότητα.

160 2945 227 3018 Ἢν
255 2945 397 3035 άμνοῦσι
416 2948 542 3031 πάντες
564 2947 597 3018 οὶ
618 2958 771 3041 γηγενεῖς,
799 2952 856 3021 καὶ
878 2951 1112 3039 όοξολογοῦσιν
1135 2948 1172 3019 αὶ
1192 2947 1362 3035 Δυνάμεις

95 3059 152 3118 τόν
168 3049 337 3141 Οὸρανῶν,
359 3051 418 3142 τὴν
439 3049 508 3120 άπὸ
532 3057 600 3119 τῶν
615 3051 750 3122 πάντων
764 3055 896 3122 πιστῶν
908 3052 1193 3141 προςκυνουμένην
1213 3048 1362 3118 Μονάόα

94 3151 155 3221 κατ’
177 3151 297 3222 οὐσίαν
316 3153 376 3242 τὸν
396 3151 669 3240 τριςυιιόστατον.
798 3223 801 3230 .

172 3257 241 3346 Τὴν
262 3253 468 3344 Κυριαρχίαν
494 3261 560 3322 τῶν
581 3253 766 3342 Χερουβὶμ,
792 3252 936 3342 κοίτην
966 3252 1131 3341 Θεαργίαν
1159 3250 1362 3340 άουγιιρίτως

95 3363 153 3424 τῶν
170 3357 336 3446 Σιραφὶμ,
358 3356 418 3445 τὴν
439 3353 640 3444 άόιαιρέτως
663 3352 793 3444 Τριάὸα
815 3353 850 3424 έν
871 3352 1022 3436 Μονάὸι,
1043 3355 1103 3444 την
1125 3349 1229 3433 ὅντως
1251 3357 1361 3440 Θεαρ-

93 3456 159 3540 γίαν
180 3459 217 3526 σὸ
237 3455 474 3545 μεγαλύνομεν.

170 3560 309 3647 Πατέρα
329 3559 387 3627 τὸν
409 3554 549 3646 άναρχον
563 3557 620 3626 καὶ
636 3558 732 3640 Θεὸν,
755 3555 955 3648 σονάναρχον
968 3555 1095 3646 Λόγον,
1118 3557 1178 3626 οὶιν
1190 3563 1239 3648 τῷ
1252 3553 1363 3624 Πνεά-

95 3681 168 3744 ματι
187 3666 376 3747 προςιιυνῶ·
397 3657 581 3748 ἀχάριστον
600 3657 681 3746 μίαν
703 3657 879 3751 ἑνουμένην
899 3656 1027 3742 οὐσίαν,
1047 3657 1268 3748 τριςάριθμον
1281 3663 1363 3726 Μο-

95 3759 171 3831 νάὸα
191 3762 308 3848 άμνοις
328 3759 528 3852 τιμήσωμεν.
744 3841 750 3852 ,

175 3865 243 3944 Τάς
258 3861 495 3949 άκτινοβόλσυς
509 3885 569 3930 σου
585 3858 768 3948 ἀστραπάς,
790 3859 929 3952 λάμψαι
947 3887 1009 3949 μοι
1025 3861 1092 3931 Θεό
1103 3887 1181 3947 μου,
1202 3858 1362 3949 τριςυπά-

97 3985 187 4032 στατε
208 3965 410 4054 πανευυργέ·
431 3964 490 4033 καὶ
510 3957 601 4032 οὶιιόν
620 3986 663 4047 με
685 3964 793 4044 δεῖξον
814 3970 876 4053 σῆς
889 3960 1071 4052 άπροςίτου
1087 3962 1194 4054 ὸόξης,
1217 3961 1362 4052 φαιδρὸν

96 4066 146 4132 ναὶ
167 4066 368 4159 φωτοφόρον
387 4066 445 4135 καὶ
465 4061 699 4134 ἀναλλοίωτον.

167 4161 230 4238 Ὃν
266 4167 403 4260 φρίσσει
431 4167 490 4235 καὶ
520 4165 635 4252 τρέμει
666 4167 710 4232 τά
737 4166 928 4254 Χερουβὶμ,
960 4167 1017 4236 ναὶ
1050 4167 1266 4250 όοξολογοῦσι
1297 4167 1363 4230 τῶν

13 4337 14 4352 ,
95 4259 103 4290 '
129 4270 246 4355 γγέλων
268 4269 306 4338 αὶ
327 4268 492 4359 στρατιαὶ,
514 4267 573 4336 τὸν
593 4266 630 4335 εκ
648 4273 709 4354 τῆς
728 4270 912 4356 Παρθένου
933 4265 1115 4360 ἀφράστως
1134 4263 1363 4355 σαρκωθέντα,

13 4433 14 4470 η
95 4373 234 4458 Χριστὸν
254 4374 313 4441 τὸν
327 4368 507 4462 Ζωοὸὸτην
528 4365 627 4460 φόβῳ
649 4364 851 4455 ὸοξάοωμεν.
