3360 5304
707 451 780 524 239

110 628 186 710 τούς
214 627 250 697 έν
277 625 405 698 σκότει·
439 623 620 718 εὐφραίνου
647 630 703 699 καί
730 627 972 718 σύ-Πρεσβύτα
999 629 1117 715 δίκαιε,
1149 629 1326 719 δεξάμενος
1348 633 1385 702 ἐν

111 727 274 818 άμιάλαις,
304 729 364 800 τὸν
384 729 612 819 έλευθερωτήν
634 737 700 799 τῶν
720 739 837 821 ψυχῶν
857 729 959 822 ήμῶν,
991 732 1206 820 χαριζόμενον
1225 732 1305 823 ήμῖν
1324 741 1383 809 καὶ

110 833 166 915 τήν
182 828 391 901 Ἀνάστασιν.
423 829 625 900 Κοντάκιονε
645 830 683 900 Ὁ
704 831 832 924 μήτραν
852 836 1062 923 παρθενικήν
1077 833 1219 924 ἁγιάσας
1231 843 1280 924 τῷ
1294 833 1381 925 τόκῳ

111 957 177 1014 σου,
203 933 262 1002 καί
281 939 396 1023 χεῖρας
415 941 476 1001 τοῦ
496 933 632 1019 Συμεὼν
654 931 836 1024 εὐλογήσας
856 933 902 1016 αῖς
923 937 1060 1025 ἔπρεπε,
1092 935 1305 1028 προφθάσας
1323 936 1381 1005 καὶ

110 1043 162 1101 νύν
193 1036 322 1115 ἔσωσας
352 1031 440 1124 ήμᾶς
462 1034 589 1120 Χριστὲ
616 1031 634 1102 ὁ
660 1033 761 1116 Θεός·
794 1033 865 1105 ἀλλ’
890 1035 1077 1126 είρήνευσον
1099 1037 1135 1106 έν
1156 1041 1320 1125 πολέμοις
1340 1035 1380 1106 τὸ

110 1134 302 1222 πολίτευμα,
323 1136 381 1206 καί
401 1133 609 1224 κραταίωσον
623 1139 792 1220 Βασιλεῖς,
815 1132 873 1218 οὐς
893 1135 1079 1229 ἠγάπησας,
1103 1136 1121 1207 ό
1142 1137 1246 1226 μόνος
1260 1135 1382 1229 φιλόν-

110 1245 256 1326 δρωπος.

187 1349 218 1407 4.
257 1343 512 1406 Αυουσιίείῖο
535 1343 705 1420 Virginis
728 1338 748 1408 ό
769 1337 1017 1428 Εὐαγγελισμδς
1036 1346 1096 1431 τῆς
1116 1337 1301 1429 ὐπεραγίας
1323 1343 1380 1409 δε·

110 1437 244 1529 σποίνης
257 1437 352 1529 ήμῶν
366 1438 530 1508 θεοτόκου
553 1448 592 1509 25
609 1447 694 1508 Mart.
718 1439 910 1528 Uenerique
931 1449 972 1510 24
988 1447 1073 1508 Mart.
1090 1445 1180 1508 Hebr.
1196 1450 1227 1521 2,
1245 1449 1379 1514 11-18,

110 1545 175 1607 Luc.
193 1549 220 1618 1,
238 1549 376 1611 24-38.
424 1539 635 1629 Τροπάριον.Ι
662 1539 813 1631 Σήμερον
834 1549 894 1632 τῆς
915 1541 1079 1634 σωτηρίας
1099 1539 1193 1632 ήμῶν
1214 1543 1253 1612 τὸ
1274 1541 1381 1634 κεφά-

110 1644 200 1710 λαων
218 1642 279 1710 καὶ
299 1649 360 1710 τοῦ
376 1635 434 1709 ὐπ’
458 1640 580 1723 αἰῶνος
599 1641 781 1732 μυστηρίου
802 1641 823 1732 ή
846 1644 1045 1733 φανέρωσις,
1068 1641 1087 1712 ό
1109 1641 1183 1724 υίὸς
1202 1651 1262 1712 τοῦ
1283 1651 1380 1728 θεοῦ,
1501 1653 1511 1674 ‘

111 1739 175 1822 υίὸς
195 1749 255 1832 τῆς
276 1743 452 1831 παρθένου
473 1741 600 1830 γίνεται
620 1745 677 1812 καί
691 1744 842 1833 Γαβριὴλ
864 1745 922 1834 τήν
941 1744 1038 1833 χάριν
1060 1742 1303 1833 εὐαγγελίζεται
1325 1745 1380 1815 διδ

109 1845 158 1912 καὶ
179 1841 277 1934 ήμεῖς
297 1845 357 1913 σύν
380 1841 470 1934 αὐτῷ
491 1852 531 1935 τῇ
555 1842 709 1934 Θεστόκηι
729 1842 918 1936 βοήσωμεν·
940 1851 1050 1934 Χαῖρε
1070 1847 1337 1936 Κεχαριτωμένη,
1361 1845 1380 1916 ό

109 1943 229 2032 Κύριος
249 1947 335 2031 μετὰ
356 1953 427 2016 σού.
456 1944 659 2016 Κοντάκιονε
686 1947 735 2036 Τῇ
755 1944 936 2036 ύπερμάχῳ
957 1953 1128 2038 στρατηγῷ
1142 1947 1185 2016 τὰ
1198 1947 1380 2039 νικητήρια,

109 2043 149 2126 rig
167 2050 381 2134 λυτρωθεῖσα
401 2055 467 2117 τῶν
489 2049 605 2116 δεινοῖν
626 2045 870 2137 εὐχαριστήριας
892 2044 1073 2140 ἀναγράφω
1088 2047 1179 2141 σσιή
1195 2047 1304 2129 Πόλις
1318 2074 1380 2118 σου

112 2147 265 2218 Θεοτόνιε·
299 2146 370 2218 ἀλλ’
393 2146 439 2230 ὥς
460 2151 579 2232 ἔχουσα
600 2149 639 2218 τὸ
661 2149 781 2238 κράτος
802 2146 1066 2240 άπροςμάχητον,
1090 2149 1125 2218 ἐκ
1146 2149 1316 2219 παντοίων
1336 2175 1380 2237 με

109 2248 259 2318 κινδύνων
281 2250 521 2338 ἐλευθέρωσον,
543 2253 598 2318 ἵνα
618 2249 727 2338 κράζω
750 2273 821 2320 σοι·
844 2256 954 2341 Χαῖρε
975 2249 1103 2343 Νύμφη
1126 2248 1324 2342 άνύμφευτε.

186 2363 217 2422 5.
240 2357 439 2420 Dominiee
463 2357 671 2420 Palmarum
696 2377 726 2437 p.
743 2361 817 2422 223.

185 2461 216 2522 6.
238 2459 426 2522 escensio
449 2458 599 2520 Domini
622 2478 651 2538 p.
668 2461 741 2524 230.

188 2562 217 2622 7.
240 2561 473 2622 Pentecoste
496 2579 526 2639 p.
542 2560 617 2625 230.

188 2661 219 2726 8.
243 2660 560 2740 Transfiguratie
583 2661 733 2724 Domini
755 2653 775 2747 ή
799 2651 1160 2747 άγίαμεταμόρφωσις
1180 2652 1380 2744 τούΚορίου

112 2753 195 2843 ήμῶν
214 2753 248 2826 ’1.
270 2763 315 2825 Χ.
337 2755 529 2846 Προεόρτια
551 2763 662 2840 ὅλος.
688 2754 872 2838 Ἀπόδοσις
901 2765 939 2827 13
955 2764 1029 2840 Aug.
1056 2762 1172 2826 2Ρεῐε.
1198 2765 1225 2838 1,
1243 2763 1378 2828 10-19,

112 2863 271 2936 iierth.17‚
290 2866 382 2928 1-9.
429 2855 640 2948 Τροπάριονε
672 2857 957 2950 Μετεμορφώδης
988 2857 1024 2926 ἐν
1050 2865 1097 2947 τῷ
1119 2851 1191 2944 όρει
1211 2855 1380 2946 Χριστὲό

115 2957 200 3041 Θεὸς,
232 2957 346 3041 δείξας
376 2965 448 3040 τοῖς
477 2965 650 3050 μαθηταῖς
677 2984 738 3028 σου
760 2960 820 3050 τήν
842 2958 942 3042 δόξαν
963 2983 1035 3040 σου,
1065 2960 1181 3038 καδως
1207 2955 1380 3048 ήδόναντο,

115 3058 240 3152 λάμφον
263 3061 320 3128 καί
341 3058 420 3150 ήμῖν
441 3067 513 3141 τοῖς
535 3059 748 3149 ἁμαρτωλοῖς
767 3062 806 3128 τό
823 3063 970 3152 φῶς’σου
985 3060 1024 3127 τὸ
1040 3055 1161 3140 ὐῖδιον,
1185 3058 1382 3148 πρεσβείαις
1415 3146 1417 3152 Ι

116 3167 165 3248 τῆς
191 3161 368 3244 θεοτόκου,
400 3160 579 3251 φωτοδότα
608 3159 690 3243 δόξα
723 3186 787 3231 σοι.
831 3160 1035 3230 Κοντάκιον.Ι
1066 3155 1143 3227 Ἐπὶ
1174 3165 1235 3228 τού
1256 3153 1382 3248 ’Όρους

114 3263 380 3356 μετεμορφώθης,
413 3263 470 3332 καί
502 3260 548 3344 ὡς
580 3261 724 3353 ε’χιόρουν
756 3261 790 3331 οῖ
812 3259 984 3352 Μαθηταί
1014 3285 1075 3328 σου
1104 3261 1162 3352 τήν
1186 3257 1285 3341 δόξαν
1307 3284 1379 3342 σου,

113 3363 260 3450 Χριστὲὸ
278 3365 376 3447 Θεὸς,
399 3363 601 3435 ἐθεάσαντο·
623 3367 679 3432 ἵνα
701 3362 781 3432 ὅταν
803 3387 841 3431 σε
862 3361 962 3432 ἰ’δωσι
983 3359 1236 3451 σταυρούμενον,
1258 3361 1380 3447 τὸμὲν

113 3463 226 3546 Πάδος
247 3464 412 3556 νοήσωσιν
434 3463 595 3547 ἑκούσιον,
617 3472 665 3554 τῷ
687 3465 726 3533 δὲ
746 3462 875 3554 Κόσμηι
895 3461 1092 3554 κηρύξωσιν·
1127 3461 1181 3531 ότι
1201 3463 1248 3530 Σύ
1270 3461 1381 3552 ύπάρ-

111 3591 172 3647 γεις
191 3565 329 3658 άληθῶς
349 3573 411 3638 τοῦ
430 3567 568 3655 Πατρός
588 3567 627 3635 τὸ
650 3565 867 3653 ἀπαύγασμα.

187 3675 219 3736 9.
240 3675 428 3736 Dormitio
443 3675 581 3736 Bentae
598 3673 770 3752 Virginis
792 3665 812 3757 ή
835 3663 988 3753 κοίμησις
1007 3673 1068 3758 τῆς
1088 3661 1382 3754 ὐπερσγίαςένδό-

113 3768 163 3848 ξου
194 3769 373 3862 δεσποίνης
403 3767 495 3860 ήμῶν
527 3768 692 3839 δεοτόκσο
724 3771 781 3838 καί
814 3766 1044 3857 άειπαρθένου
1075 3765 1216 3856 Μαρίας
1252 3775 1289 3836 15
1305 3774 1380 3851 λος.

112 3872 257 3938 Praecedit
279 3875 427 3940 ieiunium
449 3877 499 3939 XV
522 3875 649 3939 dierum.
685 3869 877 3960 Προεόρτια
901 3879 940 3939 14
955 3876 1030 3954 Aug.
1049 3867 1233 3949 Ἀπόδοσις
1254 3875 1294 3938 23
1304 3875 1379 3952 Αυς.

112 3973 234 4056 Philipp.
252 3981 282 4049 2,
299 3981 415 4042 5-11.
437 3977 731 4052 Lur.10‚38-42.
779 3969 990 4061 Τρσττάριοντ
1017 3967 1070 4038 Ἐν
1090 3979 1131 4061 τῇ
1152 3968 1301 4058 γεννήσει
1320 3968 1380 4056 τήν

112 4072 292 4158 παρθενίαν
315 4072 492 4164 ἔφύλαξας,
516 4075 553 4143 έν
572 4080 613 4164 τῇ
633 4070 787 4163 κοιμήσει
806 4073 866 4142 τὸν
886 4071 1010 4160 κόσμον
1031 4069 1071 4139 οὐ
1098 4071 1276 4149 κατέλιπες
1295 4075 1380 4137 δεο-

112 4169 193 4240 τόκι·
214 4175 375 4265 μετέστης
396 4177 482 4264 πρὸς
502 4175 562 4265 τήν
585 4175 670 4264 ζωήν
690 4173 797 4266 μήτηρ
820 4172 1017 4264 ύπιίρχοοσα
1037 4179 1097 4262 τής
1112 4173 1214 4260 ζωῆς·
1234 4169 1291 4237 καί
1304 4173 1381 4250 ταῖς

112 4275 297 4362 πρεσβείαις
318 4282 393 4356 ταῖς
414 4282 490 4356 σαῖς
511 4277 713 4366 λυτρουμένη
735 4276 771 4344 ἐκ
792 4275 944 4346 θανάτου
965 4275 1145 4364 τὰςψυχάς
1158 4270 1261 4361 ήμῶν.
1290 4276 1380 4340 Κον-

111 4375 230 4444 τάνιονε
270 4379 340 4467 iiie
370 4375 406 4446 έν
438 4378 634 4466 πρεσβείαις
663 4375 843 4466 άκσίμητσν
874 4375 1037 4446 δεοτόκον
1064 4374 1122 4442 καὶ
1155 4369 1380 4461 προστασίαις

21 4513 22 4518 1
112 4471 322 4558 ἀμετάθετον.
364 4476 515 4560 Ἐλπίδα,
537 4478 647 4569 τάφος
666 4481 724 4548 καὶ
745 4480 902 4568 νέκρωσις
924 4475 983 4546 οὐκ
1005 4472 1216 4565 εὐκράτησεν·
1243 4470 1296 4568 ,ὡς
1315 4473 1377 4562 γάρ

114 4575 189 4665 ζωῆς
213 4582 343 4672 μητέρα
369 4580 455 4670 πρὸς
480 4581 540 4671 τήν
562 4581 647 4670 ζωήν
667 4582 865 4672 μετέστησεν
885 4576 903 4648 ό
925 4575 1053 4666 μήτραν
1076 4573 1212 4665 οἰκήσας
1233 4571 1380 4666 άειπάρ-

22 4739 23 4746 .
112 4682 212 4750 θετον.
