3388 5304
703 401 776 476 637

184 595 223 667 Ὁ
245 597 352 687 ίερεὸς
372 595 526 689 ἐκφανεῖ.
556 583 640 662 Ὅτι
667 583 715 659 σύ
740 583 820 682 είή
848 579 1062 668 ἀνάστασις.

185 698 258 768 Καί
278 697 386 780 αὐτοις
406 696 581 787 ἀρχόμεθα
600 707 661 790 τῆς
680 698 792 792 τρίτης
811 697 970 782 στάσεως.

191 802 241 878 Τὸ
267 800 387 898 ὄνομά
415 827 496 878 σου.
539 801 765 902 Ἀλληλούῖα.
810 815 934 900 Στάσις
954 813 1058 909 τρίτη.
1116 813 1120 820 ’

178 902 404 1004 Ἐπίβλεψον
435 906 492 980 ἐπ’
522 904 585 1002 ἐμὲ
617 906 681 981 καί
706 904 855 1004 ἐλέησόν
879 935 939 1002 με,
965 905 1061 981 κατὰ
1086 903 1130 979 τὸ
1155 907 1271 1000 κρῖμα
1296 911 1377 978 τῶν

99 1002 339 1108 ἀγαπώντων
363 1005 407 1081 τὸ
433 1005 554 1104 όνομοί
580 1033 662 1084 σου.

178 1103 291 1206 Ζήσει
322 1107 347 1205 ή
379 1106 482 1208 ψυχή
514 1137 590 1204 μου
621 1109 686 1186 καὶ
719 1107 902 1186 ἐπαινέσει
934 1135 986 1184 σε.
1038 1107 1114 1184 Καὶ
1138 1105 1186 1181 τὸ
1210 1101 1376 1203 κρίματεί

100 1235 172 1284 σου
196 1206 381 1308 βοηθήσει
404 1237 479 1304 μοι.

180 1308 420 1408 Ἐπλανήθην
445 1310 496 1396 τὸς
520 1308 714 1409 πρόβατον
740 1311 942 1400 ἀπολωλὸς,
970 1307 1127 1408 ζήτησον
1151 1308 1220 1384 τὸν
1236 1306 1375 1384 δοῦλόν

99 1437 185 1502 σου,
211 1412 269 1488 ὅτι
293 1413 361 1497 τὸς
385 1409 536 1497 ἐντολάς
561 1437 631 1488 σου
657 1413 726 1490 οὐκ
751 1411 1001 1510 ἐπελαθόμην.

186 1529 258 1598 Καί
279 1525 392 1609 εὐθύς.

184 1631 395 1734 Εὐλογητὸς
419 1631 463 1722 εί,
489 1628 616 1730 Κύριε,
644 1629 802 1718 δίδαξόν
826 1660 872 1725 με
898 1631 946 1706 τό
972 1625 1209 1726 δικαιεόματό
1235 1629 1348 1728 σουά)

154 1773 162 1778 ·
190 1738 276 1808 Τῶν
308 1733 429 1835 ἁγίων
462 1733 482 1810 ὸ
511 1733 624 1830 χορὸς
656 1727 738 1828 εὗρε
771 1733 893 1834 πηγήν
924 1741 990 1829 τῆς
1023 1732 1119 1828 ζωῆς
1150 1731 1213 1808 καὶ
1244 1728 1378 1829 θύραν

96 1832 341 1930 παραδείσου.
394 1833 505 1933 Εὐρω
538 1835 644 1938 κάγιὸ
676 1836 747 1932 τὴν
772 1835 877 1924 ὁδὸν,
911 1833 975 1911 διὰ
1000 1843 1065 1932 τῆς
1089 1831 1300 1928 μετανοίας,
1333 1831 1377 1908 τὸ

97 1935 291 2019 ἀπολωλὸς
322 1932 516 2035 πρόβατον
548 1936 622 2040 ἐγώ
655 1941 743 2026 είμι,
777 1933 1010 2013 ἀνακόλεσόν
1035 1965 1095 2034 με,
1128 1935 1282 2034 Σωτήρ,
1312 1935 1377 2010 καὶ

99 2035 230 2112 σιίσόν
252 2066 310 2134 με.

519 2139 729 2242 Εὐλογητὸς
754 2139 798 2229 εί,
825 2135 950 2235 Κύριε.

181 2253 226 2334 Ὁ
248 2254 402 2354 παλάμῃ
427 2261 468 2334 ἐκ
492 2257 545 2355 μή
570 2259 694 2334 όντων
719 2255 863 2342 πλάσας
888 2287 935 2353 με
960 2258 1023 2334 καὶ
1048 2251 1163 2358 εἰκόνι
1189 2279 1258 2330 σου
1286 2251 1377 2351 θείη

95 2353 269 2488 τιμήσας,
295 2357 507 2456 παραβάσει
533 2363 683 2456 ἐντολῆς
708 2358 750 2435 δὲ
775 2356 889 2436 πάλιν
913 2387 959 2454 με
985 2357 1207 2455 ἐπιστρέψας
1224 2361 1276 2440 είς
1290 2363 1376 2455 γῆν,

97 2461 140 2544 ἐξ
168 2489 213 2556 ης
245 2459 427 2559 ἐλήφθην.
481 2465 546 2545 Ελς
578 2461 621 2536 τὸ
654 2461 747 2536 καθ’
779 2459 960 2558 ὁμοίωσιν
985 2457 1212 2562 ἐπανοίγαγε,
1236 2457 1280 2533 τὸ
1306 2457 1375 2553 ἀρ-

94 2565 211 2656 χαῖον
236 2559 369 2646 κάλλος
394 2560 764 2661 ἀναμορφαίσασθαι.

519 2697 730 2800 Εὐλογητὸς
754 2697 798 2787 εἶ,
824 2694 950 2792 Κύριε.

185 2808 311 2888 Ελκιύν
335 2820 410 2911 ελμι
435 2823 499 2913 τῆς
524 2815 686 2914 ἅῤῥήτου
712 2814 821 2913 δόξης
848 2841 931 2904 σου,
957 2821 990 2889 ελ
1013 2815 1078 2890 καὶ
1103 2811 1289 2915 στίγματα
1310 2809 1376 2910 φέ-

97 2941 182 3012 ρων
206 2915 466 3014 πταισμάτων,
492 2918 722 3014 ολκτείρησον
746 2917 791 2992 τὸ
817 2916 886 2992 σὸν
910 2913 1076 3012 πλάσμα,
1110 2913 1285 3003 δέσποτα,
1311 2912 1375 2986 καί

96 3012 316 3114 καθάρισον
342 3027 389 3116 σή
415 3019 666 3121 εὐσπλαγχνία
699 3017 764 3093 καὶ
787 3017 856 3114 τὴν
882 3016 1065 3114 ποθεινὴν
1090 3013 1254 3115 πατρίδα
1279 3040 1376 3108 παρ-

97 3121 221 3214 άσχου
245 3145 311 3214 μοι
318 3177 331 3210 ,
357 3119 588 3219 παραδείσου
614 3116 726 3198 πάλιν
751 3126 871 3196 ποιῶν
895 3116 1049 3216 πολίτην
1074 3147 1132 3216 με.

520 3255 731 3359 Εὐλογητὸς
756 3253 800 3345 εἶ,
826 3250 951 3349 Κύριε.

189 3372 236 3448 Οἱ
268 3373 336 3449 τὸν
369 3373 492 3470 ἀμνὸν
524 3383 594 3450 τοῦ
623 3379 715 3450 Θεοῦ
741 3370 964 3470 κηρύξαντες
987 3369 1051 3446 καὶ
1077 3366 1376 3470 σφαγιασθέντες

97 3471 219 3572 ὥςπερ
253 3475 364 3572 όίρνες
393 3476 458 3551 καὶ
490 3476 582 3570 πρὸς
617 3475 717 3574 ζωήν
747 3476 817 3572 τὴν
849 3471 1002 3578 ἀγήρων
1036 3471 1137 3574 ἅγιοι
1160 3469 1224 3544 καὶ
1249 3467 1376 3544 ἀίδιον

97 3577 375 3672 μετατεθέντες,
408 3574 531 3677 τούτῳ
557 3581 713 3664 ἐκτενῶς
736 3574 923 3677 μάρτυρες
949 3570 1169 3672 αἰτήσασθε,
1205 3567 1377 3670 ὀφλημά-

98 3705 179 3754 των
203 3673 312 3754 λύσιν
336 3679 429 3776 ήμῖν
454 3676 714 3779 δωρήσασθαι.

522 3813 731 3918 Εὐλογητὸς
756 3811 800 3903 εἶ,
824 3809 949 3909 Κύριε.

177 3927 417 4010 Ἀνάπαυσον
444 3931 464 4007 ό
494 3931 581 4018 Θεὸς
604 3933 673 4009 τὸν
697 3928 837 4008 δοῦλόν
862 3955 931 4006 σου
952 3928 1016 4005 καί
1032 3924 1241 4014 κατάταξον
1259 3921 1376 4000 αὐτὸν

98 4037 140 4110 ἐν
167 4032 397 4132 παραδείσῳ,
424 4033 518 4110 ὅπου
540 4034 650 4132 χοροὶ
675 4041 755 4110 τῶν
778 4031 912 4135 ἁγίων,
938 4029 1067 4128 Κύριε,
1092 4029 1155 4106 καί
1181 4029 1217 4103 οἱ
1237 4025 1374 4102 δίκαιοι

99 4131 359 4232 ἐκλάμψουσιν
391 4134 443 4220 ὥς
483 4145 693 4233 φωστῆρες,
733 4135 801 4212 τὸν
832 4133 1100 4232 κεκοιμημένον
1132 4123 1271 4206 δοῦλόν
1303 4150 1373 4202 σου

100 4235 336 4328 ἀνάπαυσον,
363 4245 540 4337 παρορῶν
566 4240 685 4313 αὐτοῦ
710 4233 834 4313 πάντα
859 4237 907 4310 τὰ
933 4231 1154 4340 ἐγκλήματα.

182 4337 296 4426 Δόξα.

161 4581 211 4676 ’,λλ
235 4581 337 4646 Propter
359 4581 421 4632 Ιιεοε
443 4593 524 4633 vocem
541 4579 640 4644 εεερίαι
658 4584 742 4642 postea
760 4579 886 4642 repetitam
905 4575 995 4628 moduli
1013 4581 1142 4640 εεηεεαιεε
1159 4579 1274 4625 veantur
1291 4565 1376 4620 εὐλο-

99 4679 227 4733 γηταρια.
