3416 5290
750 367 822 456 683

149 541 295 638 ποίησον
322 545 381 614 σύν
406 553 447 638 τῇ
473 543 591 636 είςόόρι
612 544 704 636 ἡμῶν
726 544 854 630 είςοόον
875 545 977 635 άγίιυν
998 543 1143 640 ἀγγέλων
1164 547 1322 637 γενέσθαι
1343 553 1423 618 συλ-

148 645 426 736 λειτουργούντων
452 645 531 738 ἡμῖν
557 648 615 738 τὴν
642 648 703 738 σην
725 645 929 741 ἀγαθότητα.
971 645 1158 738 Ἐκφώνωςξ
1187 649 1241 718 ότι
1262 675 1318 720 σοι
1339 651 1422 740 πρέ-

146 769 211 820 πει
228 755 327 819 πᾶσα
350 748 443 831 δόξα,
465 751 543 836 τιμὴ
565 751 622 819 ναί
643 749 870 840 προςκύνησις,
892 755 938 840 τῷ
961 750 1066 838 πατρί
1086 755 1155 820 κτλ.

234 851 305 918 Καὶ
331 859 397 919 τῶν
423 855 538 921 πυλῶν
564 852 810 936 κεκλεισμένων,
837 853 926 940 λέγει
948 849 966 920 ό
986 850 1157 940 ἀρχιερεύς
1178 851 1343 944 έκφιόνως,
1371 855 1421 938 τὸ,

151 947 267 1040 Ἀρατε
295 951 478 1034 πύλας...
500 951 615 1043 ἑτέρου
638 947 902 1042 ἀντιφωνοῦντος
929 953 1059 1022 ἔσωθεν
1080 963 1139 1023 τοῦ
1161 964 1252 1035 ναοῦ,
1280 953 1329 1036 τὸ,
1362 955 1422 1036 Τίς

147 1051 240 1122 ἐστιν
262 1043 359 1136 οὗτος
380 1051 398 1124 ό
419 1053 578 1138 βασιλεὺς
597 1061 656 1143 τῆς
676 1053 792 1144 δόξηςς
815 1049 833 1124 ὁ
857 1049 1025 1142 ἀρχιερεύς
1046 1054 1149 1124 πάλιν
1171 1054 1297 1140 ἔξωθεν
1312 1058 1422 1148 ἐκφω-

147 1159 209 1234 ντῖ,
236 1152 363 1240 Κύριος
387 1156 547 1244 κραταιὸς
565 1155 622 1226 καί
644 1157 792 1238 δυνατός.
808 1207 841 1225 ..
875 1164 988 1224 Ταῦτα
1010 1159 1047 1226 δὲ
1069 1158 1221 1246 λέγονται
1243 1159 1278 1228 έκ
1299 1157 1422 1244 τρίτου.

145 1255 221 1324 Καὶ
248 1253 352 1336 εὐθὺς
376 1253 396 1328 ό
421 1254 591 1348 ἀρχιερεύς
610 1255 792 1347 ,οφραγίζει
820 1258 892 1347 τρίς
918 1258 978 1340 τὰς
997 1258 1109 1339 πύλας
1128 1261 1213 1344 μετὰ
1234 1265 1299 1326 τῶν
1321 1257 1423 1346 ἀγίων

147 1354 319 1444 λειψάνων
339 1359 396 1426 καί
416 1365 482 1432 τῶν
501 1349 616 1430 πυλιῦν
631 1355 852 1446 ἀνοιγομένων
866 1361 923 1428 καί
936 1357 1072 1428 πάντων
1087 1359 1318 1448 είςερχομένων
1332 1358 1423 1452 ψάλ-

146 1459 247 1528 λουσι
274 1458 313 1528 τὸ
339 1457 532 1548 Τροπάριον
558 1466 624 1528 τῶν
646 1459 826 1547 ε’γκαινίων.
867 1458 923 1542 Ὡς
944 1467 1004 1530 τοῦ
1025 1457 1093 1530 άνω
1115 1461 1343 1550 στερεοίματσς
1364 1462 1423 1552 τὴν

147 1554 355 1645 εὐπρέπειαν
373 1562 430 1630 καί
452 1562 511 1650 τὴν
530 1559 621 1630 κάτω
641 1563 884 1644 συναπέύειξας
904 1559 1093 1654 ὡραιότητα
1113 1571 1173 1632 τοῦ
1189 1562 1284 1652 ἁγίου
1299 1563 1422 1658 σκηνώ-

147 1685 255 1746 ματος
275 1669 333 1751 τῆς
354 1661 452 1754 δόξης
470 1687 543 1745 σου,
566 1661 687 1750 Κύριε·
710 1663 893 1749 στερέωσον
915 1661 1015 1750 αὐτόν
1036 1663 1085 1744 είς
1106 1665 1211 1736 αἰῶνα
1233 1664 1353 1748 αίιῦνος
1366 1665 1423 1736 καί

148 1760 332 1850 πρόςύεξαι
351 1761 444 1854 ἡμῶν
465 1765 525 1845 τὰς
547 1765 582 1834 έν
603 1763 693 1852 αύτρῦ
716 1760 897 1846 ἀπαύστως
918 1767 1192 1856 προςφτρομένας
1214 1765 1344 1854 δεήσεις
1366 1765 1424 1834 διὰ

148 1869 208 1954 τῆς
229 1862 403 1947 θεοτόκου,
426 1863 446 1955 ἡ
468 1865 604 1934 πάντων
627 1867 691 1955 ζωὴ
715 1866 772 1934 καί
793 1862 982 1948 ἀνάστασις.

233 1967 305 2036 Καί
327 1965 559 2054 είςιρχομένων
579 1976 639 2038 τοῦ
659 1994 696 2036 τε
718 1965 894 2056 ἀρχιερέως
911 1969 971 2036 καί
991 1974 1057 2034 τῶν
1078 1965 1192 2053 ἱερέων
1215 1968 1249 2036 ἐν
1270 1971 1316 2056 τῷ
1339 1964 1422 2056 ἆγίρι

147 2066 285 2156 βήματι,
316 2065 540 2140 ἀποτίθενται
561 2069 603 2138 τὰ
625 2069 705 2157 ἀγια
727 2069 872 2158 λείψανα
895 2067 942 2148 είς
963 2068 1022 2156 τὴν
1042 2068 1287 2157 ἡτοιμασμένην
1308 2065 1423 2148 αὐτοῖς

147 2166 293 2256 ἀργυρᾶν
321 2168 428 2260 θήκην
452 2172 511 2242 καί
534 2169 668 2252 τούτοις
688 2171 859 2254 έπιχέειαι
880 2169 975 2256 ἅγιον
995 2178 1100 2256 μῦρον
1119 2171 1177 2240 καί
1197 2168 1424 2262 ἀοφαλίζουσι

147 2278 253 2342 ταῦτα
281 2272 365 2358 μετὰ
391 2269 505 2362 πάσης
531 2269 718 2360 ἀσφαλείας
743 2274 801 2342 καί
827 2280 990 2362 προςοχῆς
1016 2271 1160 2361 μεγάλης
1187 2273 1242 2344 καί
1272 2273 1423 2358 λέγουσιν

148 2373 185 2443 ἐκ
205 2371 246 2462 γ’.
273 2375 324 2455 τὸ,
352 2371 489 2442 Αίωνία
516 2370 535 2463 ἡ
563 2371 673 2464 μνήμη
702 2381 767 2440 τιῦν
795 2371 955 2461 ιιτιτόρων
981 2380 1039 2442 τοῦ
1071 2371 1166 2462 άγίοο
1188 2379 1270 2440 ναοῦ
1291 2369 1422 2468 τούτου.

146 2476 221 2544 Καὶ
241 2474 463 2544 έπισονάπτει
484 2474 503 2544 ὁ
525 2473 693 2562 ἀρχιερεύς
713 2477 773 2556 τάς
795 2473 863 2547 δύω
885 2473 992 2558 εύχάς.
1035 2477 1104 2544 Καὶ
1124 2473 1210 2562 μετὰ
1231 2476 1280 2558 τὸ,
1307 2470 1422 2562 Ἀμήν.

148 2575 340 2667 είςφέρουοι
365 2577 423 2648 καί
449 2575 598 2661 έκχέοιισι
624 2581 691 2667 τὴν.
708 2576 949 2669 κηρομαστίχην
974 2577 1011 2646 έν
1036 2577 1129 2668 μέσῳ
1155 2583 1216 2644 τοῦ
1238 2581 1345 2668 φυτοῦ
1366 2573 1423 2644 καί

148 2678 435 2769 συνεφαρμόζουσι
456 2679 498 2748 τὰ
513 2677 632 2768 χαρτία
646 2681 702 2750 καί
715 2677 1002 2767 ἐπιλαμβάνοντος
1015 2687 1073 2767 τῆς
1086 2679 1262 2769 τραπέζης,
1284 2677 1424 2746 τιθέασι

147 2777 270 2869 ταύτην
297 2781 357 2849 ἐπί
382 2787 442 2850 τοῦ
467 2779 593 2862 κίονος·
622 2780 748 2850 τούτων
774 2782 963 2868 γινομένων,
993 2779 1183 2869 ψάλλουσιν
1205 2777 1238 2850 οί
1258 2780 1351 2868 χοροί
1374 2776 1424 2860 τίς

147 2873 228 2970 ἦχον
246 2878 290 2964 θ.
312 2883 370 2970 τὸν
394 2891 454 2954 144
476 2883 622 2970 Ψαλμὸν,
643 2879 788 2972 Ὺφιόοω
803 2878 874 2950 σεό
893 2880 978 2960 Θεός
998 2906 1074 2966 μου.
1095 2882 1167 2948 Καὶ
1189 2882 1343 2970 ξεομένης
1364 2886 1423 2968 τῆς

148 2979 400 3072 ἀπορρεοσόσης
419 2981 670 3072 νηρομαστίχης,
691 2983 940 3068 καθαιρομένου
962 2987 1079 3051 τετοῦ
1100 2981 1207 3050 τόπου
1230 2978 1283 3069 ἐφ’
1307 2973 1346 3048 ού
1369 2978 1424 3068 ἔρ·

147 3088 253 3174 ρευοε,
275 3082 446 3174 ψάλλουσι
466 3083 523 3152 τόν
545 3092 586 3154 22
608 3082 753 3174 φαλμόν.
781 3083 908 3170 Κύριος
929 3081 1103 3169 ποιμαίνει
1122 3106 1164 3166 με
1184 3081 1241 3150 καί
1262 3077 1360 3150 ούύέν
1379 3105 1423 3167 με

147 3181 330 3274 ύστερηστι.
351 3179 437 3255 Eho
458 3183 600 3276 ένφωνεῖ
621 3181 640 3254 ό
663 3183 842 3274 ἀρχιερεύς,
863 3182 1050 3276 Εύλογητὸς
1072 3180 1204 3262 όΘεός.
1234 3181 1305 3250 Καὶ
1320 3180 1425 3264 εὐθὺς

149 3285 293 3376 φέρουσι
312 3286 351 3354 τὸ
373 3285 519 3372 σάόανον
539 3287 596 3356 καί
616 3287 853 3374 περιτιθέασιν
874 3283 956 3354 αίτό
979 3285 1038 3354 έπί
1060 3285 1117 3354 τὸν
1138 3282 1293 3370 ἀρχιερέα
1308 3281 1422 3350 ἐπάνω

147 3395 215 3456 τῶν
242 3384 477 3476 ἀρχιερατικῶν
505 3385 642 3480 ἀμφίιυν
669 3387 864 3476 ἔμπροσθεν
887 3388 947 3458 καί
966 3383 1123 3468 όπιοθεν,
1155 3393 1216 3454 τοῦ
1235 3385 1291 3474 μὴ
1305 3381 1423 3472 φαίνο-

147 3497 249 3565 σθαι,
263 3490 305 3558 τὰ
333 3487 552 3578 ἀρχιερατικὰ,
572 3486 685 3580 ἀμφια
706 3492 763 3558 καί
784 3491 945 3576 όεομοῦσι
965 3489 1049 3576 μετὰ
1072 3486 1182 3578 ζώνης.
1217 3484 1271 3556 Ἐν
1293 3487 1330 3557 δέ
1350 3491 1424 3566 τοῖς

146 3589 303 3680 βραχίων
331 3590 622 3676 περιτοίίοοονται
649 3591 691 3660 τὰ
720 3589 781 3660 δύο
808 3592 906 3660 καινὰ
929 3589 1109 3680 μανόήλια,
1137 3586 1344 3676 δεομούμενα
1365 3587 1424 3658 καί

147 3689 235 3762 αύτά
262 3689 330 3762 άπὸ
356 3691 470 3784 ζώνης.
511 3693 584 3763 Καί
609 3691 697 3762 ούτω
724 3693 964 3779 οτολιοαμένσο
997 3699 1057 3760 τοῦ
1085 3689 1261 3780 ἀρχιερέως
1287 3687 1424 3760 τίθεται

148 3793 288 3864 πεύκιον
315 3795 373 3862 καί
399 3794 668 3884 προςκιφάλαιον
692 3793 891 3881 έμπροοθεν
918 3799 984 3862 τῶν
1004 3791 1108 3882 άγίων
1128 3799 1257 3882 θυρῶν·
1284 3792 1422 3886 καὶτοῦ

150 3893 307 3966 διατόνου
329 3895 492 3982 λέγοντος,
513 3891 589 3964 ’Ἔτι
608 3895 666 3966 καί
687 3893 738 3966 έτι
756 3892 925 3976 κλίναντες
945 3896 988 3962 τὰ
1008 3893 1192 3984 γόνατα...
1214 3892 1233 3962 ό
1255 3889 1424 3979 ἀρχιερεύς

147 3995 260 4078 κλίνας
280 3997 323 4066 τά
343 3995 467 4084 γόνατα
488 3998 577 4086 λέγει
597 3997 657 4087 τὴν
678 3993 783 4087 αι’-χήν.
812 3993 851 4064 Ὁ
875 3997 960 4076 Θεὸς
981 3993 999 4064 ό
1021 3991 1161 4086 ἀναρχος
1181 3995 1237 4066 καί
1259 3991 1380 4074 ἀίδιος,
1402 3989 1422 4065 ό

147 4097 185 4168 ἐκ
209 4099 256 4188 μὴ
285 4093 392 4166 όντων
417 4097 468 4180 τίς
494 4099 533 4168 τό
557 4091 646 4168 εἶναι
671 4096 785 4168 πάντα
806 4100 1018 4186 παραγαγὼν,
1040 4096 1059 4170 ό
1082 4105 1156 4190 φῶς
1177 4093 1275 4166 οίκιῦν
1296 4090 1423 4182 άπρός-

148 4223 220 4268 ιτον
248 4201 305 4267 καί
332 4197 458 4288 θρόνον
484 4195 567 4284 έχων
595 4200 653 4270 τὸν
676 4196 832 4288 ούρανόν,
859 4199 919 4284 τὴν
946 4201 986 4270 άέ
1011 4205 1071 4290 γῆν
1097 4194 1299 4278 ὑποπόδιον,
1327 4191 1346 4263 ό
1374 4198 1421 4282 τῷ

147 4305 282 4389 Μωύοῇ
309 4299 506 4390 πρόςταγμα
534 4301 613 4382 δούς
640 4303 698 4371 καί
718 4298 947 4390 ύποχραμμὸν,
974 4306 1021 4392 τῷ
1044 4300 1082 4370 δέ
1101 4296 1269 4388 Βεσελεὴλ
1290 4299 1423 4381 πνεῦμα

147 4397 273 4491 σοφίας
285 4401 407 4484 1ἐνθείς
433 4403 490 4473 καί
512 4399 675 4487 ίκανιιίσας
696 4401 817 4486 αύτούς
837 4401 924 4492 πρὸς
942 4399 1155 4492 ἀπαρτισμὸν
1176 4405 1236 4490 τῆς
1255 4404 1316 4468 τοῦ
1334 4421 1424 4486 μαρ-

146 4497 262 4590 τυρίου
289 4511 417 4594 σκηνῆς,
446 4503 482 4574 έν
508 4495 530 4596 ᾗ
556 4501 711 4592 λατρείας
733 4503 943 4592 δικαιώματα
963 4497 1014 4594 ἦν,
1034 4507 1094 4592 τῆς
1115 4497 1280 4594 ἀληθείας
1300 4495 1424 4596 εἰκόνες

146 4601 206 4674 καί
226 4603 500 4694 προχαράχματα,
521 4601 542 4674 ό
563 4608 610 4694 ug}
631 4607 824 4694 Σολομιίντι
843 4605 973 4688 πλάτος
993 4603 1051 4674 καί
1062 4601 1152 4692 χύμα
1164 4597 1304 4692 καρδίας
1315 4603 1425 4694 δωρη-
