3336 5302
655 415 729 490 429

65 601 117 676 ἐπί
148 599 217 674 τὸν
249 597 422 676 ἑκουσίον
453 598 517 674 καί
552 598 729 693 ἀσιδίμον
760 598 824 674 καί
850 597 1033 690 ζωοπσιὸν
1058 599 1176 675 αὐτοῦ
1201 596 1328 676 θάνα-

63 731 135 792 τον,
169 709 224 798 τῇ
260 700 397 777 νυκτί
431 693 455 797 ἧ
487 699 746 798 παρεδίδου
782 699 954 776 ἑαυτὸν
988 701 1100 800 ὑπὲρ
1136 710 1214 798 τῆς
1246 709 1328 778 τοῦ

66 801 234 900 κόσμου
268 802 403 900 ζωῆς,
437 801 596 900 λαβὼν
621 804 767 901 άρτον
791 801 865 878 ἐπὶ
889 811 981 880 τῶν
1007 803 1155 905 ἁγίων
1181 803 1327 879 αὐτοῦ

65 905 134 982 καί
165 901 419 1002 ἀχράντων
439 912 634 1002 χειρῶν,
668 903 922 992 ἀναδείξας
944 927 1017 980 σοι
1042 913 1103 980 τῶ
1132 909 1224 1002 Θεῷ
1250 904 1327 980 καί

66 1009 216 1104 πατρί,
234 1003 600 1104 εὐχαριστήσας,
618 1003 894 1108 εὐλογήσας,
913 1003 1125 1109 ἁγιάσας,
1141 1003 1326 1091 κλάσας.

136 1120 175 1190 ‘O
196 1119 305 1210 ἱερεὺς
324 1119 428 1192 κλίνει
447 1122 506 1212 τήν
526 1104 685 1213 κεφαλήν,
708 1118 811 1210 οῖ’ρων
831 1121 890 1212 τήν
913 1122 1024 1206 δεξιὰν
1045 1119 1148 1192 αὐτοῦ
1167 1122 1253 1210 μετὰ
1273 1117 1329 1190 εὐ-

66 1223 202 1310 λαβείας,
225 1220 355 1312 εὐλογεῖ
375 1224 433 1293 τὸν
454 1222 548 1312 ἅγιον
569 1217 669 1314 ἀρτον
689 1221 846 1314 ἐκφοίνως
860 1223 973 1312 λέγων.

131 1327 296 1403 Ἔδωκε
329 1333 426 1410 τοῖς
458 1326 613 1429 ἁγίοις
654 1329 799 1404 αὐτοῦ
831 1331 1072 1428 μαθηταῖς
1102 1329 1180 1404 καὶ
1212 1329 1328 1406 ἀπο-

69 1426 243 1514 στόλοις
263 1427 425 1519 εῖπιύν,
452 1427 637 1526 λάβετε,
664 1426 859 1531 φάγετε,
885 1426 1026 1506 τοῦτό
1045 1459 1135 1528 μου
1154 1430 1253 1506 ἐστὶ
1276 1430 1327 1508 τό

69 1540 207 1625 σῶμα,
241 1529 292 1604 τὸ
324 1528 438 1627 ὑπὲρ
470 1529 601 1628 ήμῶν
625 1527 866 1626 τελούμενον
891 1537 955 1616 είς
979 1533 1151 1631 ἄφεσιν
1176 1531 1328 1632 ἆμαρ·

69 1641 169 1708 τιῶν
195 1636 273 1728 (lac.
292 1635 364 1730 30).

138 1745 176 1816 ‘O
195 1747 297 1837 χορός
316 1729 589 1839 ψάλλει,’ἇμήν·

144 1847 230 1918 Τότε
251 1846 270 1918 ὁ
294 1845 410 1938 ῖερεύς,
430 1847 488 1918 καί
508 1845 528 1918 ό
550 1845 704 1929 διάκονος
722 1848 765 1918 τό
787 1844 872 1918 αὐτὰ
893 1844 1068 1920 κάνταῦθα
1089 1847 1136 1930 ὡς
1156 1848 1192 1918 ἂν
1211 1856 1253 1940 τῇ
1268 1857 1329 1920 τοῦ

71 1949 311 2038 Χρυσοστόμου.

512 2049 551 2118 ‘0
573 2049 678 2140 ῖερεύς
698 2057 872 2138 μυστικῶς.

136 2153 298 2250 Ὁμοίως
330 2153 396 2231 καί
429 2153 472 2228 τὸ
508 2153 684 2254 ποτήριον
719 2159 759 2230 ἐκ
791 2164 860 2232 τοῦ
884 2151 1121 2284 γεννήματος
1155 2163 1219 2251 τῆς
1254 2155 1329 2251 ἀμ-

72 2257 166 2331 πέλου
201 2254 334 2354 λαβεῖν
374 2251 596 2354 κεράσας,
640 2258 1006 2356 εὐχαριστησας,
1050 2255 1327 2358 εὐλογήσας,

72 2355 259 2460 ἁγιάσας
285 2359 444 2456 (λεαδθ).

139 2470 315 2565 Ἐκφῶνως
335 2470 354 2542 ό
378 2471 484 2562 ἱερεὺς
503 2473 562 2562 τήν
582 2479 678 2562 χεῖρα
698 2471 780 2559 ἔχων
802 2469 944 2558 ἀνωθεν,
966 2474 1046 2562 μετί
1066 2470 1251 2562 εὐλαβείας,
1271 2475 1330 2544 καί

72 2570 209 2662 εὐλογῶν,
230 2575 330 2664 λέγει.

135 2678 300 2754 Ἔδωκε
325 2685 424 2762 τοῖς
448 2677 567 2780 ἁγίοις
593 2678 738 2754 αὐτοῦ
764 2683 1007 2776 μαθηταῖς
1031 2678 1094 2754 καί
1112 2675 1330 2765 ἀποστόλοις

73 2779 209 2857 ελπιύν.
238 2781 380 2854 Πίετε
406 2783 452 2865 ἐξ
477 2781 623 2856 αὐτοῦ
644 2778 834 2872 πάντες,
858 2779 998 2857 τοῦτό
1018 2784 1118 2856 ίστι
1136 2781 1187 2858 τό
1214 2779 1329 2877 αίμά

74 2908 166 2972 μου,
192 2882 243 2958 τὸ
269 2890 349 2978 τῆς
372 2888 538 2978 καινῆς
564 2879 818 2978 διαθήκης,
849 2883 899 2957 τό
925 2881 1041 2977 ὑπὲρ
1067 2882 1218 2976 ὑμῶν,
1251 2882 1329 2958 καί

75 2991 241 3060 πολλῶν
267 2979 586 3078 ε’κχυνόμενον
611 2989 675 3066 είς
701 2985 873 3078 ἄφεσιν
898 2984 1155 3082 ἁμαρτιῶν.

141 3097 178 3168 ‘0
198 3099 298 3188 χορὸς
319 3097 455 3189 ψάλλει,
481 3083 583 3180 ἀμήν
609 3088 683 3180 (lac.
697 3087 769 3182 30).

216 3248 255 3318 ‘O
278 3247 385 3337 ῖερεύς
403 3247 517 3331 κλίνας
537 3251 596 3340 τήν
617 3251 774 3341 κεφαλήν,
797 3235 972 3332 ἐπείγεται
992 3255 1168 3335 μυστικῶς.

148 3361 288 3430 Τοῦτο
315 3357 490 3429 ποιεῖτε
515 3359 580 3437 είς
604 3353 688 3451 τήν
713 3353 828 3452 ε’μήν
848 3349 1125 3449 ἀνάμνησιν.
1147 3350 1331 3438 Ὁσάκις

75 3453 147 3551 γάρ
182 3455 238 3532 ἀν
274 3455 466 3552 ἐσθίητε
502 3455 584 3532 τὸν
618 3457 761 3554 ἀρτον
785 3463 974 3545 τοῦτον,
1010 3451 1163 3530 καὶτὸ
1189 3451 1330 3552 ποτή-

77 3581 162 3648 ριον
192 3565 332 3634 τοῦτο
366 3557 547 3654 πίνητε,
581 3557 663 3632 τὸν
688 3557 800 3650 ἐμὸν
825 3553 1043 3632 θάνατον
1067 3557 1330 3660 καταγγέλ-

77 3663 176 3748 λετε,
195 3659 279 3756 τὴν
299 3659 392 3757 ἐμὴν
412 3655 679 3734 ἀνάστασιν
699 3659 971 3760 ὁμολογεῖτε
987 3661 1329 3758 (clem.14.lae.30).

78 3761 370 3860 Μεμνημὲνοι
403 3756 507 3850 οὐν,
541 3759 715 3851 δέσποτα,
750 3760 828 3836 καί
860 3761 995 3857 ἡμεῖς
1019 3768 1113 3835 τῶν
1138 3763 1333 3860 σωτηρίων

79 3881 145 3935 σου
169 3860 483 3958 παθημάτων,
510 3871 593 3937 τοῦ
619 3863 802 3952 ζωοποιοῦ
828 3871 1054 3961 σταυροῦ,
1081 3871 1160 3959 τῆς
1183 3861 1332 3959 τριημό-

80 3986 135 4050 ρου
157 3972 326 4064 ταφῆς,
353 3973 432 4059 τῆς
456 3967 504 4038 ἐκ
522 3973 702 4060 νεκρῶν
723 3961 1044 4054 ἀναστάσεως,
1069 3972 1149 4060 τῆς
1168 3969 1233 4048 ελς
1253 3964 1331 4038 οὐ-

80 4066 233 4151 ρανοὺς
258 4063 460 4156 ἀνόδου,
493 4074 543 4163 τῆ
595 4069 643 4140 ἐκ
669 4063 835 4150 δεξιῶν
861 4073 944 4141 σού
975 4073 1058 4142 τοῦ
1087 4070 1221 4156 Θεοῦ,
1253 4063 1331 4140 καί

79 4168 234 4263 πατρὸς
268 4165 531 4262 καθέδρας,
567 4166 643 4242 καῖ
678 4175 756 4266 τῆς
792 4163 988 4252 ἐνδόξου
1019 4165 1097 4243 καί
1123 4167 1332 4266 φοβερᾶς

80 4264 206 4344 αὐτοῦ
231 4269 497 4365 παρουσίας
523 4270 685 4366 (laam).

516 4433 689 4527 Ἐκφῶνως
710 4431 729 4503 ό
753 4431 868 4524 ῖερεύς.

83 4538 203 4703 δηΤδη
234 4539 283 4615 σά
316 4543 356 4616 ἐκ
388 4550 467 4618 τῶν
500 4549 579 4616 σῶν
612 4565 670 4615 σοι
701 4539 967 4638 προςφίροντες
997 4537 1093 4614 κατά
1119 4533 1243 4614 πάντα
1267 4537 1331 4614 καὶ

102 4661 134 4706 ια
154 4667 286 4716 ποντα.
1118 4678 1124 4691 ·
