3336 5302
940 417 1013 489 366

427 597 489 674 T&
516 595 627 700 άγια
653 604 750 682 τοῖς
776 596 941 700 ἁγίοις.

895 728 1062 820 Ὁχορός.

424 837 503 921 Εἷς
540 835 689 940 ἅγιος,
727 833 794 920 εἷς
820 833 993 932 Κύριος
1012 836 1189 933 Ἰησοῦς
1214 837 1421 932 Χριστὸς
1447 845 1508 924 εἷς
1530 837 1595 914 δύ-

339 943 423 1048 ξαν
453 944 564 1014 Θεοῦ
591 934 765 1034 πατρός
793 939 978 1034 (clem.18.
1006 941 1142 1014 lac.40.
1171 942 1232 1015 Μο.
1245 944 1319 1038 20).

422 1053 494 1125 Καὶ
512 1051 640 1146 ’ψάλλει
661 1049 680 1120 6
699 1049 799 1141 χορός
820 1053 858 1121 τὸ
879 1054 1072 1146 κοινωνικὴν
1093 1059 1151 1146 τῆς
1171 1053 1298 1144 ἡμέρας
1319 1053 1340 1146 ἢ
1363 1062 1424 1125 τοῦ
1446 1053 1544 1143 άγίον.

422 1245 535 1318 XXXI
538 1244 573 1318 V.
615 1249 700 1324 Εἶτα
726 1254 885 1340 ζώννοται
906 1253 925 1325 6
948 1253 1102 1339 διάκονος
1123 1256 1161 1327 τὸ
1184 1256 1327 1348 τύράριον
1349 1255 1452 1327 αύτοῦ
1472 1283 1593 1349 σταυρο-

337 1362 445 1443 ειδιῦς,
472 1359 530 1427 καί
557 1355 737 1446 ελςέρχεται
765 1357 800 1426 έν
827 1365 875 1447 τῷ
903 1356 986 1450 ἁγίῳ
1013 1357 1150 1448 βήματι,
1177 1359 1235 1428 καί
1255 1361 1337 1441 στάς
1359 1361 1394 1429 ἐκ
1417 1361 1528 1442 δεξιῶν
1546 1369 1593 1428 τοῦ

337 1461 452 1551 ἱερέως
472 1466 671 1550 κρατοῦντος
692 1459 749 1528 τὸν
769 1457 863 1547 άγιον
885 1453 995 1550 ῦρτον,
1016 1463 1123 1550 λέγει·

419 1567 602 1652 Μέλισον,
629 1562 802 1652 δέσποτα,
817 1562 897 1640 ’τὸν
918 1565 1029 1666 άγιον
1048 1567 1173 1662 άρτον.
1215 1578 1253 1648 ‘0
1276 1581 1314 1649 δὲ
1337 1577 1443 1668 ἱερεὺς
1472 1579 1593 1667 μελίζωι

308 1767 312 1778 ⁴
336 1679 437 1750 αὐτὸν
459 1679 507 1761 εἷς
527 1679 684 1770 τέσσαρα,
705 1679 790 1766 μετά
811 1686 978 1770 προςοχῆς
998 1678 1254 1767 καὶέύλαβειάς,
1276 1681 1381 1770 λέγει·

418 1783 620 1876 Μελίζεται
654 1783 717 1858 καλ
754 1781 1058 1881 διαμερίζεται“
1040 1815 1059 1859 ο
1095 1785 1214 1879 ἀμνὸς
1246 1793 1314 1860 τοῦ
1343 1788 1503 1876 θεοῦ,
1486 1785 1594 1866 ουὶδς

333 1895 402 1964 τοῦ
427 1885 624 1987 πατρὸς,
606 1915 626 1959 ο
651 1882 899 1982 μελιζόμενος,
933 1885 1071 1982 καὶμὴ
1098 1884 1425 1985 διαιρούμενος,“
1406 1918 1427 1962 ο
1454 1885 1591 1962 πάντοτε

333 1987 567 2084 ἐσθιόμενος,
594 2017 657 2062 και
645 1986 864 2084 μηδέποτε
891 1985 1177 2084 δαπανώμενος·
1207 1989 1300 2064 άλλὰ
1326 1987 1414 2072 τούς
1439 1989 1592 2086 μετέχον-

332 2122 399 2176 τας
425 2088 613 2191 ἁγιάζει·

417 2207 488 2275 Καλ
516 2203 535 2274 6
563 2202 716 2284 διάκονος
744 2201 901 2272 δεικνύων
928 2203 988 2272 σῦν
1014 2209 1062 2293 τῷ
1089 2202 1222 2295 δραρίῳ
1250 2205 1288 2274 τὸ
1320 2203 1415 2293 άγιον
1437 2201 1590 2292 ποτὴρων,

331 2308 437 2402 λέγεις

417 2410 640 2552 Πλήρωσον,
668 2407 906 2497 δέσποτα,Ι
869 2438 911 2482 το
935 2406 1045 2510 άγιον
1062 2407 1249 2508 ποτήριον.
1282 2421 1320 2491 0
1348 2421 1427 2492 δέ’
1416 2424 1518 2514 ιερεύς
1542 2424 1589 2488 λο-

329 2530 399 2617 βάν
419 2529 479 2619 τὴν
500 2525 567 2596 άνω
589 2525 740 2613 κειμένην
759 2521 881 2610 μερίδα
903 2527 1002 2636 (ΙΗΕ),
1029 2530 1125 2594 ποιεῖ
1145 2525 1206 2593 σύν
1225 2520 1308 2616 αύτῇ
1329 2525 1472 2639 σταυρὸν
1492 2523 1588 2594 ἐπάνω
1650 2611 1651 2628 ¹

330 2635 391 2700 τοῦ
407 2626 501 2716 ἁγίου
516 2624 691 2717 ποτηρίου,
706 2623 825 2750 λέγων·
860 2608 1057 2710 Πλήρωμα
1083 2613 1239 2698 πίστεως
1258 2609 1469 2708 πνεύματος
1486 2611 1588 2740 ἁγίου.

329 2731 401 2802 Καὶ
423 2728 528 2810 οῦτως
549 2725 761 2815 έμβάλλει’
731 2752 780 2807 τις
800 2726 839 2795 τὸ
862 2723 957 2815 άγιον
970 2725 1143 2818 ποτήριον.
1176 2723 1398 2809 Ὁδιάκονος.
1429 2715 1547 2812 Ἀμην.

543 2863 615 2931 Καὶ
637 2860 866 2948 δεχόμενος
831 2888 870 2931 το
895 2862 977 2946 ζέον,
998 2861 1088 2952 λέγει
1108 2863 1195 2952 πρὸς
1216 2864 1274 2933 τὸν
1295 2861 1403 2953 ἱερέα·

414 2965 641 3069 Εύλύγησον,
669 2965 843 3055 δέσποτα,
858 2965 912 3042 ’τὸ
939 2966 1030 3057 ζέον.

704 3095 742 3166 ‘0
765 3096 836 3168 δι’
825 3097 931 3188 ιερεύς
952 3095 1090 3187 εύλογεῖ,
1112 3097 1231 3187 λέγων·

413 3202 706 3333 Εύλογιγιένη“
686 3233 709 3300 η
747 3202 842 3294 ζέσις
875 3211 954 3278 ττῦν
989 3199 1109 3332 ἁγίων
1142 3230 1211 3278 σου
1237 3201 1409 3292 πάντοτε,
1446 3212 1517 3280 νῦν
1537 3199 1588 3277 καί

327 3307 397 3398 ἀεὶ,
424 3306 488 3383 καί
513 3311 564 3390 ελς
589 3305 677 3388 τοὺς
701 3309 842 3389 αἰῶνας
867 3313 946 3380 τῶν
972 3303 1133 3380 αλιύνων.
1179 3303 1307 3404 Ἀμήν.

326 3487 631 3500 ·—-.—-—-—————-·

413 3583 471 3644 Cap.
490 3578 586 3630 XXXIV.
604 3579 687 3629 XXXV.
724 3578 749 3628 P.
774 3602 807 3614 —
824 3565 883 3626 ελτο
906 3577 983 3627 ποιεῖ
996 3568 1151 3642 μετάνοιαν
1168 3573 1206 3641 τῷ
1224 3569 1345 3641 διακόνῳ
1364 3570 1377 3627 6
1396 3571 1485 3646 ἱερεύς
1499 3576 1586 3644 λέγειν·

326 3659 431 3730 τλδελιγλ
454 3660 501 3712 καλ
525 3657 716 3731 σολλειτουργὲ
740 3651 923 3728 συγχιύριγούν
944 3675 994 3730 μοι
1017 3659 1056 3726 τοῦ
1073 3653 1238 3730 ἁμαρτωλῷ.
1273 3659 1331 3711 Καὶ
1347 3657 1443 3725 λαρδν
1458 3665 1526 3726 μίαν
1541 3659 1584 3711 τῦν

325 3743 451 3817 μερίδων
473 3738 543 3813 μετά
562 3741 607 3808 τῆς
624 3742 716 3804 δεξιάς
729 3738 823 3812 χειρὸς
839 3745 947 3809 κατέχει
963 3738 1065 3809 ταύτην
1083 3747 1140 3802 τοῖς
1156 3741 1283 3796 κάτωθεν
1299 3741 1365 3795 δοολ
1382 3741 1531 3810 δακτύλοις,
1550 3745 1585 3794 λλ-

323 3845 385 3900 γων
401 3827 563 3880 καὶταῦτα·
581 3823 612 3880 τὸ
630 3831 722 3898 τίμιον
739 3857 772 3868 -
789 3820 995 3898 μεταλαμβάνει
1013 3822 1028 3880 6
1046 3825 1125 3880 δεῖνα
1142 3823 1232 3896 λερεύς
1247 3829 1304 3880 κτλ.
1341 3829 1436 3880 Ταῦτα
1454 3825 1535 3880 αύτοῦ
1548 3826 1584 3876 λέ-

323 3929 430 3984 γοντος,
454 3908 561 3980 κατέχει
584 3907 632 3976 τὴν
651 3915 734 3982 χεῖρα
759 3906 844 3964 τιύτοῦ
866 3912 937 3982 μετὰ
955 3912 1004 3964 τοῦ
1019 3913 1098 3964 θείου
1115 3903 1203 3979 άρτου
1220 3913 1260 3971 ελς
1276 3907 1324 3965 τὸν
1341 3907 1424 3981 άγιοιι
1441 3911 1535 3966 δίσκον
1548 3909 1584 3962 κτλ

323 3997 457 4070 στραφεὶς
472 3995 544 4064 πρὸς
560 3992 608 4048 τὸν
624 3989 760 4049 διάκονον
775 3997 863 4065 λέγει·
882 3991 897 4049 λ
916 3990 1046 4055 διάκονος
1062 3989 1204 4066 πρύςελθτ.
1229 3997 1287 4049 Καὶ
1303 3993 1466 4067 προτελθολν
1482 3993 1535 4068 μετ’
1549 3991 1584 4046 εύ·

322 4084 436 4150 λαμελας
451 4080 499 4133 καὶ
514 4077 609 4147 βαλών
624 4077 778 4149 μετάνοιαν
792 4082 833 4147 τῷ
849 4079 919 4150 ἱερεῖ
933 4081 1020 4150 λέγει·
1039 4075 1192 4149 εὐλόγησαν
1209 4081 1340 4148 δέσποτα,
1358 4075 1582 4150 ουγχούρησύνμιι

322 4167 361 4233 τῷ
378 4159 542 4238 ἁμαρτωλῷ.
579 4165 637 4216 Τοῦ
660 4163 693 4216 δέ
712 4159 746 4232 „6
768 4163 837 4223 Θεδς
859 4158 1023 4236 συγχωρήσῃ
1046 4163 1111 4218 σοικ
1134 4163 1296 4225 ἐπελποντος
1318 4164 1433 4218 ἐκτείνει
1457 4161 1504 4230 τήν
1516 4165 1582 4230 χεῖρε

323 4244 408 4302 ιιύτοῦ
431 4245 445 4302 6
472 4243 599 4307 διάκονος
622 4248 661 4307 ελς
683 4243 732 4301 τὸν
755 4247 852 4301 δίσκον
876 4249 922 4302 κτλ
939 4245 1033 4317 λαβὼν
1052 4243 1067 4302 6
1084 4243 1173 4321 ἱερεύς
1189 4246 1259 4318 μετά
1276 4250 1331 4302 τοῖν
1347 4251 1431 4318 τριῦν
1447 4243 1581 4307 δακτύλων,
1645 4289 1646 4296 ,

322 4331 433 4387 δίδοσιν
455 4329 532 4398 αύτῷ
553 4332 657 4402 λέγων·
683 4328 724 4385 Τδ
741 4336 833 4402 τίμιον
849 4361 884 4372 ·-
900 4332 1080 4402 μεταδίδοτοι
1096 4333 1154 4386 κτλ.
1186 4329 1217 4387 Ὁ
1233 4333 1265 4387 δὲ
1282 4328 1435 4396 άσπάλιττιι
1451 4331 1499 4400 τὴν
1509 4333 1578 4400 χεῖρε

321 4417 371 4470 τοῦ
387 4418 482 4487 ἱερέως
497 4417 546 4468 καλ
562 4415 758 4475 ύποκλλναντες
774 4416 822 4468 καλ
834 4413 1080 4486 εὐχαριστήσαντες
1087 4413 1245 4488 ἀμφότεροι
1254 4413 1580 4479 δνοοτάντεςκοινιινοῦτι

322 4501 369 4553 τοῦ
385 4501 520 4562 λωοττοιοῦ
536 4493 629 4572 άρτου.
663 4499 720 4551 Καὶ
737 4495 824 4553 πάλιν
839 4497 933 4569 λομολν
950 4497 965 4556 6
983 4498 1072 4573 ἱερεύς
1088 4497 1118 4556 τύ
1136 4501 1220 4572 άγιον
1236 4496 1372 4573 ποτήριον
1388 4503 1477 4572 λέγει·
1497 4495 1533 4554 Τδ
1547 4497 1580 4549 τλ-

320 4599 389 4654 μιον
405 4586 454 4636 καλ
470 4579 612 4654 πονάγιον
629 4584 712 4653 στῦμα
730 4585 778 4637 καλ
795 4575 865 4655 αἷμα
883 4585 939 4638 κτλ.
974 4589 1033 4640 Kal
1058 4588 1132 4640 πιῶν
1150 4586 1181 4640 ἐκ
1199 4591 1291 4658 τρλτοο
1306 4587 1474 4658 κροτοῦντος
1488 4583 1533 4637 τοῦ
1545 4580 1579 4632 λε·
1644 4589 1645 4634 λ

320 4667 390 4740 ρέος
406 4664 436 4722 τύ
453 4661 595 4752 ποτήριον,
613 4667 764 4731 ἀσπάζεται
782 4663 798 4724 6
813 4662 942 4729 διάκονοι
958 4665 1008 4724 τδν
1023 4671 1100 4744 ἱερέα
1117 4671 1167 4724 κκλ
1182 4668 1267 4732 εὐθὺς
1284 4669 1424 4726 συστέλλει
1441 4663 1579 4727 §cmm
