3378 5302
949 406 1019 521 τοο

656 599 696 671 ‘0
717 602 756 672 66
777 597 886 688 ίεριῦς
901 600 1091 689 κλινόμενος
1112 599 1298 687 ἀποίχεται.

423 741 496 816 Καὶ
521 735 667 816 τούτων
692 735 846 816 πάντων
870 739 937 825 τὰς
961 739 1087 840 ψυχὰς
1112 737 1346 832 ἀνάπαυσον,
1372 736 1581 816 δίσποτα’
1542 771 1597 816 κο

347 873 401 942 ριε
435 843 454 918 6
488 840 629 926 θεὸς
608 847 730 939 ημῶν,
764 845 804 917 ἐν
837 847 918 926 ταῖς
948 851 1027 917 τῶν
1060 839 1180 972 ἀγίρον
1213 866 1281 955 σρυ
1308 849 1470 940 σκηναῖς,
1501 845 1595 918 ἐν’
1560 873 1596 938 τη

346 943 517 1073 βασιλείᾳ
551 967 620 1020 σου
652 939 896 1042 χαριζόμενος
935 945 1060 1028 αὐτοῖς
1091 943 1139 1017 τὰ
1174 945 1253 1074 τρῦν
1287 941 1598 1074 εὐαγγελίων
1540 969 1597 1018 σου

348 1042 495 1173 ἀγαθοί,
528 1045 552 1120 66
585 1043 850 1173 ὄφθαλμρλς’
810 1073 878 1120 ουκ
902 1044 1011 1136 εἶδεν,
1021 1047 1044 1145 ¹)
1076 1045 1139 1120 καὶ
1172 1039 1245 1176 ρούς
1261 1074 1329 1120 ουκ
1352 1047 1518 1176 η’κριυσεν,
1547 1043 1599 1118 καὶ

349 1153 407 1223 ε’πι
395 1135 594 1245 καρδίαν
618 1143 904 1274 6631265166’
864 1175 933 1222 ουκ
957 1146 1138 1246 ἀνίβη,“
1114 1178 1138 1221 α
1163 1145 1367 1245 ἡτοίμασας
1393 1145 1412 1223 6
1438 1146 1522 1230 θεὸς
1536 1151 1599 1228 τοῖς
1650 1181 1656 1194 ·

349 1251 521 1380 ἀγαπῶσι
553 1247 596 1324 τὸ
630 1245 751 1344 όνομοί
784 1273 853 1323 σου
884 1247 985 1323 ιδ’
942 1277 1079 1378 αγιον.
1130 1252 1270 1324 Αὐτῶν
1301 1247 1372 1344 μίν
1403 1248 1469 1332 τὰς
1492 1245 1600 1372 ψυχὰς

349 1349 584 1440 ἀνάπαυσον,
609 1378 673 1425 και
660 1347 953 1450 *fiaotzsiag'
913 1359 1088 1479 ουρορνῶν
1112 1351 1360 1480 καταξίωρτον·
1388 1351 1479 1447 ἡμῖν
1503 1345 1595 1426 ἀί
1562 1375 1600 1421 τα

348 1453 430 1550 τέλη
455 1461 520 1550 τῆς
545 1448 640 1548 ζωῆς
662 1451 859 1578 χρρστιανὰ
885 1451 949 1526 καὶ
973 1449 1153 1550 εῦόρεστα
1178 1450 1242 1527 καὶ
1274 1449 1516 1552 ἀναμάρτητα
1538 1445 1601 1524 66-

350 1581 483 1682 ρησαι·
510 1551 574 1628 καὶ
607 1551 725 1636 669‘
703 1557 795 1650 ημῖν
819 1549 955 1652 μερίδα
979 1554 1042 1628 καὶ
1038 1555 1248 1681 κλῆρον”
1227 1582 1323 1650 εχειν
1347 1553 1441 1648 μετὰ
1466 1553 1602 1627 πάντων

348 1665 427 1731 τῶν
460 1655 580 1782 ἀγίρον
612 1680 692 1784 σρυ.
748 1659 834 1730 Τῶν
865 1652 1150 1784 προςφερόντων
1181 1653 1249 1740 τὰς
1281 1651 1433 1746 θυσίας,
1465 1653 1532 1782 ρεαλ
1547 1649 1602 1732 τὰς

349 1753 576 1884 προςφοροίς,
607 1755 653 1830 τὰ
688 1753 947 1884 εῦχαριστήρια
980 1754 1173 1857 πρόςδεξαι
1206 1755 1343 1841 ὃθεὸς
1367 1761 1417 1841 εἲς
1442 1755 1484 1830 τὸ
1509 1753 1602 1878 ἀγιον

348 1858 412 1934 καὶ
437 1851 659 1986 ἐπουράνιον
684 1886 747 1932 και
735 1855 904 1957 ⁸voep6v
931 1881 999 1933 σου
1025 1853 1309 1958 θυσιαστήριον,
1336 1863 1386 1942 εἰς
1410 1887 1459 1931 τα
1444 1854 1602 1957 *μεγέθη

348 1968 427 2086 τῶν
460 1959 647 2090 οὐρανῶν,
682 1958 746 2033 διὰ
778 1965 843 2055 τῆς
863 1959 1138 2088 ἀρχαγγελικῆς
1171 1985 1240 2036 σου
1272 1958 1510 2086 λειτουργίας,
1539 1961 1604 2028 τῶν

349 2061 392 2135 τὸ
425 2061 519 2135 πολύ
543 2059 607 2136 καὶ
631 2057 770 2187 ὃλίγρν,
785 2057 930 2190 κρύφα
955 2062 1018 2136 καὶ
1025 2062 1237 2190 παρρησία,
1268 2063 1523 2160 βουλομένων,
1553 2051 1604 2178 κρὶ

350 2163 420 2237 οῦκ
444 2159 623 2258 ἐχόντων’·
661 2161 723 2235 καί
748 2169 827 2237 τῶν
852 2166 893 2237 ἐν
918 2169 962 2258 τῇ
989 2159 1150 2294 σήμερον
1174 2163 1292 2264 ἡμέρα
1317 2162 1384 2248 τὰς
1410 2155 1605 2288 πρριςηορᾶλ

350 2259 692 2390 προςενεγκόντων,
734 2261 783 2346 ῶς
822 2263 1023 2364 προςεάἔξω
1056 2265 1103 2340 τὰ
1136 2263 1242 2362 δῶρα
1273 2272 1341 2342 τοῦ
1373 2261 1519 2340 δικαίου
1548 2283 1605 2332 σου

344 2365 461 2461 Ἀβὲό
491 2378 574 2464 [Καὶ
593 2375 712 2464 βάλλει
731 2376 929 2493 θερμίαματ
911 2407 929 2449 ο
952 2377 1126 2466 ίερεὺςκαι
1118 2379 1251 2494 ’λόγριά
1284 2366 1360 2464 Τὴν
1384 2363 1529 2441 θυσίαν
1549 2363 1606 2433 τοῦ

351 2465 489 2564 πατρὸς
512 2465 623 2595 η’μῶν
632 2464 821 2564 Ἀβραάμ,
847 2471 1040 2596 Ζαχαριοο
1058 2498 1101 2543 το
1087 2469 1311 2598 “θομίαμα,
1338 2465 1537 2565 Κορνελίοο
1552 2459 1608 2541 τὰς

351 2571 609 2666 ίλεημοσυνας,
642 2567 706 2642 καὶ
739 2576 803 2664 τῆς
831 2566 949 2667 χήρας
981 2569 1027 2644 τὰ
1060 2567 1130 2645 660
1162 2565 1287 2660 λεπτοί,
1320 2567 1525 2700 νρρόςὸεξαι,
1555 2559 1608 2638 καὶ

352 2669 480 2744 αὐτῶν
511 2667 558 2743 τά
592 2666 866 2800 εῦχαριστήρια,
900 2671 963 2746 καὶ
997 2671 1147 2756 ἀντιάὸς
1180 2671 1306 2758 αὐτοῖς
1331 2669 1418 2748 ἀντὶ
1442 2678 1520 2744 τῶν
1543 2668 1608 2738 ἐπι-

351 2769 464 2898 γείων
495 2770 542 2844 τὰ
577 2767 747 2896 οῦροίνια,
782 2772 868 2847 ἀντὶ
900 2782 978 2849 τῶν
1004 2771 1258 2904 προςκαίρων
1261 2772 1309 2848 τά
1335 2769 1482 2900 αἰῶνια.
1527 2765 1608 2904 [Τὸν

352 2867 562 3002 ἇγιῶταρον
586 2871 650 2946 καὶ
675 2869 961 3002 μακαριώτατον
988 2873 1131 2951 Πάπαν
1157 2872 1258 2949 A'.‘⁸
1239 2901 1283 2950 ον
1308 2874 1497 3004 προίγνως
1520 2867 1608 2945 καὶ

351 2973 661 3072 προχειρίσασθαι
691 2971 760 3070 τὴν
793 2973 906 3104 ἁγίαν
939 3002 1007 3051 σου
1026 2975 1245 3152 καθολικὴν
1279 2977 1343 3051 καὶ
1378 2967 1610 3064 ἀποστολικλμ

352 3075 559 3170 ἐκκλησίαν,
594 3073 807 3152 καὶτὸν
790 3073 995 3153 οσιῶτατον
1026 3075 1226 3153 ἐπίσκοπον
1251 3075 1307 3152 Δ’.
1332 3076 1401 3152 τὸν
1432 3073 1608 3174 ἡμέτεραι,

352 3185 549 3275 σοντηρῶν
582 3173 814 3277 συντήρησον
847 3179 1002 3308 αύτρύς
1008 3181 1100 3254 ἔτεσι
1127 3185 1285 3270 πολλοῖς,
1312 3175 1464 3276 χρόνοις
1488 3181 1611 3302 είρηνι

350 3306 440 3368 κοις,
455 3283 701 3407 ἐκτελοῦνρας
727 3279 863 3364 αὐτοῦς
887 3280 955 3378 τὴν
980 3279 1053 3356 ἀπὸ
1071 3290 1140 3356 σοῦ
1156 3281 1493 3410 ἔμπεπιστευμίνην
1510 3273 1611 3378 ἁγίαν

351 3403 421 3456 σου
447 3375 739 3478 ἀρχιερωσύνην,
764 3381 859 3456 κατὰ
884 3383 978 3456 τὸ”
954 3411 1063 3484 αγιον
1087 3382 1150 3458 καί
1170 3377 1358 3510 μακοίριόν
1375 3407 1444 3457 σου
1463 3380 1611 3500 θέλημα,

352 3480 659 3606 ἀρθοτομοῦντας
683 3479 752 3556 τόν
776 3479 889 3612 λόγον
914 3491 978 3659 669
1003 3483 1207 3613 ἀληθείας]
1259 3481 1467 3582 Μνήσθητι
1493 3478 1533 3556 ἀε
1557 3473 1611 3600 κιρλ

351 3587 430 3654 τῶν
455 3579 674 3676 ἁπανταχοῦ
699 3581 963 3680 ὀρθοάόξωνέ
965 3583 1169 3676 πισκόπων,
1195 3583 1521 3714 πρεσβυτέρρον,ύ
1521 3573 1612 3654 ιακό

353 3709 432 3757 νων
457 3677 810 3780 [ὑποῦιακόνων],’
790 3695 1057 3816 αναγνωστῶν,
1082 3695 1239 3817 ψαλτῶν
1257 3681 1564 3814 [μοναζόντριιν,’
1546 3707 1613 3754 αα

353 3783 586 3880 παρθενων],
608 3793 771 3912 χηρῶν,
778 3793 927 3862 λαϊκῶν.
954 3785 1162 3886 Μνήσθητι
1187 3786 1290 3888 κύριε
1315 3795 1379 3919 669
1405 3787 1613 3912 ἀγίαςΧρι

354 3891 444 3958 στοῦ
475 3894 543 3960 τοῦ
568 3885 708 3961 θεοῦ
687 3893 797 3983 ημῶν
821 3886 959 3974 πόλεως
982 3890 1046 3966 καί
1070 3900 1135 3988 τῆς
1157 3887 1437 3988 βασιλευούσης,
1472 3889 1614 3976 καὶτῆς

353 3983 542 4071 πόλεως’
522 3995 630 4084 ημῶν
656 3985 804 4086 ταύτης,
830 3989 948 4088 πάσης
972 3990 1110 4076 πόλεως
1134 3993 1197 4068 καί
1219 3990 1358 4122 χρύρας,
1390 3991 1454 4066 καὶ
1479 4008 1614 4064 των
1579 3986 1614 4056 6

353 4084 549 4186 όρθοῶόξῳ
582 4087 701 4163 πίστει
724 4096 893 4189 Χριστοῦ
919 4092 1124 4224 ολκούριτων
1149 4097 1190 4171 ἐν
1216 4094 1359 4182 οῦταῖς,
1392 4089 1535 4191 ελρήνης
1559 4081 1615 4162 καὶ

353 4189 555 4288 ἀσφαλείας
581 4191 719 4319 αὐτῶν.
759 4191 970 4323 Μνήσθητρ
993 4193 1094 4295 κύριε
1120 4193 1239 4322 ριόαης
1264 4204 1386 4294 ψυχῆς
1406 4195 1616 4322 χριστιανῇς

351 4293 580 4388 θλιβομένης
612 4292 675 4367 καὶ
675 4298 1043 4423 καταπονουμένης,
1077 4297 1197 4382 ἐλέους
1228 4297 1323 4374 θεοῦ
1354 4325 1417 4372 και
1406 4295 1547 4422 “βοηθ
1547 4289 1616 4369 σίας

352 4391 597 4520 ἐιριόεομένης,
623 4394 686 4469 καί
711 4397 933 4496 ἐπιστροφῆς
957 4408 1035 4474 τῶν
1061 4399 1360 4497 πεπλανημένων.
1414 4404 1500 4471 Μνι
1498 4393 1614 4521 ἱσρθηρῑ

352 4490 453 4592 κύριε
485 4503 564 4570 τῶν
596 4498 638 4570 ἐν
670 4499 916 4598 αἰχμαλωσίᾳ,
949 4507 1026 4577 τῶν
1052 4500 1272 4601 ἀύελφῶν“
1252 4508 1373 4598 ημῶν,
1407 4497 1472 4581 δός
1498 4495 1618 4572 αὐτοῖς

440 4667 463 4728 1)
481 4667 567 4715 mrim
581 4671 639 4716 male
656 4665 735 4718 0166.
