3336 5302
159 2122 265 2186 Portio
292 2123 358 2188 tuo
386 2125 515 2189 mittitur
545 2125 574 2188 in
603 2125 737 2198 calicem,
767 2125 912 2208 particula
934 2127 984 2190 XC
1006 2127 1036 2190 in
1060 2127 1271 2192 communione
1293 2126 1354 2190 clc-

78 2223 207 2287 ricorum
230 2225 405 2306 porrigitur,
436 2227 566 2308 denique
588 2238 690 2308 partes
712 2227 751 2290 Nl
775 2239 804 2291 ct
826 2229 875 2292 ΚΑ
898 2239 1088 2292 reservantur
1109 2229 1146 2292 ad
1169 2227 1357 2292 communio·

80 2341 145 2387 nem
169 2328 339 2391 accessuris
362 2348 379 2392 e
401 2328 499 2392 laicis.

158 2431 198 2489 At
224 2440 365 2510 superest
392 2431 468 2493 mira
496 2448 531 2492 ac
554 2429 715 2510 singularis
738 2429 919 2494 Graecorum
943 2430 1142 2494 caerimonia:
1176 2449 1271 2511 aquae
1294 2433 1353 2496 ler-

79 2527 161 2591 ridac
190 2549 258 2593 cum
286 2532 357 2594 rino
392 2541 569 2595 consecrato
604 2531 788 2594 commixtio.
831 2531 869 2594 Et
900 2533 926 2594 si
955 2532 1005 2595 alii
1035 2533 1165 2596 ministri
1194 2533 1353 2606 defuerint,

79 2627 227 2693 biaconus
254 2633 376 2695 urceolo
406 2652 500 2697 aeneo
529 2633 590 2712 igni
619 2634 664 2696 rel
694 2651 782 2696 cereo
811 2633 928 2696 ardenti
957 2635 1077 2697 admoto
1105 2653 1171 2700 eam
1201 2633 1353 2715 disponit,

79 2729 126 2792 ubi
148 2733 248 2796 maior
270 2744 317 2796 est
339 2734 545 2797 ministrorum
568 2733 665 2815 copia,
687 2727 869 2815 καμισάτοι
890 2737 918 2810 (a
937 2735 1024 2798 lineis
1040 2734 1116 2798 albis
1132 2755 1157 2798 s.
1170 2736 1292 2799 canisiis
1308 2735 1352 2798 di·

80 2832 128 2908 cti)
158 2833 340 2898 calefaciunt
367 2854 475 2917 aquam
505 2833 536 2897 in
559 2835 732 2899 Diaconico.
777 2836 881 2898 Varias
902 2839 1030 2900 atterunt
1052 2836 1242 2900 Rubricistac
1263 2837 1353 2900 huius

78 2934 150 2998 ritus
174 2953 282 2998 causas
305 2945 336 2999 ct
356 2953 475 3000 sensus.
505 2937 557 2999 Vel
577 2936 765 3015 significatur
787 2940 909 3017 sanguis
932 2956 999 3001 cum
1022 2957 1099 3018 aqua
1117 2938 1211 3002 calida
1227 2958 1244 3001 c
1259 2937 1353 3002 latere

80 3033 186 3098 Christi
209 3037 376 3118 prossucns,
399 3037 443 3100 rel
457 3037 588 3117 Spiritus
604 3039 742 3112 Sanctus,
765 3037 817 3119 qui
840 3039 930 3101 ctiam
953 3057 1029 3120 aqua
1046 3039 1156 3102 dicitur
1167 3050 1197 3102 et
1212 3048 1352 3121 tanquam

80 3133 153 3216 iguis
183 3139 214 3202 in
244 3138 411 3221 discipulos
440 3139 549 3203 Christi
581 3139 716 3220 dilapsus
743 3141 894 3221 apparuit.
936 3139 975 3202 Et
1007 3158 1083 3222 quac
1116 3141 1250 3204 secundo
1282 3141 1350 3204 loco

80 3249 310 3302 commemorata
341 3251 389 3304 est
415 3239 635 3321 interpretatio,
668 3239 739 3304 huic
766 3240 834 3304 sine
863 3239 956 3304 dubio
979 3241 1186 3322 patrocinatur
1206 3241 1352 3304 termulae

80 3337 107 3401 in
128 3340 344 3404 commixtione
366 3360 461 3422 aquae
483 3341 627 3422 prolatae.

159 3476 234 3558 Cap.
257 3476 371 3540 XXXV.
416 3475 635 3540 Communio
673 3475 778 3539 cleri.
822 3475 968 3558 Perquam
1006 3474 1165 3540 laudabilis
1202 3476 1351 3542 ecclesiae

81 3573 207 3640 Graecae
229 3576 392 3659 disciplina
416 3578 561 3662 exposcit,
591 3569 624 3640 ut
650 3579 681 3640 in
705 3595 882 3660 quacunque
904 3577 1007 3653 missa,
1036 3578 1154 3642 etiamsi
1177 3578 1351 3644 desideren-

80 3683 122 3740 tur
142 3677 267 3742 Domini
300 3680 442 3743 conrirae
465 3701 483 3744 e
509 3679 655 3743 laicomm
686 3698 821 3753 numero,
855 3680 950 3743 sacris
979 3680 1160 3762 participent
1191 3682 1351 3756 Diaconos,

79 3779 197 3842 onnino
221 3777 326 3842 clerici
349 3779 491 3856 ministri,
519 3780 571 3861 qui
594 3779 765 3843 adstiterint
787 3781 968 3845 celebranti.
1011 3782 1197 3846 sacramenti
1220 3783 1351 3865 particu-

80 3877 132 3944 lam
153 3880 328 3962 susccptori
347 3897 466 3944 manum
488 3880 642 3944 sinistram
665 3881 785 3946 dextrae
808 3883 838 3945 in
861 3883 983 3945 modum
1006 3883 1106 3946 crucis
1129 3883 1296 3964 imponunt,
1319 3893 1352 3946 ut

80 3997 139 4044 tam
161 3981 323 4046 casanola
346 3982 535 4046 contineant:
564 4001 692 4064 moxque
715 3983 834 4047 dextera
858 3984 985 4048 firmiter
1006 3983 1126 4048 occlusa
1149 3984 1351 4066 precibusque

80 4085 205 4162 praeriis
227 4082 375 4156 recitatis,
398 4083 444 4147 ori
466 4102 534 4147 cum
556 4101 662 4164 magna
685 4083 801 4148 cautela
824 4085 993 4150 admovent.
1037 4085 1101 4150 Una
1123 4104 1229 4148 omnes
1251 4094 1282 4147 et
1298 4104 1350 4146 eo-

80 4183 140 4249 dern
170 4195 308 4268 tompore
330 4184 440 4248 Christi
469 4186 590 4267 corpori
617 4185 810 4267 participant
855 4188 1005 4252 Sacerdos
1028 4187 1183 4250 celebrans
1205 4185 1252 4249 vel
1274 4203 1351 4267 pon·

81 4285 146 4350 tiles
167 4289 199 4350 in
222 4285 325 4351 medio
347 4285 442 4361 altari,
464 4285 516 4349 alii
539 4287 712 4350 sacerdotes
735 4285 766 4348 iu
789 4287 893 4351 altaris
915 4289 1053 4362 circuitu,
1076 4295 1156 4349 rctro
1172 4286 1265 4350 altare
1280 4287 1351 4350 uia·

81 4404 178 4450 conus.
223 4386 369 4467 Sanguiui
392 4405 512 4469 quoque
535 4387 784 4450 communicaturi
807 4389 913 4453 ordine
936 4389 1113 4472 procedunt,
1137 4385 1230 4450 calice
1246 4388 1349 4452 altaris

81 4483 107 4548 in
133 4487 235 4552 medio
264 4487 446 4553 celebrantis
468 4507 558 4554 manu
580 4488 701 4571 paulurn
724 4487 878 4564 inclinato,
908 4511 944 4554 er
967 4509 1026 4572 quo
1048 4487 1200 4552 hausturis
1223 4507 1350 4552 necesse

82 4597 132 4664 cst
158 4579 279 4654 modico
307 4607 403 4670 genua
432 4592 598 4656 inflectere.
641 4589 703 4656 Ter
730 4599 829 4654 autem
859 4590 986 4672 quilibet
1012 4609 1047 4654 cx
1076 4608 1112 4653 eo
1136 4589 1224 4670 sugit,
1253 4591 1350 4672 quali-

80 4683 128 4752 bet
155 4692 221 4756 rice
254 4709 343 4757 unam
372 4693 403 4755 S.
426 4693 583 4757 Trinitatis
610 4709 771 4776 personam
804 4693 977 4774 appellans:
1014 4684 1063 4769 εἰς
1088 4687 1127 4756 cd
1154 4680 1262 4774 ὄνομα
1288 4691 1351 4758 τοῦ
