3378 5302
938 416 1009 488 144

822 592 894 664 “O
883 597 990 686 asnede
1011 597 1110 685 λέγει.

403 697 450 776 Ὁ
469 694 598 796 κύριος
623 693 801 828 eqiioyaffqp
819 727 882 774 και
871 696 1174 834 συνδιοικονήσῃ
1192 698 1329 828 nimiast)
1342 709 1387 796 τῇ
1406 702 1522 778 αὐτοῦ
1537 703 1600 802 χᾶ-

333 829 419 899 ptca,
445 809 518 878 νῦν
542 799 605 876 καλ
631 799 688 874 ἀεὶ
712 799 776 876 καὶ
802 807 852 885 εις
875 802 963 886 τοὺς
988 808 1129 886 αἰῶνας
1153 810 1233 878 τῶν
1259 797 1420 878 αἰώνων.

408 929 480 1001 “0
469 932 575 1022 ιορεὺς
596 932 664 1022 πρὸ
685 939 746 1001 τοῦ
768 930 968 1022 εὐαγγελίου,
990 933 1108 1020 βάλλει
1129 933 1297 1021 θυμίαμα,
1321 933 1487 1023 λέγων“
1447 960 1558 1018 ουτως.

413 1053 591 1151 Θυμίαμα
624 1055 886 1184 qrpocpipopaav
914 1051 1073 1130 ἐνώπιον
1105 1064 1170 1154 τῆς
1205 1053 1325 1181 ολγίας
1346 1053 1455 1154 δόξης
1481 1057 1599 1148 uov,d

331 1152 434 1245 θεός,
461 1152 751 1253 προςιλεξοίμενος
777 1157 886 1240 εἷς
848 1187 890 1230 το
909 1155 1036 1284 ἅγιον,
1056 1158 1119 1232 καὶ
1137 1155 1422 1254 ὑπερουρολνιον,
1448 1159 1511 1234 καὶ
1529 1189 1600 1235 νοε-

333 1254 402 1384 σόν
428 1280 496 1332 σοο
523 1255 806 1386 θυσιαστήριον.
814 1256 1231 1388 :sequestratumque
1211 1263 1303 1356 ηιιῒν
1328 1258 1397 1356 τὴν
1412 1257 1525 1361 χάριν
1541 1271 1600 1388 τοῦ

332 1357 442 1488 ἁγίου
468 1384 537 1434 σου
563 1355 785 1488 ανειλαατος,
813 1359 869 1436 ὅτι
896 1360 1185 1463 εὐλογημένος
1164 1359 1351 1456 vaningus,
1377 1364 1441 1436 καὶ
1469 1363 1515 1439 σὺ
1539 1363 1599 1460 τὴν

336 1458 451 1546 δόξαν
479 1485 548 1535 σου
575 1459 810 1559 ἀναπεμψον.

415 1597 486 1670 VH
521 1606 559 1678 ‘O
582 1607 776 1692 daciaoaog'
756 1636 813 1679 oca
833 1612 951 1698 μέλλει
971 1609 1079 1680 εἰπεῖν
1100 1611 1139 1680 τὸ
1161 1607 1361 1700 εὐαγγέλιον,
1383 1613 1485 1701 λέγει.

408 1710 522 1810 Κύριε
547 1711 759 1816 εὐλόγησαν.
789 1757 792 1765 «

420 1850 443 1914 t>
461 1854 527 1898 Eabr.
544 1847 626 1916 ἡμῖν.

332 2055 402 2106 nobis
421 2065 445 2106 ut
464 2057 762 2124 eorumsmeminissemus
780 2057 803 2106 in
824 2057 913 2106 nostris
932 2057 960 2106 ad
980 2063 1003 2106 te
1021 2055 1170 2106 orationibus
1188 2065 1212 2106 et
1230 2057 1350 2121 precibus.
1386 2057 1405 2107 O
1425 2057 1526 2108 Domine
1539 2058 1600 2122 quie-

331 2148 378 2190 tent
399 2139 448 2190 illis
466 2141 545 2191 trihus
563 2154 666 2205 quorum
685 2141 818 2205 praecessit
834 2141 962 2190 dormitio:
982 2141 1091 2190 inllrmos
1109 2155 1177 2203 saara,
1196 2144 1250 2206 quia
1271 2151 1295 2192 tn
1313 2143 1357 2192 rita
1375 2159 1402 2192 cs
1419 2143 1543 2194 omninum
1560 2157 1600 2191 uo·

330 2231 417 2282 strum,
445 2225 512 2274 salas
539 2226 656 2286 omniunt,
683 2239 740 2289 spes
764 2225 880 2285 omnium,
909 2225 1002 2275 medela
1027 2226 1144 2287 omnium,
1170 2227 1365 2290 resurrectioqne
1391 2227 1500 2276 omnium
1527 2252 1554 2262 -
1571 2251 1599 2262 ·-

329 2307 389 2357 Turn
409 2308 472 2358 dicet
484 2307 604 2358 Psalmuna
624 2317 647 2358 et
665 2317 721 2373 post
738 2310 833 2359 tertium
853 2324 946 2359 sersurn
966 2311 1248 2372 SacerdosEtengelium
1267 2312 1407 2361 incensabit.
1444 2311 1558 2361 Ascendet
1574 2310 1598 2360 atl

332 2391 416 2453 altare,
435 2405 568 2458 rursusque
586 2393 711 2444 incensum
730 2395 824 2453 olleret,
842 2392 917 2444 semel
937 2395 1035 2456 signans
1053 2395 1183 2446 nauiculam
1203 2397 1271 2457 signo
1291 2397 1383 2446 crucis:
1402 2395 1490 2445 deiude
1502 2395 1600 2446 circuibit

330 2489 383 2527 cum
409 2477 507 2530 incenso
526 2475 689 2540 Evangelium,
714 2486 763 2528 tum
789 2478 864 2528 altare
888 2477 980 2528 sentel:
1005 2477 1136 2528 descendet
1153 2480 1182 2528 ab
1202 2479 1280 2540 altari,
1304 2481 1406 2543 accipiet
1423 2479 1598 2542 Euangelinnaa

329 2561 445 2622 Diacono,
465 2569 663 2626 consectaturque
681 2563 710 2612 ad
730 2562 893 2612 Occidentem.
928 2563 1047 2612 Accedent
1064 2563 1209 2613 secerdotes
1227 2577 1320 2624 omnes,
1342 2573 1364 2613 et
1383 2562 1443 2614 illud
1463 2564 1599 2614 osculabun-

330 2653 382 2695 tur:
402 2646 455 2709 ipse
474 2653 612 2709 postremus
631 2645 689 2696 illud
709 2643 865 2708 osculabitur,
884 2647 997 2710 dabitque
1015 2648 1074 2696 illud
1094 2647 1198 2698 Diacono
1218 2647 1371 2708 ministranti,
1389 2664 1464 2713 quem
1481 2651 1549 2698 etiam
1567 2649 1598 2696 in-

330 2729 445 2780 censabit
481 2731 589 2794 Cumque
607 2731 727 2781 Diaconos
746 2731 808 2780 dicet
826 2732 900 2790 State,
919 2745 1048 2780 conversos
1058 2733 1177 2782 Sacerdos
1196 2733 1224 2781 ed
1236 2731 1359 2782 Orientem
1378 2733 1451 2794 dicet,
1470 2733 1598 2783 innomine

328 2814 380 2864 Dei.
416 2813 468 2863 ttae
492 2815 616 2864 incensum
642 2823 677 2864 ter
702 2815 816 2876 adolebit,
840 2817 869 2864 ad
894 2817 1070 2866 Sanetuatium.
1105 2815 1173 2866 Dicet
1191 2817 1310 2866 Diaconos
1327 2817 1432 2868 Denedic
1452 2817 1557 2876 Domine,
1579 2824 1599 2865 et

329 2897 401 2956 dicet,
419 2898 516 2950 initiunt
535 2900 610 2948 sancti
630 2899 750 2961 Evangelii
767 2901 899 2957 secundum
919 2899 1071 2960 llattbaeum,
1090 2899 1204 2960 blancum,
1223 2901 1320 2960 bircam,
1338 2901 1464 2954 loannem.
1499 2903 1598 2965 Cumque

330 2983 449 3044 interpres
467 2982 587 3045 Evangelii
606 2983 671 3044 dicit,
689 2985 756 3033 State
774 2998 828 3033 curn
847 2984 933 3033 timore
951 2983 1002 3042 Dei,
1029 2985 1175 3033 convertitur
1193 2985 1311 3034 Sacerdos
1330 2986 1360 3035 ad
1380 2987 1544 3046 Occidentem,
1565 2986 1597 3034 in·

329 3075 412 3116 censat
435 3067 513 3116 tribua
536 3068 627 3118 risibus
645 3068 807 3131 Euangelium.
843 3069 903 3117 Tum
929 3081 1057 3118 conversus
1081 3067 1111 3117 ad
1130 3069 1306 3130 Sanctuarium,
1331 3069 1390 3118 illud
1409 3071 1519 3122 incensat
1535 3072 1598 3119 etiam

328 3158 373 3211 ter,
403 3150 490 3202 deinde
514 3151 658 3202 Sacerdotes
686 3153 777 3204 semel:
805 3161 873 3202 stans
898 3154 922 3202 in
946 3152 1000 3202 loco
1024 3166 1078 3212 sno,
1105 3155 1210 3203 recitans
1234 3154 1323 3218 aliquid
1342 3155 1432 3204 interea
1453 3155 1599 3206 moratione

326 3235 456 3298 Evangelii.
492 3237 552 3286 Tum
572 3237 691 3287 Diaconos
714 3236 790 3288 semel
815 3239 937 3288 incensat:
962 3252 1007 3286 nec
1024 3236 1112 3288 desinit
1129 3238 1223 3287 interim
1243 3238 1364 3287 thuribula
1384 3238 1499 3302 adolera;
1523 3251 1597 3288 coram

326 3319 465 3382 Evangelio,
491 3321 520 3371 ad
539 3322 611 3372 linem
630 3337 707 3387 usqne
726 3322 838 3372 lectionis
857 3323 908 3372 eiua
928 3323 1027 3385 Coptica
1045 3329 1067 3370 et
1085 3322 1109 3372 in
1129 3322 1212 3375 ultimo
1231 3330 1350 3372 commate
1367 3323 1478 3374 incensat
1495 3333 1538 3384 ter,
1560 3322 1597 3372 dat

327 3412 406 3453 autent
425 3405 577 3467 Euangelium
600 3405 728 3469 legendnm
747 3406 854 3456 Discoun
880 3407 900 3456 si
924 3407 1001 3470 probe
1025 3405 1084 3454 illud
1104 3406 1185 3467 legere
1203 3407 1271 3466 sciat,
1295 3408 1333 3456 sin
1353 3411 1440 3469 minos,
1466 3408 1528 3470 leget
1544 3405 1598 3456 illud

327 3489 380 3552 ipae
398 3489 527 3543 Sacerdos.
564 3491 632 3549 Quod
651 3491 671 3540 si
690 3491 811 3541 Diaconos
829 3489 1054 3552 legatErangelium
1073 3489 1225 3550 crdmltune,
1245 3491 1376 3540 incensatio
1387 3492 1509 3554 Evangelii
1525 3493 1597 3556 priron

327 3580 351 3621 et
368 3581 492 3635 postremo
517 3573 557 3622 llet
580 3573 609 3622 ad
629 3574 701 3624 limen
721 3575 795 3623 chori.
832 3574 941 3637 Cumque
960 3573 1023 3623 dicet
1039 3576 1168 3637 interpres,
1192 3575 1287 3626 Domini
1306 3584 1330 3625 et
1347 3575 1388 3626 Dei
1406 3578 1495 3636 nostri,
1518 3574 1599 3626 redibit

326 3655 356 3705 ad
375 3656 543 3705 sanctuarium
568 3664 591 3707 et
615 3658 738 3707 incensum
764 3659 842 3707 tribus
864 3658 953 3707 ticilaus
978 3658 1092 3717 adolebit,
1116 3660 1226 3724 dicetque
1250 3671 1391 3725 sequentem
1410 3665 1543 3712 orationem
1561 3673 1597 3707 se-

326 3747 401 3800 creto,
419 3741 515 3804 quaudo
534 3739 686 3802 Euangelium
704 3741 798 3803 legetur
815 3741 924 3801 Arabica,
943 3743 1004 3792 lacis
1022 3743 1050 3792 ad
1072 3743 1194 3794 Orientem
1213 3759 1335 3796 conseres.
1360 3746 1430 3805 Quod
1449 3749 1470 3796 si
1485 3744 1597 3796 Sacerdos

325 3825 416 3884 socius,
436 3825 464 3874 ad
484 3837 555 3888 quem
574 3825 625 3873 eius
642 3826 747 3888 pertinet
766 3828 882 3886 recitatio,
902 3827 933 3875 ibi
953 3827 1023 3888 adsit,
1043 3827 1108 3878 dabit
1125 3830 1147 3878 ei
1166 3830 1410 3894 thnribulumetipas
1421 3845 1475 3881 ee
1485 3827 1596 3880 recitabit

409 3910 477 3958 letti.
506 3909 633 3958 Diaconos.
652 3910 747 3971 Surgite
765 3909 794 3958 ad
813 3912 954 3960 orationem.
991 3911 1106 3974 Populus.
1125 3913 1194 3976 llgrie
1212 3914 1312 3964 eleison.
1348 3913 1478 3966 Sacerdos.
1497 3915 1596 3963 l'axto·

325 3992 364 4042 bis
383 3992 503 4042 omatibus.
539 3993 655 4056 Populus.
681 3994 789 4044 Etcum.
825 3995 953 4045 Seccrdns.
977 3995 1078 4048 Dornine
1097 3996 1161 4046 Deus
1179 4006 1261 4049 noster
1280 3999 1332 4049 lesu
1352 4001 1447 4050 Christe
1465 4007 1511 4048 etc.
1546 3997 1597 4044 Dia·

326 4089 410 4127 conus.
429 4077 503 4126 Orate
522 4091 567 4139 pra
584 4078 712 4140 Evangelio
731 4087 823 4128 sancto.
859 4079 987 4130 Sacerdos.
1006 4091 1133 4144 antequam
1152 4081 1246 4144 legatur
1264 4084 1415 4146 Euangelinan
1434 4084 1506 4133 dicit:
1525 4081 1596 4130 Dene-

324 4161 419 4212 dioatur
436 4161 553 4210 Dominus
580 4162 602 4211 in
622 4163 687 4211 omui
707 4171 825 4226 tempore,
849 4178 947 4227 semper
964 4165 1017 4214 lens
1036 4165 1088 4214 eins
1107 4167 1129 4214 in
1149 4179 1191 4216 ore
1211 4179 1277 4218 mco:
1303 4170 1326 4218 in
1345 4169 1447 4218 Domino
1467 4167 1598 4216 laudabitur

325 4247 403 4295 anima
423 4259 484 4296 mea.
519 4246 628 4307 alleluia,
647 4246 757 4296 Alleluia.
793 4247 897 4309 Surgite,
915 4249 994 4298 audite
1012 4249 1164 4312 Evangelium
1183 4261 1331 4313 sanctorum,
1349 4251 1536 4316 praedicationis
1552 4249 1597 4298 Do·

324 4330 383 4380 mini
407 4339 431 4380 et
455 4329 580 4380 saltatoria
605 4332 681 4382 nostri
700 4331 753 4380 lesn
773 4331 870 4381 Christi.
907 4333 1034 4383 Sacerdos.
1064 4335 1181 4386 llentento
1204 4351 1250 4400 pro
1269 4337 1434 4396 oll'erentibns,
1458 4336 1559 4386 mortuis
1576 4337 1598 4380 st

324 4414 434 4464 inlicmis.
469 4415 589 4465 Sacerdos
617 4431 747 4465 conuersus
772 4416 800 4464 ad
820 4417 936 4480 populum
956 4419 1032 4470 dicet:
1059 4420 1176 4469 Dominus
1204 4422 1309 4484 desuper
1333 4423 1526 4472 benedictionem
1544 4418 1597 4466 mil·
1661 4463 1662 4474 ,

322 4507 356 4548 ιιι
374 4508 419 4549 etc.
455 4499 574 4550 Sacerdos
593 4508 629 4550 ter
648 4501 756 4551 incensat
773 4500 927 4562 Evangelium
946 4510 969 4551 et
987 4512 1043 4553 tunc
1061 4507 1185 4554 annuntiat
1203 4504 1366 4569 illndl‘opnlo
1385 4508 1476 4556 dicens.
1494 4505 1597 4563 Evange-

323 4583 380 4633 lium
406 4591 515 4634 sanctum
540 4585 604 4649 qnod
624 4585 768 4648 praedicarit
787 4594 827 4635 eut
853 4587 1000 4636 annuntiavit
1017 4588 1044 4636 tt.
1063 4589 1161 4638 terbum
1181 4590 1222 4638 lllii
1242 4590 1292 4640 Dei.
1329 4590 1429 4654 Populo.
1457 4589 1539 4640 Gloria
1557 4583 1596 4634 tibi
1661 4639 1662 4642 Ἴ

321 4668 353 4718 sit
375 4681 474 4734 semper
492 4667 587 4720 Cbriate
612 4669 709 4720 domiue
734 4677 757 4720 et
775 4670 839 4720 Dens
864 4681 954 4722 noster.
990 4671 1098 4722 Etultats
1115 4673 1165 4724 Deo
1190 4673 1292 4724 adiutori
1317 4681 1409 4736 nostro,
1432 4672 1532 4724 iubilate
1550 4669 1596 4718 Deo
