3314 5304
929 398 1003 473 3114
1506 393 1512 436 ¹

639 579 711 648 Καὶ
730 585 791 647 τοῦ
812 575 968 658 διακόνου
989 573 1145 658 εἰπόντος
1164 573 1295 668 ἧρόμα·

415 692 490 760 Τοῦ
514 681 659 784 Κυρίου
685 682 902 781 δεηθῶμεν·
928 697 1020 786 λέγει
1039 692 1060 766 δ
1081 692 1189 783 ἱερεὺς
1208 695 1268 787 τὴν
1288 692 1385 786 εὐχὴν
1397 703 1456 789 τῆς
1469 695 1582 778 ιλςόδυυ

326 806 503 890 μυστικῶς.

410 903 582 979 Δέσποτα
607 899 785 1002 Κύριε,
766 933 787 977 υ
815 899 955 988 θεὸς
934 908 1058 999 ημῶν,
1091 900 1111 976 ὁ
1143 900 1379 1000 καταστήσας
1410 907 1452 981 δν
1484 905 1581 1004 οὐρα·
1649 949 1650 952 =

326 1011 407 1091 νοῖς
437 1002 631 1134 τάγματα,
664 1005 727 1080 καὶ
760 1002 935 1134 στρατιάς
966 1003 1135 1132 ἀγγέλων
1166 1003 1231 1079 καὶ
1263 1006 1387 1109 ἂρχαγ
1411 1006 1512 1095 ἔλων,
1540 1012 1582 1090 εἰς

326 1107 566 1236 λειτουργίαν
591 1114 657 1204 τῆς
688 1115 754 1203 σῆς
786 1103 875 1203 δόξη
834 1109 907 1203 ξης,
940 1106 1108 1202 ποίησον,
1142 1104 1214 1182 σύν
1244 1115 1290 1204 τῇ
1324 1034 1496 1237 εἰςόδιρ
1476 1107 1581 1205 ἡμῶν,

326 1207 524 1294 εἴςοδον
501 1207 623 1311 αγίων
655 1209 854 1338 διγγὲλων
855 1207 1046 1336 γενέσθαι,
1079 1206 1513 1338 συλλειτουργούντων
1494 1217 1581 1306 ημῖν,

325 1340 390 1386 και
378 1308 854 1438 συνδοξολογουντων
816 1337 885 1406 την
911 1307 981 1406 σὴν
1006 1305 1238 1410 ἀγαδότητα.
1297 1314 1366 1387 Οτι
1390 1311 1513 1408 πρέπει
1535 1337 1581 1385 σοι

326 1421 430 1488 πᾶσα
462 1411 568 1501 δόξα,
601 1412 701 1507 τιμὴ,
734 1410 798 1486 καὶ
822 1407 1076 1510 προςκύνησις,
1109 1419 1163 1509 τῷ
1188 1411 1313 1511 πατρὶ,
1346 1413 1487 1511 καὶτῷ
1511 1413 1580 1511 υἱῷ,

325 1514 390 1589 καὶ
424 1543 472 1611 τα
492 1511 611 1641 άγίῳ
646 1510 830 1611 πνεύματι
864 1519 937 1588 νῦν
971 1512 1035 1588 καί
1071 1511 1141 1602 ἀεὶ,
1176 1512 1241 1588 καὶ
1272 1519 1322 1598 εἰς
1346 1512 1435 1599 τοὺς
1461 1485 1582 1597 αἰῶνας

326 1624 406 1694 τῶν
431 1585 593 1690 αἰώνων.

416 1752 485 1836 Τῆς
519 1743 615 1836 εύχῆς
648 1745 686 1815 δὲ
712 1741 927 1836 τελεσθείσης
952 1744 1041 1834 λόγει
1069 1743 1088 1815 ό
1118 1741 1272 1828 διάκονος
1297 1746 1385 1836 πρὸς
1410 1747 1470 1816 τὸν
1495 1743 1581 1836 ἱερέα,

326 1844 483 1918 δεικνύων
501 1847 590 1939 πρὸς
610 1843 775 1928 ἀνατολάς
793 1852 834 1938 τῇ
854 1850 959 1940 δεξιᾷ,
986 1852 1114 1937 κρατῶν
1136 1844 1206 1935 ἅμα
1226 1847 1283 1920 καὶ
1303 1849 1343 1917 τδ
1365 1845 1506 1939 ὦράριον
1524 1853 1585 1929 τοῖς

325 1949 416 2040 τρισὶ
438 1947 634 2030 δακτύλοις·

408 2048 638 2178 Εύλόγησον,
664 2050 906 2142 δέσποτα,
865 2081 936 2150 την
955 2050 1070 2155 ἆγίαν
1085 2051 1238 2138 ε’ίςοδον.
1271 2067 1342 2138 Και
1369 2066 1429 2137 δ’
1418 2068 1520 2158 ιερεύς
1539 2093 1584 2136 ευ·
1598 2063 1603 2072 “

324 2154 432 2241 λογῶν
453 2153 559 2240 λέγει·

370 2253 692 2384 Εὐλογημένη
670 2284 694 2352 η
721 2253 858 2339 είςοδος
881 2263 960 2330 τῶν
986 2253 1106 2384 άγίων
1133 2280 1215 2345 σου,
1240 2254 1413 2346 πάντοτε,
1440 2265 1511 2334 νῦν
1531 2255 1584 2332 καί

326 2355 396 2448 ἆεί,
422 2386 486 2432 και
511 2362 562 2441 εἰς
586 2355 673 2440 τοὺς
699 2361 840 2441 αἰῶνας
863 2365 942 2432 τῶν
968 2353 1130 2432 αἰώνων.

410 2466 489 2542 Εἶθ’
513 2470 619 2552 ούτως
633 2466 815 2560 ἀπέρχεται
828 2470 915 2561 πρὸς
928 2469 1019 2540 τὸν(
1000 2469 1181 2560 ηγούμενον
1195 2498 1214 2542 ο
1202 2469 1394 2557 εδιάκονος,
1414 2479 1470 2544 καί
1487 2471 1583 2544 ἀσπά-

326 2573 420 2658 ζεται
440 2573 479 2642 τὸ
501 2569 756 2661 εύαγγόλιον,’
726 2597 757 2642 ει
778 2569 937 2661 πάρεστι·
960 2566 1089 2641 εἰτ’
1048 2599 1106 2642 ουν
1127 2570 1315 2656 ἀσπάζεται
1330 2583 1432 2646 τοῦτο
1446 2574 1466 2646 ό
1481 2574 1583 2666 ἱερεύς.

409 2674 657 2765 Πληρωθόντος
678 2674 715 2742 δὲ
736 2678 797 2740 τοῦ
816 2671 1009 2742 τελευταίου
1030 2671 1227 2763 τροπαρίου,
1250 2673 1431 2766 εἰςόρχεται
1451 2675 1584 2748 όδιάκο-

325 2799 383 2855 νος
409 2771 458 2854 είς
483 2773 522 2842 τὸ
548 2773 662 2860 μέσον,
689 2773 747 2843 καὶ
775 2775 856 2855 στάς
881 2771 1077 2864 ἔμπροσθεν
1102 2782 1163 2844 τοῦ
1185 2773 1309 2864 ἱερέως,
1337 2774 1465 2871 ἆνυψσῖ
1483 2779 1585 2868 μικρὸν

324 2875 386 2956 τὰς
404 2879 528 2962 χεῖρας,
548 2877 606 2945 καί
627 2872 783 2951 δεικνύων
803 2875 842 2943 τὸ
865 2873 960 2965 όγιον
980 2873 1180 2966 εὐαγγέλιον,
1203 2877 1292 2966 λέγει
1311 2880 1565 2972 μεγαλοφώνους·

410 2977 556 3078 Σοφία,
584 2978 707 3079 ὀρθοί.

409 3089 495 3164 Rha
520 3092 749 3186 προςκυνήσας
777 3091 878 3176 αύεός
906 3120 953 3178 τε,
980 3097 1038 3164 και
1067 3093 1087 3165 ό
1116 3094 1222 3185 ἱερεὺς
1247 3091 1457 3169 κατόπισθεν
1484 3097 1581 3180 υύιοῦ,

324 3194 584 3286 είςέρχονται’
554 3222 603 3277 εις
629 3194 718 3265 τδ’
696 3220 791 3286 αγιον
818 3203 920 3288 βῆμα,
948 3223 1007 3267 και
1031 3195 1051 3266 ό
1077 3223 1139 3284 μεν
1171 3195 1324 3279 διάκονος
1351 3195 1534 3292 άποτίθησι
1551 3201 1586 3268 τό

324 3295 421 3386 άγιον
441 3294 632 3423 εὐαγγέλιον
652 3296 688 3367 όν
708 3303 750 3389 τῇ
770 3295 849 3390 άγίρ
869 3299 1027 3424 τραπέζρ,
1050 3323 1084 3367 οι
1106 3298 1144 3368 δε
1165 3297 1295 3390 ψάλται
1315 3296 1502 3389 λέγουσι
1467 3330 1507 3372 τα
1519 3327 1584 3370 σιν-

324 3397 395 3490 ήθη
423 3398 610 3488 τροπάρια·
635 3399 693 3468 και
720 3397 777 3468 ὅτε
803 3397 1008 3470 ελδωσιν’
977 3425 1026 3480 εις
1052 3400 1092 3470 τὸ
1119 3399 1266 3488 ὕστερον,
1293 3401 1423 3490 λέγει“
1405 3431 1424 3474 ο
1448 3403 1585 3482 διάκονος

324 3525 412 3590 προς
440 3501 498 3568 τὸν
527 3498 628 3590 ιερόα,
656 3497 823 3569 κλίνων”
802 3527 872 3587 αμα
897 3501 958 3592 τὴν
984 3503 1141 3593 κεφαλὴν,
1169 3510 1297 3592 κρατῶν
1317 3531 1374 3574 και
1364 3503 1481 3576 τό(
1456 3505 1587 3596 ωράριυν

325 3599 361 3672 ἐν
381 3607 421 3692 τῇ
441 3602 528 3691 χειρὶ
547 3605 619 3682 τοῖς
640 3601 730 3690 τρισὶ
751 3599 947 3684 δακτύλοις·

410 3701 640 3805 Εύλόγησον,
665 3704 840 3796 δέσποτα,
865 3705 933 3782 τόν
957 3705 1090 3805 καιρὸν
1113 3715 1182 3784 τοῦ
1207 3709 1406 3811 τριςαγίου.

606 3869 679 3940 Καὶ
699 3868 717 3940 ό
741 3867 847 3960 λερεὺς
867 3869 1057 3964 σφραγίζων
1079 3869 1190 3957 αὐτὸν,
1212 3873 1316 3962 λέγει·

399 3973 484 4052 Ὅτι
510 3973 614 4076 άγιος
639 3974 671 4049 εἰ
697 3974 717 4049 ὃ
746 3976 834 4060 Θεὸς
857 3980 979 4074 ἡμῶν,
1005 3974 1176 4067 πάντοτε,
1202 3978 1266 4052 καὶ
1290 3987 1376 4068 νύν,
1402 3983 1465 4054 καί
1489 3976 1549 4052 ἀεὶ.

409 4089 482 4159 Καὶ
501 4089 741 4181 πληρωθέντος
760 4099 821 4161 τοῦ
841 4089 1038 4182 τροπαρίου,
1062 4089 1190 4182 ἔρχεται
1211 4089 1230 4162 ό
1253 4091 1407 4176 διάκονος
1428 4095 1517 4186 ἐγγύς
1529 4095 1585 4159 τῶν

325 4187 428 4279 άγίων
448 4197 572 4280 θυρῶν,
593 4190 651 4259 καὶ
672 4191 827 4261 δεικνύων
847 4195 885 4263 τὸ
908 4191 1053 4285 άράριον
1072 4201 1206 4285 πρῶτον
1225 4195 1288 4281 μὲν
1307 4197 1395 4285 πρὸς
1415 4196 1473 4287 τὴν
1486 4189 1584 4264 εἰκόνα

324 4298 386 4362 τού
405 4299 566 4382 Χριστοῦ,
588 4291 694 4382 λέγει·
760 4313 762 4318 ’

407 4392 535 4493 Κύριε,
563 4405 689 4472 σῶσον
713 4395 800 4482 τοὺς
825 4397 998 4496 εὐσεβεῖς,
1025 4397 1088 4473 καὶ
1113 4397 1322 4478 ἐπάκουσον
1340 4400 1459 4499 ἡμῶν.

409 4505 495 4579 Εἶτα
516 4509 645 4600 ἐπάγει,
668 4511 771 4601 λέγων
791 4513 880 4601 πρὸς
898 4514 977 4595 τοὺς
998 4513 1092 4596 ἐκτὸς
1110 4516 1366 4610 μεγαλοφώνως.

410 4613 485 4688 Καὶ
510 4619 560 4698 εἰς
585 4615 670 4702 τούς
697 4621 837 4702 αἰῶνας
862 4625 942 4694 τῶν
967 4615 1128 4696 αἰώνων.
