<?xml version="1.0" encoding="UTF-8"?>
<!DOCTYPE html PUBLIC "-//W3C//DTD XHTML 1.0 Transitional//EN"
    "http://www.w3.org/TR/xhtml1/DTD/xhtml1-transitional.dtd">
<html xmlns="http://www.w3.org/1999/xhtml" xml:lang="en" lang="en">
 <head>
  <title>
</title>
<meta http-equiv="Content-Type" content="text/html;charset=utf-8" />
  <meta name='ocr-system' content='tesseract 3.04.00' />
  <meta name='ocr-capabilities' content='ocr_page ocr_carea ocr_par ocr_line ocrx_word'/>
</head>
<body>
  <div class='ocr_page' id='page_1' title='image "./codexliturgicus04danigoog/codexliturgicus04danigoog_0457.png"; bbox 0 0 3336 5302; ppageno 0'>
   <div class='ocr_carea' id='block_1_1' title="bbox 929 387 1003 462">
    <p class='ocr_par' dir='ltr' id='par_1_1' title="bbox 929 387 1003 462">
     <span class='ocr_line' id='line_1_1' title="bbox 929 387 1003 462; baseline 0.014 -1"><span class='ocrx_word' id='word_1_1' title='bbox 929 387 1003 462; x_wconf 79' lang='lat'><strong><em>436</em></strong></span> 
     </span>
    </p>
   </div>
   <div class='ocr_carea' id='block_1_2' title="bbox 325 567 1649 1181">
    <p class='ocr_par' dir='ltr' id='par_1_2' title="bbox 325 567 1588 1080">
     <span class='ocr_line' id='line_1_2' title="bbox 331 567 1588 672; baseline 0.002 -28"><span class='ocrx_word' id='word_1_2' title='bbox 331 569 443 656; x_wconf 81' lang='grc' dir='ltr'><strong><em>ἀξίως</em></strong></span> <span class='ocrx_word' id='word_1_3' title='bbox 475 569 728 666; x_wconf 75' lang='grc' dir='ltr'><strong><em>ὑποδέχεσθαι</em></strong></span> <span class='ocrx_word' id='word_1_4' title='bbox 762 570 832 667; x_wconf 78' lang='grc' dir='ltr'><strong><em>τὴν</em></strong></span> <span class='ocrx_word' id='word_1_5' title='bbox 866 570 997 646; x_wconf 75' lang='grc' dir='ltr'><strong><em>ἐλπίδα</em></strong></span> <span class='ocrx_word' id='word_1_6' title='bbox 1032 577 1111 645; x_wconf 81' lang='grc' dir='ltr'><strong><em>τῶν</em></strong></span> <span class='ocrx_word' id='word_1_7' title='bbox 1146 567 1393 672; x_wconf 73' lang='grc' dir='ltr'><strong><em>ἁχιασμοίτων</em></strong></span> <span class='ocrx_word' id='word_1_8' title='bbox 1426 595 1512 662; x_wconf 88' lang='grc' dir='ltr'><strong><em>σου,</em></strong></span> <span class='ocrx_word' id='word_1_9' title='bbox 1542 578 1588 658; x_wconf 80' lang='grc' dir='ltr'><strong><em>εἰς</em></strong></span> 
     </span>
     <span class='ocr_line' id='line_1_3' title="bbox 330 669 1587 799; baseline 0.002 -53"><span class='ocrx_word' id='word_1_10' title='bbox 330 669 541 770; x_wconf 78' lang='grc' dir='ltr'><strong><em>ἐφόδιονζ</em></strong></span> <span class='ocrx_word' id='word_1_11' title='bbox 539 680 614 768; x_wconf 82' lang='grc' dir='ltr'><strong><em>τσῆς</em></strong></span> <span class='ocrx_word' id='word_1_12' title='bbox 645 671 814 764; x_wconf 86' lang='grc' dir='ltr'><strong><em>αἰωνίου,</em></strong></span> <span class='ocrx_word' id='word_1_13' title='bbox 849 677 903 756; x_wconf 85' lang='grc' dir='ltr'><strong><em>εἰς</em></strong></span> <span class='ocrx_word' id='word_1_14' title='bbox 926 669 1132 774; x_wconf 78' lang='grc' dir='ltr'><strong><em>ἀπολογίαν</em></strong></span> <span class='ocrx_word' id='word_1_15' title='bbox 1156 669 1487 799; x_wconf 78' lang='grc' dir='ltr'><strong><em>εὐπρόςδειετον</em></strong></span> <span class='ocrx_word' id='word_1_16' title='bbox 1448 701 1514 770; x_wconf 86' lang='grc' dir='ltr'><strong><em>την</em></strong></span> <span class='ocrx_word' id='word_1_17' title='bbox 1535 675 1587 750; x_wconf 83' lang='grc' dir='ltr'><strong><em>ίπί</em></strong></span> 
     </span>
     <span class='ocr_line' id='line_1_4' title="bbox 329 769 1586 903; baseline 0.002 -55"><span class='ocrx_word' id='word_1_18' title='bbox 329 781 399 850; x_wconf 92' lang='grc' dir='ltr'><strong><em>τοῦ</em></strong></span> <span class='ocrx_word' id='word_1_19' title='bbox 424 775 593 903; x_wconf 79' lang='grc' dir='ltr'><strong><em>φοβεροῦ</em></strong></span> <span class='ocrx_word' id='word_1_20' title='bbox 616 769 786 900; x_wconf 76' lang='grc' dir='ltr'><strong><em>βήματος</em></strong></span> <span class='ocrx_word' id='word_1_21' title='bbox 809 781 879 850; x_wconf 82' lang='grc' dir='ltr'><strong><em>τοῦ</em></strong></span> <span class='ocrx_word' id='word_1_22' title='bbox 903 780 1074 869; x_wconf 82' lang='grc' dir='ltr'><strong><em>Χριστοῦ</em></strong></span> <span class='ocrx_word' id='word_1_23' title='bbox 1100 797 1182 862; x_wconf 89' lang='grc' dir='ltr'><strong><em>σου,</em></strong></span> <span class='ocrx_word' id='word_1_24' title='bbox 1209 771 1310 858; x_wconf 84' lang='grc' dir='ltr'><strong><em>ὅπως</em></strong></span> <span class='ocrx_word' id='word_1_25' title='bbox 1334 772 1385 849; x_wconf 70' lang='grc' dir='ltr'><strong><em>ἂν</em></strong></span> <span class='ocrx_word' id='word_1_26' title='bbox 1409 774 1473 850; x_wconf 77' lang='grc' dir='ltr'><strong><em>καί</em></strong></span> <span class='ocrx_word' id='word_1_27' title='bbox 1475 774 1586 901; x_wconf 78' lang='grc' dir='ltr'><strong><em>ἡμεῖς</em></strong></span> 
     </span>
     <span class='ocr_line' id='line_1_5' title="bbox 329 866 1584 1006; baseline 0.002 -56"><span class='ocrx_word' id='word_1_28' title='bbox 329 874 423 970; x_wconf 81' lang='grc' dir='ltr'><strong><em>μετὰ</em></strong></span> <span class='ocrx_word' id='word_1_29' title='bbox 455 872 611 952; x_wconf 80' lang='grc' dir='ltr'><strong><em>πάντων</em></strong></span> <span class='ocrx_word' id='word_1_30' title='bbox 644 883 724 952; x_wconf 80' lang='grc' dir='ltr'><strong><em>τῶν</em></strong></span> <span class='ocrx_word' id='word_1_31' title='bbox 756 873 877 976; x_wconf 80' lang='grc' dir='ltr'><strong><em>ἁγίων</em></strong></span> <span class='ocrx_word' id='word_1_32' title='bbox 908 876 966 952; x_wconf 81' lang='grc' dir='ltr'><strong><em>ἀπ</em></strong></span> <span class='ocrx_word' id='word_1_33' title='bbox 997 872 1135 960; x_wconf 80' lang='grc' dir='ltr'><strong><em>αἰῶνός</em></strong></span> <span class='ocrx_word' id='word_1_34' title='bbox 1167 900 1228 950; x_wconf 89' lang='grc' dir='ltr'><strong><em>σοι</em></strong></span> <span class='ocrx_word' id='word_1_35' title='bbox 1257 866 1584 1006; x_wconf 79' lang='grc' dir='ltr'><strong><em>εῦαρεστηστίνιων,</em></strong></span> 
     </span>
     <span class='ocr_line' id='line_1_6' title="bbox 325 969 1585 1106; baseline 0.002 -54"><span class='ocrx_word' id='word_1_36' title='bbox 325 973 531 1106; x_wconf 72' lang='grc' dir='ltr'><strong><em>γενώμεθα</em></strong></span> <span class='ocrx_word' id='word_1_37' title='bbox 549 977 705 1106; x_wconf 79' lang='grc' dir='ltr'><strong><em>με’τοχοι</em></strong></span> <span class='ocrx_word' id='word_1_38' title='bbox 728 985 808 1053; x_wconf 83' lang='grc' dir='ltr'><strong><em>τῶν</em></strong></span> <span class='ocrx_word' id='word_1_39' title='bbox 833 976 999 1054; x_wconf 91' lang='grc' dir='ltr'><strong><em>αἰωνίων</em></strong></span> <span class='ocrx_word' id='word_1_40' title='bbox 1025 1003 1094 1054; x_wconf 90' lang='grc' dir='ltr'><strong><em>σου</em></strong></span> <span class='ocrx_word' id='word_1_41' title='bbox 1119 977 1297 1080; x_wconf 76' lang='grc' dir='ltr'><strong><em>διχαθιῦν,</em></strong></span> <span class='ocrx_word' id='word_1_42' title='bbox 1323 969 1380 1055; x_wconf 80' lang='grc' dir='ltr'><strong><em>ὧν</em></strong></span> <span class='ocrx_word' id='word_1_43' title='bbox 1396 978 1585 1076; x_wconf 77' lang='grc' dir='ltr'><strong><em>ἡτοίμασας</em></strong></span> 
     </span>
    </p>

    <p class='ocr_par' dir='ltr' id='par_1_3' title="bbox 330 1076 1649 1181">
     <span class='ocr_line' id='line_1_7' title="bbox 330 1076 1649 1181; baseline 0 -28"><span class='ocrx_word' id='word_1_44' title='bbox 330 1083 408 1164; x_wconf 83' lang='grc' dir='ltr'><strong><em>τοῖς</em></strong></span> <span class='ocrx_word' id='word_1_45' title='bbox 432 1078 607 1181; x_wconf 76' lang='grc' dir='ltr'><strong><em>ἇχαπαίσί</em></strong></span> <span class='ocrx_word' id='word_1_46' title='bbox 633 1104 686 1168; x_wconf 87' lang='grc' dir='ltr'><strong><em>σε,</em></strong></span> <span class='ocrx_word' id='word_1_47' title='bbox 714 1076 839 1177; x_wconf 84' lang='grc' dir='ltr'><strong><em>Κύριε.</em></strong></span> <span class='ocrx_word' id='word_1_48' title='bbox 1648 1131 1649 1138; x_wconf 40' lang='lat'>1</span> 
     </span>
    </p>
   </div>
   <div class='ocr_carea' id='block_1_3' title="bbox 837 1205 1080 1295">
    <p class='ocr_par' dir='ltr' id='par_1_4' title="bbox 837 1205 1080 1295">
     <span class='ocr_line' id='line_1_8' title="bbox 837 1205 1080 1295; baseline 0.005 -18.13"><span class='ocrx_word' id='word_1_49' title='bbox 837 1206 894 1295; x_wconf 84' lang='grc' dir='ltr'><strong><em>’Ὁ</em></strong></span> <span class='ocrx_word' id='word_1_50' title='bbox 916 1205 1080 1289; x_wconf 80' lang='grc' dir='ltr'><strong><em>διάκονος.</em></strong></span> 
     </span>
    </p>
   </div>
   <div class='ocr_carea' id='block_1_4' title="bbox 358 1275 1370 2123">
    <p class='ocr_par' dir='ltr' id='par_1_5' title="bbox 358 1275 1370 2123">
     <span class='ocr_line' id='line_1_9' title="bbox 407 1275 990 1444; baseline -0.004 -54.989"><span class='ocrx_word' id='word_1_51' title='bbox 407 1315 642 1444; x_wconf 76' lang='grc' dir='ltr'><strong><em>Ἀντιλαβφῦ,</em></strong></span> <span class='ocrx_word' id='word_1_52' title='bbox 670 1321 808 1402; x_wconf 83' lang='grc' dir='ltr'><strong><em>σῶσον,</em></strong></span> <span class='ocrx_word' id='word_1_53' title='bbox 831 1275 990 1440; x_wconf 74' lang='grc' dir='ltr'><strong><em>ἰίἑησφν.</em></strong></span> 
     </span>
     <span class='ocr_line' id='line_1_10' title="bbox 365 1411 1157 1544; baseline 0 -54"><span class='ocrx_word' id='word_1_54' title='bbox 365 1415 539 1514; x_wconf 78' lang='grc' dir='ltr'><strong><em>Τὴν</em></strong></span> <span class='ocrx_word' id='word_1_55' title='bbox 519 1416 662 1512; x_wconf 82' lang='grc' dir='ltr'><strong><em>ημίραν</em></strong></span> <span class='ocrx_word' id='word_1_56' title='bbox 686 1423 826 1504; x_wconf 85' lang='grc' dir='ltr'><strong><em>πᾶσαν,</em></strong></span> <span class='ocrx_word' id='word_1_57' title='bbox 852 1411 1055 1502; x_wconf 80' lang='grc' dir='ltr'><strong><em>τελείαν,</em></strong></span> <span class='ocrx_word' id='word_1_58' title='bbox 1033 1413 1157 1544; x_wconf 71' lang='grc' dir='ltr'><strong><em>αχίαν.</em></strong></span> 
     </span>
     <span class='ocr_line' id='line_1_11' title="bbox 403 1513 1095 1646; baseline 0 -54"><span class='ocrx_word' id='word_1_59' title='bbox 403 1519 581 1646; x_wconf 76' lang='grc' dir='ltr'><strong><em>Άχχείον</em></strong></span> <span class='ocrx_word' id='word_1_60' title='bbox 603 1513 762 1614; x_wconf 86' lang='grc' dir='ltr'><strong><em>εἰρήνης,</em></strong></span> <span class='ocrx_word' id='word_1_61' title='bbox 788 1515 921 1591; x_wconf 89' lang='grc' dir='ltr'><strong><em>πιστὸν</em></strong></span> <span class='ocrx_word' id='word_1_62' title='bbox 946 1515 1095 1644; x_wconf 83' lang='grc' dir='ltr'><strong><em>ὃδηχον.</em></strong></span> 
     </span>
     <span class='ocr_line' id='line_1_12' title="bbox 414 1615 1243 1748; baseline 0.002 -56"><span class='ocrx_word' id='word_1_63' title='bbox 414 1615 681 1748; x_wconf 81' lang='grc' dir='ltr'><strong><em>Συχχνοίμην</em></strong></span> <span class='ocrx_word' id='word_1_64' title='bbox 682 1618 747 1693; x_wconf 82' lang='grc' dir='ltr'><strong><em>καί</em></strong></span> <span class='ocrx_word' id='word_1_65' title='bbox 771 1619 907 1716; x_wconf 83' lang='grc' dir='ltr'><strong><em>ἄφεσιν</em></strong></span> <span class='ocrx_word' id='word_1_66' title='bbox 931 1625 1010 1692; x_wconf 83' lang='grc' dir='ltr'><strong><em>τῶν</em></strong></span> <span class='ocrx_word' id='word_1_67' title='bbox 1035 1617 1243 1715; x_wconf 80' lang='grc' dir='ltr'><strong><em>ἁμαρτιῶν.</em></strong></span> 
     </span>
     <span class='ocr_line' id='line_1_13' title="bbox 420 1719 1229 1849; baseline 0 -55"><span class='ocrx_word' id='word_1_68' title='bbox 420 1719 474 1794; x_wconf 86' lang='grc' dir='ltr'><strong><em>Τδι</em></strong></span> <span class='ocrx_word' id='word_1_69' title='bbox 499 1719 595 1795; x_wconf 84' lang='grc' dir='ltr'><strong><em>καλδι</em></strong></span> <span class='ocrx_word' id='word_1_70' title='bbox 620 1719 683 1795; x_wconf 87' lang='grc' dir='ltr'><strong><em>καί</em></strong></span> <span class='ocrx_word' id='word_1_71' title='bbox 708 1719 951 1849; x_wconf 75' lang='grc' dir='ltr'><strong><em>συμφέροντα</em></strong></span> <span class='ocrx_word' id='word_1_72' title='bbox 974 1725 1055 1804; x_wconf 84' lang='grc' dir='ltr'><strong><em>ταῖς</em></strong></span> <span class='ocrx_word' id='word_1_73' title='bbox 1080 1726 1229 1818; x_wconf 80' lang='grc' dir='ltr'><strong><em>ψυχαῖς.</em></strong></span> 
     </span>
     <span class='ocr_line' id='line_1_14' title="bbox 418 1818 1103 1918; baseline 0 -22"><span class='ocrx_word' id='word_1_74' title='bbox 418 1825 492 1898; x_wconf 92' lang='grc' dir='ltr'><strong><em>Τὸν</em></strong></span> <span class='ocrx_word' id='word_1_75' title='bbox 517 1821 720 1898; x_wconf 77' lang='grc' dir='ltr'><strong><em>ὑπόλοιπον</em></strong></span> <span class='ocrx_word' id='word_1_76' title='bbox 743 1818 884 1918; x_wconf 89' lang='grc' dir='ltr'><strong><em>χρόνον</em></strong></span> <span class='ocrx_word' id='word_1_77' title='bbox 908 1828 972 1916; x_wconf 86' lang='grc' dir='ltr'><strong><em>τῆς</em></strong></span> <span class='ocrx_word' id='word_1_78' title='bbox 999 1819 1103 1917; x_wconf 82' lang='grc' dir='ltr'><strong><em>ζωῆς.</em></strong></span> 
     </span>
     <span class='ocr_line' id='line_1_15' title="bbox 410 1921 1156 2020; baseline -0.003 -23"><span class='ocrx_word' id='word_1_79' title='bbox 410 1923 622 2018; x_wconf 88' lang='grc' dir='ltr'><strong><em>Χριστιανδι</em></strong></span> <span class='ocrx_word' id='word_1_80' title='bbox 647 1921 695 1997; x_wconf 83' lang='grc' dir='ltr'><strong><em>τὰ</em></strong></span> <span class='ocrx_word' id='word_1_81' title='bbox 720 1925 803 2019; x_wconf 82' lang='grc' dir='ltr'><strong><em>τείη</em></strong></span> <span class='ocrx_word' id='word_1_82' title='bbox 828 1931 893 2020; x_wconf 80' lang='grc' dir='ltr'><strong><em>τῆς</em></strong></span> <span class='ocrx_word' id='word_1_83' title='bbox 919 1921 1057 2017; x_wconf 65' lang='grc' dir='ltr'><strong><em>ζωῆς“</em></strong></span> <span class='ocrx_word' id='word_1_84' title='bbox 1036 1929 1156 2019; x_wconf 86' lang='grc' dir='ltr'><strong><em>ημῶν.</em></strong></span> 
     </span>
     <span class='ocr_line' id='line_1_16' title="bbox 358 2020 1370 2123; baseline -0.002 -23"><span class='ocrx_word' id='word_1_85' title='bbox 358 2032 361 2040; x_wconf 79' lang='grc'><strong>’</strong></span> <span class='ocrx_word' id='word_1_86' title='bbox 417 2026 493 2123; x_wconf 81' lang='grc' dir='ltr'><strong><em>Τὴν</em></strong></span> <span class='ocrx_word' id='word_1_87' title='bbox 519 2023 673 2122; x_wconf 83' lang='grc' dir='ltr'><strong><em>ἑνότητα</em></strong></span> <span class='ocrx_word' id='word_1_88' title='bbox 699 2033 763 2121; x_wconf 75' lang='grc' dir='ltr'><strong><em>τῆς</em></strong></span> <span class='ocrx_word' id='word_1_89' title='bbox 787 2023 943 2108; x_wconf 87' lang='grc' dir='ltr'><strong><em>πίστεως</em></strong></span> <span class='ocrx_word' id='word_1_90' title='bbox 974 2023 1037 2098; x_wconf 86' lang='grc' dir='ltr'><strong><em>καί</em></strong></span> <span class='ocrx_word' id='word_1_91' title='bbox 1062 2023 1132 2120; x_wconf 81' lang='grc' dir='ltr'><strong><em>τὴν</em></strong></span> <span class='ocrx_word' id='word_1_92' title='bbox 1156 2020 1370 2098; x_wconf 86' lang='grc' dir='ltr'><strong><em>κοινωνίαν.</em></strong></span> 
     </span>
    </p>
   </div>
   <div class='ocr_carea' id='block_1_5' title="bbox 329 2170 1579 2582">
    <p class='ocr_par' dir='ltr' id='par_1_6' title="bbox 329 2170 1579 2582">
     <span class='ocr_line' id='line_1_17' title="bbox 874 2170 1175 2264; baseline -0.007 -22"><span class='ocrx_word' id='word_1_93' title='bbox 874 2170 1058 2264; x_wconf 82' lang='grc' dir='ltr'><strong><em>Ἐκφαίνως.</em></strong></span> <span class='ocrx_word' id='word_1_94' title='bbox 1160 2214 1175 2263; x_wconf 34' lang='lat'><strong><em>&#39;-</em></strong></span> 
     </span>
     <span class='ocr_line' id='line_1_18' title="bbox 413 2275 1579 2400; baseline 0.001 -51"><span class='ocrx_word' id='word_1_95' title='bbox 413 2276 502 2350; x_wconf 79' lang='grc' dir='ltr'><strong><em>Καὶ</em></strong></span> <span class='ocrx_word' id='word_1_96' title='bbox 526 2275 821 2400; x_wconf 82' lang='grc' dir='ltr'><strong><em>καταξίφσον</em></strong></span> <span class='ocrx_word' id='word_1_97' title='bbox 845 2276 983 2374; x_wconf 81' lang='grc' dir='ltr'><strong><em>ἡμᾶς,</em></strong></span> <span class='ocrx_word' id='word_1_98' title='bbox 1016 2275 1245 2366; x_wconf 81' lang='grc' dir='ltr'><strong><em>δέσποτα,</em></strong></span> <span class='ocrx_word' id='word_1_99' title='bbox 1280 2276 1396 2370; x_wconf 81' lang='grc' dir='ltr'><strong><em>μετὰ</em></strong></span> <span class='ocrx_word' id='word_1_100' title='bbox 1429 2282 1579 2374; x_wconf 71' lang='grc' dir='ltr'><strong><em>παρρη-</em></strong></span> 
     </span>
     <span class='ocr_line' id='line_1_19' title="bbox 330 2377 1578 2507; baseline 0 -55"><span class='ocrx_word' id='word_1_101' title='bbox 330 2377 435 2463; x_wconf 90' lang='grc' dir='ltr'><strong><em>σίας</em></strong></span> <span class='ocrx_word' id='word_1_102' title='bbox 477 2379 801 2507; x_wconf 86' lang='grc' dir='ltr'><strong><em>ἀκατακρίταις</em></strong></span> <span class='ocrx_word' id='word_1_103' title='bbox 842 2387 1022 2476; x_wconf 80' lang='grc' dir='ltr'><strong><em>τολμᾷν</em></strong></span> <span class='ocrx_word' id='word_1_104' title='bbox 1064 2380 1398 2454; x_wconf 75' lang='grc' dir='ltr'><strong><em>ἐπικαλεῖσθαι</em></strong></span> <span class='ocrx_word' id='word_1_105' title='bbox 1437 2379 1482 2454; x_wconf 81' lang='grc' dir='ltr'><strong><em>σί</em></strong></span> <span class='ocrx_word' id='word_1_106' title='bbox 1513 2377 1578 2452; x_wconf 83' lang='grc' dir='ltr'><strong><em>τὸν</em></strong></span> 
     </span>
     <span class='ocr_line' id='line_1_20' title="bbox 329 2476 1267 2582; baseline 0.002 -28"><span class='ocrx_word' id='word_1_107' title='bbox 329 2476 613 2576; x_wconf 82' lang='grc' dir='ltr'><strong><em>ἐπουράνιον</em></strong></span> <span class='ocrx_word' id='word_1_108' title='bbox 642 2477 754 2555; x_wconf 83' lang='grc' dir='ltr'><strong><em>Θεὸν</em></strong></span> <span class='ocrx_word' id='word_1_109' title='bbox 779 2480 975 2578; x_wconf 81' lang='grc' dir='ltr'><strong><em>πατέρα,</em></strong></span> <span class='ocrx_word' id='word_1_110' title='bbox 1001 2480 1078 2556; x_wconf 83' lang='grc' dir='ltr'><strong><em>καὶ</em></strong></span> <span class='ocrx_word' id='word_1_111' title='bbox 1104 2480 1267 2582; x_wconf 78' lang='grc' dir='ltr'><strong><em>λέγειν.</em></strong></span> 
     </span>
    </p>
   </div>
   <div class='ocr_carea' id='block_1_6' title="bbox 411 2578 990 2678">
    <p class='ocr_par' dir='ltr' id='par_1_7' title="bbox 411 2578 990 2678">
     <span class='ocr_line' id='line_1_21' title="bbox 411 2578 990 2678; baseline 0.002 -23.016"><span class='ocrx_word' id='word_1_112' title='bbox 411 2592 607 2676; x_wconf 61' lang='lat' dir='ltr'><strong><em>‘&#39;ozabg</em></strong></span> <span class='ocrx_word' id='word_1_113' title='bbox 573 2619 629 2664; x_wconf 72' lang='grc' dir='ltr'><strong><em>ω·</em></strong></span> <span class='ocrx_word' id='word_1_114' title='bbox 658 2578 871 2677; x_wconf 69' lang='grc' dir='ltr'><strong><em>Πάτερ“</em></strong></span> <span class='ocrx_word' id='word_1_115' title='bbox 849 2589 990 2678; x_wconf 80' lang='grc' dir='ltr'><strong><em>ημῶν.</em></strong></span> 
     </span>
    </p>
   </div>
   <div class='ocr_carea' id='block_1_7' title="bbox 328 2727 1576 3138">
    <p class='ocr_par' dir='ltr' id='par_1_8' title="bbox 328 2727 1576 3138">
     <span class='ocr_line' id='line_1_22' title="bbox 868 2727 921 2798; baseline 0.021 -1.128"><span class='ocrx_word' id='word_1_116' title='bbox 868 2727 921 2798; x_wconf 83' lang='grc' dir='ltr'><strong><em>Ἕκ</em></strong></span> 
     </span>
     <span class='ocr_line' id='line_1_23' title="bbox 401 2728 1576 2930; baseline -0.003 -21"><span class='ocrx_word' id='word_1_117' title='bbox 401 2831 502 2909; x_wconf 88' lang='grc' dir='ltr'><strong><em>Ὅτι</em></strong></span> <span class='ocrx_word' id='word_1_118' title='bbox 537 2840 621 2907; x_wconf 89' lang='grc' dir='ltr'><strong><em>σοῦ</em></strong></span> <span class='ocrx_word' id='word_1_119' title='bbox 657 2837 787 2908; x_wconf 80' lang='grc' dir='ltr'><strong><em>ἐστιν</em></strong></span> <span class='ocrx_word' id='word_1_120' title='bbox 811 2833 833 2930; x_wconf 84' lang='grc' dir='ltr'><strong><em>ἡ</em></strong></span> <span class='ocrx_word' id='word_1_121' title='bbox 858 2728 1080 2930; x_wconf 49' lang='grc' dir='ltr'><strong><em>βαίίίίίᾱίςία</em></strong></span> <span class='ocrx_word' id='word_1_122' title='bbox 1113 2834 1189 2908; x_wconf 84' lang='grc' dir='ltr'><strong><em>καί</em></strong></span> <span class='ocrx_word' id='word_1_123' title='bbox 1223 2832 1246 2930; x_wconf 84' lang='grc' dir='ltr'><em>ἡ</em></span> <span class='ocrx_word' id='word_1_124' title='bbox 1283 2831 1486 2928; x_wconf 84' lang='grc' dir='ltr'><strong><em>δύναμις</em></strong></span> <span class='ocrx_word' id='word_1_125' title='bbox 1515 2831 1576 2906; x_wconf 84' lang='grc' dir='ltr'><strong><em>καί</em></strong></span> 
     </span>
     <span class='ocr_line' id='line_1_24' title="bbox 328 2931 1004 3034; baseline 0 -24"><span class='ocrx_word' id='word_1_126' title='bbox 328 2931 350 3028; x_wconf 77' lang='grc' dir='ltr'><em>ἡ</em></span> <span class='ocrx_word' id='word_1_127' title='bbox 377 2931 490 3019; x_wconf 85' lang='grc' dir='ltr'><strong><em>δόξα</em></strong></span> <span class='ocrx_word' id='word_1_128' title='bbox 514 2936 800 3034; x_wconf 81' lang='grc' dir='ltr'><strong><em>τοῦπατρὸς</em></strong></span> <span class='ocrx_word' id='word_1_129' title='bbox 827 2939 902 3032; x_wconf 82' lang='lat' dir='ltr'><strong>(lac.</strong></span> <span class='ocrx_word' id='word_1_130' title='bbox 928 2938 1004 3033; x_wconf 82' lang='lat'><strong>38).</strong></span> 
     </span>
     <span class='ocr_line' id='line_1_25' title="bbox 410 3034 910 3138; baseline -0.014 -21"><span class='ocrx_word' id='word_1_131' title='bbox 410 3045 449 3117; x_wconf 88' lang='lat'><strong><em>‘0</em></strong></span> <span class='ocrx_word' id='word_1_132' title='bbox 471 3046 588 3138; x_wconf 75' lang='grc' dir='ltr'><strong><em>ἱερεύς.</em></strong></span> <span class='ocrx_word' id='word_1_133' title='bbox 620 3034 758 3134; x_wconf 84' lang='grc' dir='ltr'><strong><em>Εἰρήνη</em></strong></span> <span class='ocrx_word' id='word_1_134' title='bbox 784 3045 910 3114; x_wconf 86' lang='grc' dir='ltr'><strong><em>πᾶσιν.</em></strong></span> 
     </span>
    </p>
   </div>
   <div class='ocr_carea' id='block_1_8' title="bbox 415 3183 1228 3388">
    <p class='ocr_par' dir='ltr' id='par_1_9' title="bbox 415 3183 1228 3388">
     <span class='ocr_line' id='line_1_26' title="bbox 851 3183 1074 3266; baseline -0.004 -12"><span class='ocrx_word' id='word_1_135' title='bbox 851 3183 890 3254; x_wconf 92' lang='lat'><strong><em>‘0</em></strong></span> <span class='ocrx_word' id='word_1_136' title='bbox 911 3184 1074 3266; x_wconf 78' lang='grc' dir='ltr'><strong><em>διάκονος.</em></strong></span> 
     </span>
     <span class='ocr_line' id='line_1_27' title="bbox 415 3287 1228 3388; baseline 0 -24"><span class='ocrx_word' id='word_1_137' title='bbox 415 3287 489 3372; x_wconf 83' lang='grc' dir='ltr'><strong><em>Τὰς</em></strong></span> <span class='ocrx_word' id='word_1_138' title='bbox 512 3289 676 3388; x_wconf 81' lang='grc' dir='ltr'><strong><em>κεφαλὰς</em></strong></span> <span class='ocrx_word' id='word_1_139' title='bbox 700 3289 810 3386; x_wconf 85' lang='grc' dir='ltr'><strong><em>ὑμῶν</em></strong></span> <span class='ocrx_word' id='word_1_140' title='bbox 834 3297 888 3386; x_wconf 77' lang='grc' dir='ltr'><strong><em>τῷ</em></strong></span> <span class='ocrx_word' id='word_1_141' title='bbox 915 3289 1044 3386; x_wconf 80' lang='grc' dir='ltr'><strong><em>Κυρίῳ</em></strong></span> <span class='ocrx_word' id='word_1_142' title='bbox 1069 3289 1228 3364; x_wconf 84' lang='grc' dir='ltr'><strong><em>κίίνατε.</em></strong></span> 
     </span>
    </p>
   </div>
   <div class='ocr_carea' id='block_1_9' title="bbox 774 3435 1148 3526">
    <p class='ocr_par' dir='ltr' id='par_1_10' title="bbox 774 3435 1148 3526">
     <span class='ocr_line' id='line_1_28' title="bbox 774 3435 1148 3526; baseline 0.003 -20.031"><span class='ocrx_word' id='word_1_143' title='bbox 774 3435 845 3506; x_wconf 82' lang='lat' dir='ltr'><strong><em>‘O‘</em></strong></span> <span class='ocrx_word' id='word_1_144' title='bbox 835 3437 942 3526; x_wconf 83' lang='grc' dir='ltr'><strong><em>ιερεῦς</em></strong></span> <span class='ocrx_word' id='word_1_145' title='bbox 961 3435 1148 3523; x_wconf 77' lang='grc' dir='ltr'><strong><em>ἐπεύχεται.</em></strong></span> 
     </span>
    </p>
   </div>
   <div class='ocr_carea' id='block_1_10' title="bbox 279 3537 1575 4254">
    <p class='ocr_par' dir='ltr' id='par_1_11' title="bbox 279 3537 1575 4254">
     <span class='ocr_line' id='line_1_29' title="bbox 410 3537 1574 3640; baseline 0.004 -26"><span class='ocrx_word' id='word_1_146' title='bbox 410 3539 580 3615; x_wconf 81' lang='grc' dir='ltr'><strong><em>Δέσποτα</em></strong></span> <span class='ocrx_word' id='word_1_147' title='bbox 606 3537 789 3640; x_wconf 59' lang='lat' dir='ltr'><strong><em>vaote,t</em></strong></span> <span class='ocrx_word' id='word_1_148' title='bbox 771 3544 938 3638; x_wconf 78' lang='grc' dir='ltr'><strong><em>οπατηρ</em></strong></span> <span class='ocrx_word' id='word_1_149' title='bbox 964 3549 1043 3616; x_wconf 84' lang='grc' dir='ltr'><strong><em>τῶν</em></strong></span> <span class='ocrx_word' id='word_1_150' title='bbox 1069 3547 1284 3639; x_wconf 86' lang='grc' dir='ltr'><strong><em>οἰκτιρμῶν,</em></strong></span> <span class='ocrx_word' id='word_1_151' title='bbox 1322 3543 1385 3618; x_wconf 85' lang='grc' dir='ltr'><strong><em>καὶ</em></strong></span> <span class='ocrx_word' id='word_1_152' title='bbox 1415 3539 1574 3628; x_wconf 63' lang='lat' dir='ltr'><strong><em>&amp;sagmi-</em></strong></span> 
     </span>
     <span class='ocr_line' id='line_1_30' title="bbox 328 3638 1575 3770; baseline 0 -54"><span class='ocrx_word' id='word_1_153' title='bbox 328 3667 393 3770; x_wconf 87' lang='grc' dir='ltr'><strong><em>σης</em></strong></span> <span class='ocrx_word' id='word_1_154' title='bbox 418 3638 690 3739; x_wconf 77' lang='grc' dir='ltr'><strong><em>παρακλήσεως,</em></strong></span> <span class='ocrx_word' id='word_1_155' title='bbox 716 3641 804 3727; x_wconf 83' lang='grc' dir='ltr'><strong><em>τοῦς</em></strong></span> <span class='ocrx_word' id='word_1_156' title='bbox 827 3639 1110 3728; x_wconf 82' lang='grc' dir='ltr'><strong><em>ὑποκεκλικότας</em></strong></span> <span class='ocrx_word' id='word_1_157' title='bbox 1136 3669 1194 3718; x_wconf 92' lang='grc' dir='ltr'><strong><em>σοι</em></strong></span> <span class='ocrx_word' id='word_1_158' title='bbox 1219 3645 1286 3728; x_wconf 84' lang='grc' dir='ltr'><strong><em>τὰς</em></strong></span> <span class='ocrx_word' id='word_1_159' title='bbox 1312 3647 1458 3723; x_wconf 78' lang='grc' dir='ltr'><strong><em>ἑαυτῶν</em></strong></span> <span class='ocrx_word' id='word_1_160' title='bbox 1481 3673 1575 3743; x_wconf 84' lang='grc' dir='ltr'><strong><em>κεφα-</em></strong></span> 
     </span>
     <span class='ocr_line' id='line_1_31' title="bbox 327 3741 1575 3874; baseline 0.001 -57"><span class='ocrx_word' id='word_1_161' title='bbox 327 3743 393 3826; x_wconf 83' lang='grc' dir='ltr'><strong><em>λὰς</em></strong></span> <span class='ocrx_word' id='word_1_162' title='bbox 418 3741 633 3844; x_wconf 83' lang='grc' dir='ltr'><strong><em>εῦίόχησον,</em></strong></span> <span class='ocrx_word' id='word_1_163' title='bbox 667 3743 840 3872; x_wconf 78' lang='grc' dir='ltr'><strong><em>ἆχίασον,</em></strong></span> <span class='ocrx_word' id='word_1_164' title='bbox 874 3742 1110 3874; x_wconf 85' lang='grc' dir='ltr'><strong><em>φροῦρησον,</em></strong></span> <span class='ocrx_word' id='word_1_165' title='bbox 1136 3742 1469 3842; x_wconf 78' lang='grc' dir='ltr'><strong><em>ἰνδυνοίμωσον,’</em></strong></span> <span class='ocrx_word' id='word_1_166' title='bbox 1454 3745 1575 3874; x_wconf 76' lang='grc' dir='ltr'><strong><em>οχηρυ</em></strong></span> 
     </span>
     <span class='ocr_line' id='line_1_32' title="bbox 327 3842 1575 3975; baseline 0.003 -55"><span class='ocrx_word' id='word_1_167' title='bbox 327 3868 408 3935; x_wconf 87' lang='grc' dir='ltr'><strong><em>σον,</em></strong></span> <span class='ocrx_word' id='word_1_168' title='bbox 443 3845 515 3919; x_wconf 73' lang='grc' dir='ltr'><strong><em>ἀπὸ</em></strong></span> <span class='ocrx_word' id='word_1_169' title='bbox 541 3843 725 3929; x_wconf 79' lang='grc' dir='ltr'><strong><em>παυτδς’</em></strong></span> <span class='ocrx_word' id='word_1_170' title='bbox 705 3874 818 3975; x_wconf 81' lang='grc' dir='ltr'><strong><em>τρχου</em></strong></span> <span class='ocrx_word' id='word_1_171' title='bbox 845 3853 1010 3974; x_wconf 73' lang='grc' dir='ltr'><strong><em>πονηροῦ</em></strong></span> <span class='ocrx_word' id='word_1_172' title='bbox 1036 3842 1261 3944; x_wconf 82' lang='grc' dir='ltr'><strong><em>ἅπόστησον,</em></strong></span> <span class='ocrx_word' id='word_1_173' title='bbox 1295 3877 1408 3924; x_wconf 88' lang='grc' dir='ltr'><strong><em>παντι</em></strong></span> <span class='ocrx_word' id='word_1_174' title='bbox 1396 3847 1516 3924; x_wconf 71' lang='grc' dir='ltr'><strong><em>δὲ”</em></strong></span> <span class='ocrx_word' id='word_1_175' title='bbox 1497 3873 1575 3948; x_wconf 79' lang='grc' dir='ltr'><strong><em>τρχῳ</em></strong></span> 
     </span>
     <span class='ocr_line' id='line_1_33' title="bbox 279 3944 1575 4076; baseline -0.004 -51"><span class='ocrx_word' id='word_1_176' title='bbox 279 4015 281 4025; x_wconf 88' lang='grc'><strong><em>.</em></strong></span> <span class='ocrx_word' id='word_1_177' title='bbox 326 3949 467 4076; x_wconf 75' lang='grc' dir='ltr'><strong><em>ἀχαθῷ</em></strong></span> <span class='ocrx_word' id='word_1_178' title='bbox 512 3944 703 4074; x_wconf 82' lang='grc' dir='ltr'><strong><em>σίναφον</em></strong></span> <span class='ocrx_word' id='word_1_179' title='bbox 746 3947 809 4024; x_wconf 86' lang='grc' dir='ltr'><strong><em>καί</em></strong></span> <span class='ocrx_word' id='word_1_180' title='bbox 844 3947 1133 4046; x_wconf 77' lang='grc' dir='ltr'><strong><em>καταξίωσον’</em></strong></span> <span class='ocrx_word' id='word_1_181' title='bbox 1113 3949 1368 4051; x_wconf 87' lang='grc' dir='ltr'><strong><em>ακατακρίτως</em></strong></span> <span class='ocrx_word' id='word_1_182' title='bbox 1400 3953 1575 4047; x_wconf 83' lang='grc' dir='ltr'><strong><em>μετασχεῖν</em></strong></span> 
     </span>
     <span class='ocr_line' id='line_1_34' title="bbox 325 4045 1574 4150; baseline -0.002 -26"><span class='ocrx_word' id='word_1_183' title='bbox 325 4057 404 4125; x_wconf 85' lang='grc' dir='ltr'><strong><em>τῶν</em></strong></span> <span class='ocrx_word' id='word_1_184' title='bbox 438 4045 638 4144; x_wconf 80' lang='grc' dir='ltr'><strong><em>ἄχροίντων</em></strong></span> <span class='ocrx_word' id='word_1_185' title='bbox 672 4073 741 4125; x_wconf 90' lang='grc' dir='ltr'><strong><em>σου</em></strong></span> <span class='ocrx_word' id='word_1_186' title='bbox 773 4047 918 4125; x_wconf 82' lang='grc' dir='ltr'><strong><em>τούτων</em></strong></span> <span class='ocrx_word' id='word_1_187' title='bbox 950 4050 1013 4126; x_wconf 87' lang='grc' dir='ltr'><strong><em>καί</em></strong></span> <span class='ocrx_word' id='word_1_188' title='bbox 1048 4049 1240 4141; x_wconf 70' lang='grc' dir='ltr'><strong><em>ζωοποιοῦν</em></strong></span> <span class='ocrx_word' id='word_1_189' title='bbox 1271 4053 1574 4150; x_wconf 86' lang='grc' dir='ltr'><strong><em>μυστηρίων,ς</em></strong></span> <span class='ocrx_word' id='word_1_190' title='bbox 1536 4053 1574 4130; x_wconf 88' lang='grc' dir='ltr'><strong><em>εἰς</em></strong></span> 
     </span>
     <span class='ocr_line' id='line_1_35' title="bbox 327 4149 1380 4254; baseline 0.002 -28"><span class='ocrx_word' id='word_1_191' title='bbox 327 4149 512 4252; x_wconf 80' lang='grc' dir='ltr'><strong><em>ἄφεσιν</em></strong></span> <span class='ocrx_word' id='word_1_192' title='bbox 489 4157 696 4250; x_wconf 85' lang='grc' dir='ltr'><strong><em>αμαρτιῶν,</em></strong></span> <span class='ocrx_word' id='word_1_193' title='bbox 723 4156 774 4236; x_wconf 85' lang='grc' dir='ltr'><strong><em>εἰς</em></strong></span> <span class='ocrx_word' id='word_1_194' title='bbox 798 4149 1023 4242; x_wconf 84' lang='grc' dir='ltr'><strong><em>πνεύματος</em></strong></span> <span class='ocrx_word' id='word_1_195' title='bbox 1033 4151 1143 4254; x_wconf 84' lang='grc' dir='ltr'><strong><em>ἆχίου</em></strong></span> <span class='ocrx_word' id='word_1_196' title='bbox 1168 4152 1380 4228; x_wconf 84' lang='grc' dir='ltr'><strong><em>κοινωνίαν.</em></strong></span> 
     </span>
    </p>
   </div>
   <div class='ocr_carea' id='block_1_11' title="bbox 406 4297 1571 4533">
    <p class='ocr_par' dir='ltr' id='par_1_12' title="bbox 406 4297 1571 4533">
     <span class='ocr_line' id='line_1_36' title="bbox 406 4297 1571 4533; baseline -0.007 -55"><span class='ocrx_word' id='word_1_197' title='bbox 406 4399 583 4502; x_wconf 78' lang='grc' dir='ltr'><strong><em>Χάριτι</em></strong></span> <span class='ocrx_word' id='word_1_198' title='bbox 614 4403 692 4480; x_wconf 84' lang='grc' dir='ltr'><strong><em>καί</em></strong></span> <span class='ocrx_word' id='word_1_199' title='bbox 680 4297 1122 4533; x_wconf 41' lang='grc' dir='ltr'><strong><em>οἰκτιρῗίίίςνῗςιιαί</em></strong></span> <span class='ocrx_word' id='word_1_200' title='bbox 1149 4401 1484 4532; x_wconf 79' lang='grc' dir='ltr'><strong><em>φιλανθρωπίη</em></strong></span> <span class='ocrx_word' id='word_1_201' title='bbox 1506 4403 1571 4473; x_wconf 85' lang='grc' dir='ltr'><strong><em>τοῦ</em></strong></span> 
     </span>
    </p>
   </div>
   <div class='ocr_carea' id='block_1_12' title="bbox 324 4499 1571 4710">
    <p class='ocr_par' dir='ltr' id='par_1_13' title="bbox 324 4499 1571 4710">
     <span class='ocr_line' id='line_1_37' title="bbox 325 4499 1571 4606; baseline -0.006 -26"><span class='ocrx_word' id='word_1_202' title='bbox 325 4512 613 4606; x_wconf 75' lang='grc' dir='ltr'><strong><em>μονογενοῦς</em></strong></span> <span class='ocrx_word' id='word_1_203' title='bbox 647 4530 733 4582; x_wconf 92' lang='grc' dir='ltr'><strong><em>σου</em></strong></span> <span class='ocrx_word' id='word_1_204' title='bbox 765 4507 894 4597; x_wconf 87' lang='grc' dir='ltr'><strong><em>υἱοῦ,</em></strong></span> <span class='ocrx_word' id='word_1_205' title='bbox 929 4507 1033 4603; x_wconf 78' lang='grc' dir='ltr'><strong><em>μεθ’</em></strong></span> <span class='ocrx_word' id='word_1_206' title='bbox 1065 4499 1118 4582; x_wconf 84' lang='grc' dir='ltr'><strong><em>οὗ</em></strong></span> <span class='ocrx_word' id='word_1_207' title='bbox 1143 4502 1392 4605; x_wconf 81' lang='grc' dir='ltr'><strong><em>εῦίσχητὸς</em></strong></span> <span class='ocrx_word' id='word_1_208' title='bbox 1415 4505 1472 4596; x_wconf 82' lang='grc' dir='ltr'><strong><em>εἰ,</em></strong></span> <span class='ocrx_word' id='word_1_209' title='bbox 1502 4499 1571 4576; x_wconf 84' lang='grc' dir='ltr'><strong><em>σίιν</em></strong></span> 
     </span>
     <span class='ocr_line' id='line_1_38' title="bbox 324 4577 1570 4710; baseline -0.013 -20"><span class='ocrx_word' id='word_1_210' title='bbox 324 4613 385 4704; x_wconf 79' lang='grc' dir='ltr'><strong><em>τῷ</em></strong></span> <span class='ocrx_word' id='word_1_211' title='bbox 421 4607 636 4710; x_wconf 81' lang='grc' dir='ltr'><strong><em>πανοιχίφ</em></strong></span> <span class='ocrx_word' id='word_1_212' title='bbox 670 4606 749 4682; x_wconf 88' lang='grc' dir='ltr'><strong><em>καί</em></strong></span> <span class='ocrx_word' id='word_1_213' title='bbox 785 4577 952 4710; x_wconf 75' lang='grc' dir='ltr'><strong><em>ἀχαθίῤ</em></strong></span> <span class='ocrx_word' id='word_1_214' title='bbox 987 4607 1065 4701; x_wconf 72' lang='grc' dir='ltr'><strong><em>τιαί</em></strong></span> <span class='ocrx_word' id='word_1_215' title='bbox 1103 4608 1312 4710; x_wconf 81' lang='grc' dir='ltr'><strong><em>ζωοποιῷ</em></strong></span> <span class='ocrx_word' id='word_1_216' title='bbox 1344 4631 1429 4684; x_wconf 93' lang='grc' dir='ltr'><strong><em>σου</em></strong></span> <span class='ocrx_word' id='word_1_217' title='bbox 1452 4597 1570 4682; x_wconf 82' lang='grc' dir='ltr'><strong><em>πνεῦ-</em></strong></span> 
     </span>
    </p>
   </div>
   <div class='ocr_carea' id='block_1_13' title="bbox 0 0 1672 5302">
    <p class='ocr_par' dir='ltr' id='par_1_14' title="bbox 0 0 1672 5302">
     <span class='ocr_line' id='line_1_39' title="bbox 0 0 1672 5302; baseline 0 4"><span class='ocrx_word' id='word_1_218' title='bbox 0 0 1672 5302; x_wconf 95' lang='lat' dir='ltr'><strong><em> </em></strong></span> 
     </span>
    </p>
   </div>
  </div>
 </body>
</html>
