3336 5302
937 407 1011 482 tut

338 605 369 660 et
395 611 475 676 pone
505 591 589 656 illum
612 592 763 656 Sacerdos
793 592 880 669 alius,
908 593 960 674 qui
989 593 1114 658 calicem
1142 591 1232 656 otiam
1255 601 1392 673 opertum
1415 601 1487 656 ante
1508 601 1611 672 peetus

338 695 444 762 defert.
488 693 551 758 llos
580 704 748 774 sequuntur
770 694 1113 766 SacerdoteerPontilici
1134 693 1383 758 concelebrantes
1405 696 1480 774 (quo
1503 693 1612 756 solem-

338 798 408 860 nlus
430 796 510 862 enim
532 804 580 860 eet
600 795 713 860 missae
735 796 878 872 cilicium,
900 815 938 858 eo
962 797 1063 878 plures
1078 795 1260 860 Sacerdotes
1282 813 1368 858 sacra
1391 797 1611 858 secumlactu·

336 917 389 962 ros
404 897 543 962 Pontifex
564 905 720 972 convocat,
742 899 792 980 qui
815 898 862 961 rel
885 899 995 962 calices
1016 915 1126 961 vacuos
1149 905 1273 960 ornatus
1296 897 1401 976 made,
1424 896 1472 960 ael
1494 905 1530 959 ut
1549 895 1611 976 plu·

337 1001 447 1064 simum
470 998 572 1062 altaris
595 1017 680 1062 sacra
702 1000 917 1073 instrumente;
940 1000 990 1064 bic
1003 1000 1163 1071 Lanceam,
1185 999 1238 1060 ille
1259 997 1425 1079 Spongiam
1447 999 1512 1062 sire
1533 997 1612 1078 puri·

337 1100 516 1174 ficatorium,
549 1099 625 1164 alius
657 1099 767 1164 librum
800 1100 963 1174 missalem,
996 1101 1071 1164 alter
1103 1099 1248 1181 reliquias
1281 1117 1385 1162 sacras
1413 1110 1514 1174 tenet,
1548 1109 1610 1163 eta

338 1203 496 1268 Pascbatie
527 1201 713 1264 solemnibus
745 1201 782 1264 ad
814 1202 1010 1266 decensionis
1041 1221 1136 1283 usque
1169 1201 1373 1266 celebritatem
1405 1201 1564 1282 plerisque
1583 1203 1610 1264 ia

338 1303 530 1370 licoasteriis
558 1302 670 1368 Christi
698 1302 729 1364 in
758 1303 918 1384 sepulchro
948 1303 1073 1368 iacentis
1103 1303 1263 1382 imaginem
1292 1302 1390 1376 (cuius
1418 1311 1468 1365 eet
1489 1321 1564 1364 usus
1582 1303 1610 1364 in

338 1405 535 1488 processione
556 1411 713 1476 nocturna,
746 1414 778 1467 et
798 1405 908 1483 sigiliis
930 1423 1054 1485 magnae
1075 1405 1272 1481 Parasceues)
1294 1395 1481 1490 ύνιισύφιον
1501 1405 1559 1466 bec
1578 1403 1609 1466 de

340 1525 431 1572 cauea
459 1507 580 1579 dictam,
608 1505 705 1568 ultimi
733 1506 792 1568 duo
815 1505 996 1570 Sacerdotes
1025 1525 1130 1586 agmen
1159 1505 1234 1568 illud
1260 1506 1438 1569 claudentes
1468 1505 1608 1586 capitibus

339 1616 470 1685 gestant,
500 1615 531 1668 et
551 1605 691 1687 praevios
713 1617 888 1687 sequuntur.
913 1609 1079 1671 'Centoras
1101 1607 1222 1670 interim
1244 1608 1406 1670 modulatis
1428 1607 1609 1678 vocibuset

295 1757 303 1770 .
340 1709 422 1788 gravi
445 1716 542 1781 cantu,
566 1707 764 1772 cherubicum
788 1709 935 1788 llymnum
958 1709 1127 1782 decantant,
1157 1717 1188 1772 et
1209 1708 1269 1770 nisi
1291 1727 1445 1772 sacrorum
1469 1709 1607 1770 donorum

339 1809 451 1874 latores
480 1810 692 1890 conspexerint
719 1829 736 1874 e
764 1811 903 1873 Prutlresi
930 1828 1079 1890 egressos,
1109 1828 1256 1891 nusquam
1284 1810 1334 1872 illa
1363 1809 1463 1883 rerba,
1494 1801 1540 1884 (ὸς
1557 1804 1607 1871 τὸν

338 1905 482 1992 βασιλέα
503 1913 569 1974 τῶν
589 1904 677 1975 ὅλων
699 1904 954 1992 ὑποδεξάμενοι,
984 1912 1144 1976 concinere
1167 1911 1288 1976 audent.
1332 1911 1417 1974 Tunc
1440 1919 1540 1974 autem
1560 1927 1605 1972 eea

339 2013 451 2092 Regem
474 2013 606 2076 omniunt
628 2013 703 2092 ταῖς
724 2005 913 2095 ύμηελικαῖς
933 2004 1085 2095 ἀοράτως
1105 2005 1395 2098 δορυφορούμενον
1408 2006 1534 2090 τάξεσι,
1555 2013 1605 2074 λι·

339 2113 446 2193 galicie
474 2114 631 2177 ordinibus
660 2113 853 2178 invisibiliter
875 2115 1016 2196 stipatum
1040 2116 1203 2195 excepturi,
1235 2114 1357 2194 quidam
1378 2113 1534 2184 inclinant,
1562 2111 1604 2174 alii

339 2215 542 2296 procumbunt
563 2215 593 2278 in
615 2235 721 2296 genua,
745 2216 776 2278 in
799 2217 978 2297 quibusdam
1000 2216 1090 2279 etiam
1113 2215 1190 2278 locis
1205 2215 1351 2286 nonnulli,
1376 2215 1505 2278 maxime
1520 2215 1602 2292 aegri·

341 2316 444 2379 tudine
478 2315 593 2392 afflicti,
626 2317 755 2398 pedibus
789 2337 821 2380 se
850 2318 1068 2381 transeuntium
1098 2317 1308 2380 substernunt:
1341 2317 1444 2380 cuncti
1473 2335 1541 2378 vero
1565 2313 1604 2376 sel

340 2427 513 2499 precantur,
541 2419 584 2479 rel
620 2437 654 2480 se
682 2418 897 2481 celebrantium
921 2418 1109 2482 orationibus
1133 2418 1353 2490 commendant,
1384 2419 1430 2480 vel
1454 2417 1532 2498 qued
1553 2417 1603 2478 ire·

342 2521 483 2600 quentius
514 2531 569 2594 est,
599 2519 749 2582 Christum
778 2521 864 2600 quasi
892 2531 1093 2601 praesentem,
1119 2519 1246 2582 latronis
1268 2520 1300 2582 in
1322 2537 1411 2584 cruce
1434 2517 1603 2600 poenitentis

340 2639 414 2684 roco
443 2621 648 2701 alloquuntur:
677 2612 782 2701 Κύριε
806 2613 977 2706 μνήσθητί
1001 2641 1067 2712 μου
1095 2613 1176 2684 ὅταν
1204 2613 1309 2708 slepe
1336 2615 1371 2684 ἐν
1397 2621 1440 2704 τῆ
1460 2609 1603 2702 βασιλείᾳ

340 2742 413 2788 σου.
457 2723 653 2802 Respondent
683 2721 726 2784 illi
754 2714 918 2807 μνησθείη
941 2715 1067 2805 Κύριος
1093 2713 1112 2786 o‘
1137 2718 1224 2798 Θεὸς
1249 2715 1384 2786 πάντων
1405 2713 1500 2806 ἡμῶν
1522 2716 1604 2804 torp

340 2817 498 2910 βασιλείᾳ
521 2815 640 2888 αὐτοῦ·
666 2817 823 2888 πάντοτε.
849 2825 874 2886 Α
902 2842 961 2904 qus
983 2843 1056 2888 ecce
1078 2825 1241 2904 repetenda
1264 2824 1435 2886 nullatenus
1458 2823 1603 2892 desistunt,

342 2927 510 3007 usquedum
533 2923 681 2987 stantibus
705 2924 742 2988 ad
766 2943 868 2988 sacras
890 2926 973 2989 iores
994 2925 1184 2999 Lectoribue,
1212 2925 1272 3006 ipsi
1293 2944 1349 3008 per
1370 2925 1490 2988 medios
1512 2939 1602 2986 eornm

342 3027 465 3090 ordines
494 3035 751 3110 pertranseuntes,
774 3025 811 3087 ad
834 3038 970 3090 sanctum
993 3026 1138 3090 Tribunal
1159 3027 1361 3107 pervenerint.
1405 3026 1452 3088 lbi
1474 3045 1490 3090 a
1513 3023 1602 3087 Ponti·

341 3131 399 3192 iice
426 3129 533 3192 ordine
566 3127 737 3208 mutuisque
766 3127 908 3208 precibus
937 3127 1136 3208 excipiuntur.
1179 3129 1218 3190 Et
1238 3129 1388 3192 Diaconue
1417 3127 1537 3208 quidem
1562 3144 1604 3188 sa·

341 3249 425 3295 crum
453 3249 562 3312 panem
584 3237 723 3308 gestans3
749 3222 925 3313 μνησθείη,
956 3230 1054 3310 inquit
1075 3231 1235 3310 Episcopo,
1264 3222 1389 3312 Κύριος
1411 3222 1429 3292 ὸ
1455 3224 1539 3304 Θεὸς
1555 3228 1605 3311 τῆς

342 3324 582 3417 ἀρχιερωσύνης
617 3350 695 3408 σου,
733 3326 768 3394 ἐν
801 3333 853 3414 τῇ,
887 3327 955 3394 κτλ.
993 3341 1024 3393 et
1058 3332 1198 3394 Pontilex
1232 3331 1404 3412 reciproce:
1442 3322 1604 3416 μνησθείη,

342 3435 394 3508 ait,
422 3426 549 3515 Κύριος
577 3425 595 3498 ὸ
620 3427 706 3508 Θεὸς
733 3433 793 3516 τῆς
820 3426 1064 3515 ίιροὸιακονίας
1083 3452 1155 3510 σου,
1179 3442 1236 3497 ete.
1257 3433 1448 3514 subsequens
1470 3431 1604 3496 Sacerdos

341 3534 483 3598 Poouroi
511 3534 645 3600 audienti
673 3551 776 3598 vocem
805 3536 932 3596 eandem
960 3534 1062 3598 iteret:
1093 3533 1143 3598 illa
1172 3552 1294 3609 rursus,
1321 3528 1498 3620 μνησθείη,
1526 3533 1603 3596 etiam

343 3635 427 3708 dicit,
449 3637 509 3720 τῆς
530 3627 708 3720 ἱερωσύνης
729 3653 801 3712 σοι,
822 3631 891 3698 κτλ.
921 3643 951 3698 et
971 3635 1069 3698 saone
1092 3635 1180 3698 donis
1202 3656 1220 3699 e
1242 3635 1369 3698 lliaccni
1390 3645 1422 3698 et
1442 3633 1604 3699 Sacerdotis

343 3755 434 3802 manu
462 3755 479 3800 a
507 3735 654 3800 Pontitiee
683 3737 721 3800 ad
750 3755 853 3800 sacrae
882 3738 964 3800 loros
993 3737 1134 3818 receptis,
1164 3755 1251 3800 sacro
1278 3736 1369 3801 cultis
1392 3737 1513 3812 oacnlof
1529 3745 1556 3798 et
1576 3734 1603 3794 io

343 3838 430 3902 almri
452 3837 605 3926 repositis,
628 3837 768 3902 Pontifex
790 3837 909 3902 tandem
932 3838 1012 3902 clara
1035 3857 1108 3902 rone
1129 3838 1185 3901 toti
1205 3837 1319 3920 populo
1342 3856 1414 3902 suas
1429 3856 1534 3922 preces
1547 3834 1603 3918 pol·

342 3940 451 4006 licetur
478 3941 593 4013 dicens,
621 3931 787 4025 μνησθείη
813 3933 949 4006 πάντων
974 3932 1077 4025 ἡμῶν,
1103 3937 1173 4004 κιλ.
1194 3948 1284 4021 atque
1306 3941 1348 4004 ite
1371 3941 1473 4017 finem,
1492 3931 1604 4023 μεηύίη

343 4034 463 4127 είςύὸιρ
483 4041 623 4122 imponit,
645 4042 682 4104 ad
705 4059 793 4122 quem
816 4049 917 4106 maren
937 4041 1005 4120 ipse
1026 4059 1086 4106 non
1109 4042 1256 4124 procedit,
1278 4043 1332 4106 ssd
1353 4060 1502 4115 reversae,
1522 4037 1603 4102 utdi·

342 4144 451 4219 xlmas,
480 4143 517 4209 ad
546 4159 648 4208 sacras
678 4144 758 4206 dores
786 4161 855 4208 cum
877 4143 967 4208 donis
987 4143 1167 4208 accedentes
1188 4143 1399 4225 praestolatur,
1430 4154 1462 4207 et
1482 4139 1602 4220 sinodos

343 4245 424 4310 iamta
446 4264 520 4308 suus
542 4245 650 4324 gradus
674 4244 815 4312 admittit.
839 4245 877 4308 Et
898 4246 973 4310 baec
995 4245 1116 4327 quidem
1139 4245 1190 4321 ite,
1212 4247 1240 4310 ai
1260 4245 1399 4310 Pontifex
1419 4245 1472 4322 sit,
1495 4243 1542 4326 qui
1561 4257 1602 4303 oe·

342 4346 420 4410 lebri
448 4356 593 4428 apparatu
621 4363 706 4410 seem
727 4349 853 4426 peragit,
875 4347 922 4410 vel
943 4347 1140 4429 praecipuum
1161 4347 1294 4412 illuxerit
1315 4347 1436 4422 laenam,
1465 4344 1541 4427 quod
1560 4359 1603 4404 sc·

342 4448 529 4512 lemnitatem
550 4447 643 4511 oillcii
667 4447 757 4510 solito
779 4449 925 4512 maiorem
948 4449 1090 4531 requirat.
1126 4449 1272 4514 Gumente
1292 4467 1363 4512 sero
1386 4459 1530 4530 tempure,
1551 4459 1601 4506 uno

344 4547 555 4612 eoloiliacono
571 4549 727 4614 Sacerdoti
749 4549 989 4628 concelebrante,
1011 4549 1118 4618 eodem
1139 4550 1258 4616 itineris
1280 4558 1387 4624 metu,
1409 4541 1601 4632 praecedenti·

343 4647 401 4712 bus
423 4650 519 4714 cereis
541 4651 688 4733 procedit,
710 4662 852 4734 uterque3
875 4661 906 4716 et
926 4652 1078 4718 Diaconos
1099 4652 1221 4735 quidem
1243 4651 1367 4718 sinistra
1382 4651 1502 4720 iliacum
1521 4645 1593 4728 capit
