3360 5304
910 391 983 466 184

310 591 381 654 tare
407 589 502 654 tuam
528 601 648 676 purum
676 589 709 651 et
735 591 898 671 sanctum,
926 579 1013 652 sicut
1039 576 1181 651 docuisti
1210 603 1289 652 nos:
1318 590 1352 650 et
1376 591 1510 676 praesta
1530 603 1592 652 uo·

310 681 363 755 bis
389 680 660 779 tranquillitatem
687 691 790 773 tuam,
817 680 972 754 omnibus
1000 677 1117 753 diebus
1144 680 1269 754 saeculi
1297 680 1407 754 buius.

386 816 620 914 Prosequitur.
672 815 814 888 Domine
840 815 931 888 Deus
966 825 1081 888 noster
1113 825 1245 911 praesta
1280 815 1377 888 nobis
1404 813 1591 912 tranquilli·

310 929 411 990 tatem
440 929 473 990 et
497 941 613 1016 pacem
638 927 741 1010 tuam,
769 916 924 990 omnibus
952 917 1220 989 diebus·saeculi
1249 916 1366 990 huius:
1401 927 1438 988 nt
1465 939 1591 1011 cogno·

311 1030 408 1092 scant
433 1029 465 1092 te
492 1044 608 1092 omnes
636 1018 839 1092 habitatores
866 1031 992 1091 terrae:
1021 1017 1098 1115 qnia
1124 1030 1158 1091 tu
1187 1043 1223 1091 es
1250 1016 1341 1091 Deus
1368 1017 1465 1090 Pater
1492 1042 1593 1090 verus

311 1122 421 1211 solus,
458 1133 492 1194 et
525 1131 561 1193 tu
593 1121 715 1194 misisti
741 1121 921 1194 Dominum
956 1133 1108 1194 nostrum
1133 1119 1440 1194 lesum'Christum
1466 1119 1593 1192 Filium

311 1233 406 1295 tuum
440 1233 474 1294 et
500 1223 656 1296 dilectum
683 1233 795 1312 tuum3
834 1224 964 1319 etipse
991 1223 1154 1295 Dominus
1180 1233 1215 1294 et
1240 1222 1331 1296 Deus
1359 1234 1474 1294 noster
1500 1222 1594 1294 uenit

311 1332 345 1396 et
378 1325 492 1398 docuit
523 1349 586 1396 nos
620 1348 753 1396 omnem
787 1325 964 1422 puritatem
992 1335 1025 1396 et
1051 1324 1279 1398 sanctitatem:
1316 1323 1512 1396 Memoriam
1540 1323 1594 1394 lac

310 1421 565 1522 Prophetarum,
598 1425 847 1523 Apostolorum,
883 1425 1080 1522 Martyrum,
1116 1425 1373 1519 consessorum,
1406 1425 1594 1522 Episcopo·

310 1552 397 1619 rum,
430 1529 625 1620 Doctorum,
659 1527 889 1620 Sacerdotum,
923 1529 1159 1619 Diacouorum,
1194 1538 1229 1599 et
1262 1528 1411 1601 omnium
1443 1528 1592 1600 filiorum

310 1627 481 1702 Ecclesiae
507 1639 640 1702 sanctae
659 1628 860 1722 Catholicae,
887 1630 945 1726 qui
972 1631 1138 1724 obsignati
1166 1639 1245 1702 sunt
1263 1631 1361 1725 signo
1379 1630 1477 1722 vitae,
1503 1629 1594 1726 Bap-

311 1729 453 1803 tismatis
479 1732 596 1803 sancti.
649 1731 717 1804 Nos
745 1756 876 1830 quoque
903 1732 1055 1804 Domine.

387 1863 618 1962 Prosequitur.
672 1867 767 1939 Servi
808 1868 856 1940 tui
898 1866 1040 1940 humiles
1082 1864 1264 1939 imbecilles
1306 1878 1340 1937 et
1373 1865 1496 1938 infirmi
1533 1867 1592 1962 qui

311 1969 503 2061 congregati
530 1991 647 2041 sumus
674 1969 709 2040 in
737 1969 872 2040 nomine
898 1980 968 2062 tuo,
1002 1992 1158 2066 nuncque
1185 1977 1311 2040 stamus
1338 1991 1449 2040 coram
1478 1979 1523 2059 te,
1560 1979 1595 2040 et

310 2069 499 2165 accepimus
527 2093 603 2141 cum
629 2069 733 2142 iubilo
761 2071 902 2142 lamnam
928 2095 1012 2168 quae
1039 2095 1057 2142 a
1084 2080 1117 2142 te
1144 2078 1205 2161 est,
1240 2069 1424 2161 laudantes,
1463 2069 1594 2164 glorili·
1673 2117 1679 2122 η

311 2179 424 2241 cantes
452 2182 485 2241 et
510 2172 702 2263 exaltantes,
736 2195 1047 2265 commemoramus,
1083 2183 1116 2244 et
1142 2171 1361 2263 celebramus,
1394 2172 1594 2265 mysterium
1676 2261 1679 2274 ⁴

310 2269 376 2341 hoc
401 2293 559 2365 magnum
587 2283 621 2344 et
638 2274 860 2366 tremendum,
888 2285 1039 2347 sanctum
1058 2283 1091 2345 et
1110 2273 1269 2365 divinum,
1295 2273 1473 2369 passionis,
1500 2295 1594 2346 mor·

312 2371 366 2463 tis,
393 2373 581 2469 sepulturae
609 2384 643 2446 et
667 2376 925 2449 resurrectionis
950 2375 1097 2467 Domini,
1125 2385 1158 2448 et
1181 2375 1360 2448 Salvatoris
1387 2376 1493 2448 nostri
1513 2376 1594 2448 lesu

312 2471 446 2546 Christi.

387 2605 430 2679 Et
455 2608 565 2680 veniat
590 2609 731 2682 Domine
759 2611 903 2708 Spiritus
931 2621 1008 2684 tuus
1035 2623 1182 2704 sanctus,
1217 2621 1250 2682 et
1275 2612 1462 2709 requiescat
1488 2635 1596 2710 super
1670 2609 1679 2702 j

311 2706 512 2782 oblationem
538 2709 625 2784 hanc
651 2736 822 2786 servorum
849 2725 993 2806 tuorum,
1021 2738 1119 2810 quam
1145 2713 1300 2806 olierunt,
1328 2725 1361 2786 et
1387 2737 1460 2786 eam
1487 2713 1594 2786 bene·

312 2808 400 2881 dicat
434 2822 468 2882 et
493 2813 688 2906 sanctificet,
724 2826 761 2887 ut
785 2817 830 2887 sit
856 2816 952 2887 nobis
979 2815 1133 2908 Domine,
1168 2815 1208 2887 ad
1235 2815 1505 2912 propitiationem
1535 2817 1594 2888 de·
1670 2842 1673 2851 ⁴

310 2911 477 3004 lictorum,
513 2926 546 2985 et
578 2916 811 2988 remissionem
844 2927 1068 3013 peccatorum,
1103 2940 1261 3015 spemque
1295 2941 1449 3013 magnam
1476 2940 1594 2992 resur·

309 3013 469 3086 rectionis
497 3039 514 3086 a
541 3017 694 3110 mortuis,
723 3017 821 3091 etad
848 3019 947 3092 vitam
974 3043 1092 3092 noram
1118 3022 1152 3091 in
1180 3041 1284 3114 regno
1303 3020 1484 3110 coelorum,
1513 3043 1594 3092 cum

311 3114 467 3188 omnibus
500 3119 555 3214 qui
593 3119 704 3215 placiti
739 3120 878 3194 luerunt
910 3145 1021 3195 coram
1059 3146 1109 3194 eo.
1162 3119 1205 3192 Et
1237 3132 1372 3219 propter
1398 3121 1593 3195 universam
1665 3189 1672 3212 ¹.

311 3216 594 3313 dispensationem
629 3231 718 3294 tuam
751 3223 936 3297 mirabilem
971 3247 1050 3318 erga
1077 3248 1152 3316 nos,
1188 3223 1421 3296 confitebimur
1447 3222 1521 3316 tibi,
1558 3237 1595 3298 et
1675 3303 1678 3308 ,

310 3319 570 3412 glorificabimus
596 3335 629 3395 te
656 3325 898 3417 indesinenter,
926 3327 960 3398 in
979 3325 1127 3397 Ecclesia
1154 3335 1220 3416 tua,
1249 3325 1397 3399 redemta
1424 3349 1485 3422 per
1512 3351 1593 3399 san·
1672 3387 1676 3394 .

311 3421 447 3512 guinem
483 3425 666 3518 pretiosum
703 3426 826 3498 Christi
861 3429 920 3518 tui,
956 3427 1070 3498 oribus
1104 3427 1238 3523 apertis,
1278 3436 1311 3499 et
1344 3426 1428 3500 facie
1463 3426 1591 3500 libera:
1664 3469 1680 3478 ··

313 3519 445 3593 Conon:
472 3524 657 3598 reserentes
683 3525 855 3620 hymnum,
882 3528 1055 3620 honorem,
1091 3528 1336 3602 consessionem
1363 3540 1397 3602 et
1422 3529 1593 3604 adoratio·

310 3643 387 3692 nem
422 3625 549 3697 nomini
586 3637 642 3698 tuo
678 3640 791 3702 sancto
825 3629 897 3701 vivo
925 3643 958 3701 et
984 3631 1171 3723 vivificanti,
1198 3655 1289 3703 nunc
1315 3642 1349 3704 et
1375 3655 1520 3728 semper,
1557 3647 1594 3707 et

310 3721 343 3792 in
372 3724 504 3796 saecula
530 3727 748 3801 saeculorum.
1678 3737 1679 3742 ¹

387 3840 554 3916 Sacerdos
580 3848 690 3940 siqaot
717 3871 816 3920 cruce
841 3851 1022 3944 mysterio:
1049 3861 1081 3921 ct
1108 3851 1319 3948 respondent.
1372 3849 1490 3923 Amen.

309 4035 613 4048 —————..

308 4143 398 4196 reclted
417 4146 440 4195 in
458 4145 506 4196 this
525 4147 628 4214 Litargy.
663 4149 791 4202 Theodora
809 4151 849 4202 the
867 4151 1019 4216 interpreter,
1038 4162 1121 4218 except
1139 4153 1190 4204 that
1207 4153 1225 4204 it
1236 4155 1340 4204 consiste
1351 4155 1484 4206 olbutone
1495 4155 1591 4217 clance,
1657 4150 1676 4186 '²

308 4227 352 4278 has
371 4230 470 4293 nothing
488 4232 653 4282 remarkable:
678 4231 720 4284 bat
737 4235 788 4284 that
806 4237 832 4285 ol
848 4237 973 4288 Nestorius
992 4238 1012 4287 is
1031 4239 1119 4303 unique
1137 4239 1161 4287 ln
1180 4237 1303 4301 following
1321 4240 1361 4289 the
1380 4241 1591 4306 Constantinopo·
1668 4236 1677 4257 '¹

308 4310 366 4362 lltan
391 4314 473 4379 family
496 4317 526 4381 by
543 4317 583 4366 tbo
601 4317 717 4368 insertion
736 4319 763 4368 ol
778 4320 817 4370 the
835 4319 917 4371 clause
935 4321 962 4371 ol
978 4324 1178 4386 transmutatloa;
1205 4323 1274 4374 “lad
1294 4324 1326 4374 let
1344 4327 1384 4375 tha
1402 4338 1474 4387 grace
1493 4327 1522 4376 ol
1538 4327 1591 4392 Thy
1675 4325 1679 4348 ‘¹

307 4395 378 4445 ilocr
396 4399 491 4462 Srrnrr,
516 4401 535 4451 0
554 4403 631 4463 Lora,
656 4417 725 4454 come
744 4403 789 4454 and
809 4403 877 4455 dwall
897 4407 943 4455 und
961 4414 1011 4457 rest
1029 4421 1060 4456 ou
1079 4408 1126 4457 this
1144 4407 1252 4458 oblatioa
1272 4409 1348 4458 which
1368 4423 1402 4457 ne
1420 4409 1483 4458 offer
1501 4409 1590 4460 before
1653 4392 1678 4428 '²'

307 4476 387 4529 Thea:
406 4483 452 4533 aad
471 4499 525 4549 may
542 4487 643 4552 sanctii!
662 4487 708 4536 and
728 4489 796 4560 male
815 4489 841 4551 it,
859 4491 899 4539 the
917 4491 990 4540 broad
1010 4491 1056 4541 and
1074 4493 1115 4542 tha
1133 4505 1188 4557 cap,
1207 4491 1246 4541 the
1265 4491 1331 4556 Bady
1348 4490 1484 4543 aadlllood
1503 4495 1592 4544 otonr
1653 4494 1670 4513 '¹

305 4561 373 4696 iim
391 4565 464 4700 luceru
484 4569 586 4678 Cparsr,
609 4573 664 4624 thus
688 4575 830 4638 sanctltping
854 4575 928 4638 them,
954 4575 1000 4626 and
1024 4577 1183 4641 transmaring
1207 4575 1272 4627 tham
1291 4577 1321 4641 br
1338 4577 1379 4628 tha
1398 4577 1474 4628 virtue
1502 4579 1530 4630 ot
1546 4579 1589 4629 tha

328 4661 376 4698 oar
416 4653 497 4703 aosr.’
1656 4653 1678 4680 ἰ·
