3416 5290
939 415 1012 492 686

338 601 442 688 γίσαι,
470 595 633 686 λαμβάνει
661 595 720 666 τόν
745 593 927 687 ἐπενδύτην
954 591 1041 686 (ἤτοι
1062 595 1101 666 τό
1122 592 1271 683 άπλωμα
1292 602 1350 686 τής
1371 593 1473 684 ἁγίας
1491 593 1615 682 τραπέ-

340 704 419 794 ζης),
440 693 481 772 οὗ
500 697 581 788 παρ’
605 695 707 768 αὐτοῦ
729 697 998 788 ἐφαπλουμένου,
1019 696 1189 790 ψάλλιται
1209 694 1228 767 6
1250 705 1292 768 92
1313 695 1463 787 ψαλμός.
1486 694 1617 766 ‘0116-

337 829 413 890 ριος
433 801 656 890 ἐβασίλευσεν.
698 801 770 868 Καὶ
791 797 879 868 σότω
901 800 1035 884 δοξάζει
1055 796 1074 868 6
1096 796 1266 888 ἀρχιερεὺς
1287 799 1402 887 λέγων.
1432 795 1530 879 Δόξα
1550 822 1614 878 σοι,

336 903 419 994 άγία
444 904 559 992 Ίριάς,
587 899 605 972 6
630 901 716 982 Θεὸς
736 898 840 990 ήμῶν,
869 900 1038 984 δόξασαι,
1067 899 1116 985 εἰς
1136 901 1216 982 τοὺς
1243 898 1367 982 αἰῶνας
1387 907 1454 968 τῶν
1475 897 1615 982 αἰιίνων,

338 1009 395 1077 καὶ
416 1007 501 1093 μετὰ
520 1004 571 1086 τὸ,
591 1001 705 1090 Ἀμὴν,
729 1003 880 1092 ἰφαπλσῖ
902 1000 920 1070 6
943 999 1111 1090 ἀρχιερεὺς
1132 1009 1172 1093 τῇ
1192 1002 1340 1092 τραπέζη
1356 1001 1400 1072 τὰ
1413 999 1616 1087 ἀντιμίνσια,

339 1107 486 1196 θάτερον
507 1107 643 1195 θατέρῳ
666 1105 903 1189 ἐπιτιθέμενος
922 1105 980 1172 καὶ
1002 1104 1062 1172 όπί
1082 1102 1215 1184 τούτοις
1235 1103 1274 1172 τὸ
1296 1109 1356 1188 τῆς
1376 1103 1550 1194 ἐκκλησίας
1562 1103 1618 1170 καί

338 1207 394 1279 ἐπ’
419 1207 507 1298 αὐτῷ
537 1207 656 1298 τίθησι
676 1207 714 1276 τὸ
738 1204 826 1294 ἱερὸν
848 1203 1047 1292 εὐαγγέλιον,
1077 1199 1150 1274 εἰτα
1170 1204 1307 1294 τίθησιν
1328 1203 1388 1274 ἰπὶ
1409 1210 1449 1295 τῇ
1469 1205 1617 1295 τραπέζη

338 1312 396 1381 καὶ
422 1311 461 1380 τὸ
492 1308 581 1398 ἰερόν
609 1307 814 1398 ἀρτοφόριον
840 1308 897 1376 καί
923 1306 1050 1394 γίνεται
1076 1303 1265 1392 ἀσπασμός.
1308 1306 1379 1375 Καὶ
1404 1306 1492 1391 μετὰ
1520 1314 1617 1375 τοῦτο

339 1420 452 1505 θυμιᾷ
484 1411 545 1502 τήν
578 1408 674 1498 άγίαν
708 1407 875 1496 τράπεζαν
906 1410 962 1476 καί
993 1409 1032 1476 τό
1064 1405 1226 1494 ίερατεῖον
1252 1408 1309 1476 ιιαί
1334 1407 1415 1478 όλαν
1441 1407 1501 1476 τόν
1529 1407 1617 1478 ναόν.

342 1513 514 1582 Ψάλλεται
543 1514 580 1582 δέ
609 1511 673 1590 ἕως
689 1501 738 1579 οὗ
761 1508 985 1600 ἀποθυμιάση
1008 1507 1026 1578 6
1049 1507 1217 1598 ἀρχιερεὺς
1238 1506 1257 1578 6
1279 1517 1320 1582 25
1343 1509 1491 1598 ψαλμός.
1534 1516 1617 1596 Κρῖ-

339 1613 397 1684 νόν
423 1641 466 1700 με
487 1612 603 1702 Κόριε.
642 1617 835 1698 Θυμιῶντος
861 1613 898 1680 δέ
919 1618 979 1679 τοῦ
1001 1607 1179 1699 ἀρχιερέως
1200 1601 1248 1692 είς
1268 1617 1333 1680 τῶν
1355 1610 1472 1698 ἱερέων
1494 1611 1616 1680 ἐπανιο-

340 1719 462 1785 λουθεῖ
481 1710 629 1784 όπισθεν
649 1711 824 1800 βαστάζων
844 1713 883 1810 τό
905 1721 966 1782 τοῦ
985 1712 1091 1802 μόρου
1112 1711 1245 1801 ἀγγεῖον
1264 1711 1321 1781 καί
1343 1721 1438 1782 ποιεῖ
1455 1714 1616 1801 σταυροὺς

339 1819 377 1886 ένι
404 1824 465 1886 τοῦ
492 1814 599 1905 μόρου
627 1815 677 1896 εἰς
698 1815 756 1883 ένα
778 1815 917 1884 ἕκαστον
937 1812 1032 1884 κίονα
1053 1813 1110 1882 καί
1131 1816 1257 1904 πηνσόν
1279 1810 1390 1904 (ήγοαν
1410 1817 1544 1884 καλῶαα
1561 1817 1616 1884 καί

339 1917 504 2007 καμάραν)
516 1925 576 1986 τοῦ
588 1923 680 1988 ναοῦ.
701 1916 1054 2007 Συμπληρουμένηςδό
1075 1921 1134 2004 τῆς
1153 1913 1351 2002 θυμιάσεως
1371 1917 1429 1986 καὶ
1450 1923 1513 1984 τοῦ
1529 1919 1616 2007 ψαλ-

339 2029 416 2106 μοῦ,
438 2019 571 2104 δοξάζει
592 2016 611 2088 6
634 2015 802 2107 ἀρχιερεὺς
822 2016 921 2086 οότιν.
941 2016 1037 2099 Δόξα
1058 2024 1097 2108 τῇ
1119 2014 1199 2108 όγίηι
1216 2020 1275 2086 καί
1297 2017 1545 2107 πανταδυνάμῳ
1562 2019 1615 2086 καὶ

341 2123 498 2210 ζωοποιῷ
523 2119 654 2208 Τριάδι,
676 2119 831 2200 πάντοτε,
854 2127 909 2187 νῦν
929 2119 987 2188 καί
1006 2116 1062 2189 ἀεὶ
1082 2119 1140 2188 ιιοιί
1161 2117 1210 2199 εἰς
1224 2120 1302 2200 τοὺς
1318 2117 1442 2200 αἰῶνας
1455 2127 1524 2188 τῶν
1537 2118 1616 2190 σίιό-

341 2249 415 2291 νων.
437 2217 522 2294 Εἰτα
544 2219 562 2292 6
586 2221 749 2302 διάκονος,
762 2216 836 2290 Ἔτι
857 2218 914 2292 καί
936 2218 988 2290 έτι
1008 2221 1044 2290 έν
1065 2218 1176 2312 εἰρήνη
1198 2226 1257 2288 τοῦ
1277 2218 1407 2307 Κυρίου
1428 2223 1615 2312 δεηθῶμεν.

338 2321 377 2392 ‘0
398 2320 567 2414 ἀρχιερεὺς
588 2324 647 2414 τήν
668 2322 863 2415 ἐνιγιόνησιν,
883 2321 962 2392 Ὅτι
989 2324 1124 2407 πρέπει.
1166 2320 1203 2390 Ὁ
1226 2320 1380 2402 διάκονος
1404 2330 1468 2390 τοῦ
1488 2321 1616 2409 Κυρίου

342 2428 527 2516 δεηθῶμεν.
560 2423 598 2493 ‘0
620 2422 788 2513 ἀρχιερεὺς
808 2425 867 2512 τήν
889 2421 995 2510 εὐχήν,
1016 2421 1122 2510 Κύριε
1142 2419 1162 2492 6
1186 2424 1272 2504 Θεὸς
1292 2420 1395 2512 ήμῶν,
1418 2421 1436 2492 6
1460 2425 1517 2491 καὶ
1536 2423 1616 2491 ταό-

340 2553 399 2618 την
419 2528 480 2616 τήν
502 2524 602 2609 δόξαν
622 2533 695 2608 τοῖς
715 2524 800 2614 ὑπὲρ
821 2549 883 2594 σου
904 2523 1096 2613 ἀθλήσασιν
1122 2521 1231 2612 ἁγίοις
1250 2523 1395 2613 μάρτυσι
1423 2522 1615 2616 δωρησάμε-

340 2651 407 2708 νος,
428 2629 468 2698 τό
489 2625 695 2714 σπείρεσθαι
717 2628 752 2696 ἐν
773 2625 864 2718 πόση
887 2634 927 2717 τῇ
948 2634 987 2716 γῇ
1008 2625 1051 2694 τὰ
1072 2623 1219 2717 λείψανα
1233 2624 1352 2709 αὐτῶν,
1373 2627 1408 2695 έν
1422 2634 1498 2708 τοῖς
1512 2624 1617 2715 ἁγίοις

341 2725 448 2808 σ’ίκοις
470 2753 530 2796 σου
552 2729 609 2798 καί
628 2729 759 2815 καρπὸν
780 2726 930 2814 ἰαμάτων
950 2725 1163 2814 βλαστάνειν·
1196 2725 1307 2810 αὐτὸς,
1335 2729 1500 2810 δέσποτα,
1521 2753 1616 2817 χορη-

339 2831 399 2918 γός
426 2827 561 2898 πάντων
588 2837 653 2898 τῶν
681 2826 819 2918 ἀγαθῶν
840 2827 1006 2917 τυγχάνων
1033 2827 1242 2916 (πρεσβείαις
1262 2837 1328 2898 τῶν
1350 2825 1464 2917 ἁγίων,
1493 2821 1542 2898 ὧν
1561 2826 1614 2919 ηί-

342 2929 485 3022 δόκησας
504 2931 564 3019 τήν
585 2928 756 3000 ἀπόθεσιν
775 2937 841 2999 τῶν
862 2929 1033 3024 λειψάνων
1054 2929 1089 2999 έν
1109 2927 1215 3021 τούτῳ
1236 2935 1283 3020 τῷ
1304 2935 1418 3019 σεπτῷ
1437 2936 1510 3020 ναῷ
1530 2931 1614 3020 γενέ-

341 3039 439 3115 σθαι)
468 3029 611 3114 ἀξίωσον
637 3030 725 3123 ἡμᾶς
751 3029 977 3121 ἀιαταιιρίτως
1002 3033 1062 3121 τήν
1088 3029 1291 3118 ἀναίμακτόν
1313 3056 1368 3101 σοι
1389 3039 1613 3122 πραςενιγιείι

340 3135 377 3204 έν
404 3130 495 3223 αὐτῷ
523 3133 648 3204 θυσίαν
674 3134 731 3203 καὶ
760 3131 909 3225 διόρησαι
929 3131 1009 3223 ἡμῖν
1029 3131 1141 3202 πάντα
1161 3134 1206 3202 τά
1226 3134 1313 3222 πρὸς
1334 3131 1503 3224 σωτηρίαν
1524 3132 1613 3222 αἰτή-

339 3256 447 3322 ματα·
476 3231 680 3325 άντάμειψιν
706 3236 938 3324 παρέχωνταί
959 3235 995 3306 έν
1015 3235 1123 3326 τούτῳ
1142 3241 1217 3316 ταῖς
1237 3231 1429 3322 ἀθλήσααιν
1450 3231 1539 3322 ὑπὲρ
1559 3241 1614 3304 τοῦ

341 3334 438 3425 άγίου
466 3333 631 3423 ὀνόματός
658 3361 737 3419 σου,
770 3339 808 3407 τὸ
839 3342 1105 3426 θαυματουργεῖν
1133 3333 1184 3405 δι’
1208 3332 1315 3404 αότῶν
1340 3336 1430 3423 πρὸς
1455 3334 1614 3427 ἡμετέραν

339 3437 516 3530 σωτηρίαν.
551 3437 630 3507 Ὅτι
656 3445 717 3508 σοῦ
744 3438 835 3508 ἐστιν
857 3436 876 3528 ή
898 3438 1055 3524 βασιλεία
1073 3445 1133 3506 τοῦ
1154 3437 1285 3522 πατρὸς
1305 3437 1362 3506 καὶ
1381 3443 1443 3506 τοῦ
1466 3436 1542 3508 vio&
1561 3436 1616 3506 καί

340 3547 408 3608 τοῦ1
428 3538 524 3628 άγίου
552 3538 752 3626 πνεόματας,
785 3547 841 3608 νῦν
861 3541 918 3610 καί
939 3538 1003 3622 ἀεὶ,
1036 3538 1093 3608 καί
1121 3536 1170 3620 εἰς
1195 3538 1275 3620 τοὺς
1301 3535 1426 3619 αἰῶνας
1447 3546 1517 3608 τῶν
1537 3537 1615 3608 αἰῶ-

340 3668 415 3710 νων.
455 3639 569 3731 Ἀμήν.

424 3737 510 3812 Εἶτα
531 3740 642 3834 εἰρήνη
663 3746 760 3824 πᾶσι,
782 3740 801 3812 6
824 3741 986 3824 διάκονος.
1022 3741 1093 3822 Τάς
1112 3741 1262 3832 κεφαλὰς
1283 3738 1385 3826 ἀμῶν.
1421 3740 1496 3810 Καὶ
1517 3738 1537 3812 6
1559 3738 1615 3826 α’ρ-

339 3845 467 3932 χιερεὺς
487 3843 547 3934 τήν
569 3842 674 3933 εόχήν,
693 3839 963 3932 Εόχαριστσῦμέν
983 3867 1049 3914 σοι.
1071 3837 1156 3912 Εἶτα
1177 3843 1278 3932 λέγει
1297 3837 1350 3911 Ἐν
1364 3840 1478 3934 εἰρήνη
1493 3843 1616 3932 md),

340 3951 467 4031 θωμεν.
498 3945 569 4015 Καί
597 3945 731 4034 λέγεται
751 3943 770 4016 6
792 3943 984 4026 ἀπόστολος
1004 3945 1099 4033 παρὰ
1119 3949 1180 4013 τοῦ
1201 3941 1358 4014 διατόνου
1378 3945 1437 4012 καί
1457 3946 1498 4014 τό
1519 3942 1615 4033 τάσγ-

270 4049 277 4064 ’
339 4048 451 4135 γέλων
465 4047 560 4136 παρὰ
574 4052 635 4114 τοῦ
650 4043 837 4135 ἀρχιερέως,
853 4042 926 4118 εἰτα
939 4045 1112 4134 κομίζεται
1124 4052 1173 4135 τῷ
1188 4041 1332 4134 ἀρχιερεῖ
1345 4043 1496 4134 κανδήλα
1506 4046 1613 4134 ιιαινή,

340 4149 398 4218 καί
423 4149 590 4238 θρυαλλὶς
616 4149 741 4240 (φυτρί)
770 4149 829 4218 καὶ
854 4147 978 4231 ἔλαιον,
1007 4145 1108 4230 αὐτὸς
1135 4147 1173 4216 δέ
1192 4154 1269 4227 ταῖς
1290 4143 1395 4227 ἰδίαις
1412 4149 1512 4235 χερσί
1530 4149 1614 4237 πλη-

339 4257 406 4338 ρῶν
434 4248 547 4320 ἐλαίου
574 4250 634 4339 τήν
662 4247 836 4339 κανδήλαν,
865 4247 1009 4320 ἀνάπτει
1033 4249 1094 4338 τήν
1120 4247 1312 4337 θρυαλλίδα
1339 4247 1398 4317 ιιαί
1425 4242 1614 4340 &mmm

339 4355 387 4441 τῷ
416 4347 500 4440 άγίῳ
527 4350 769 4441 θυσιαστηρίῳ.
809 4351 882 4421 Καί
908 4350 1031 4420 λοιπόν
1058 4346 1307 4438 άπαιτθέμενος
1326 4347 1377 4431 τό,
1404 4373 1442 4420 τε
1460 4347 1614 4438 Σάβαναν

339 4453 396 4522 καὶ
417 4453 460 4522 τό
480 4452 723 4538 μανδόλιαειαί
743 4453 802 4543 τήν
825 4451 937 4544 ζώνην,
957 4451 1058 4520 άτινα
1077 4451 1294 4537 διανέμονται
1313 4454 1360 4540 τῷ
1375 4449 1459 4540 λαῷ,
1479 4449 1613 4538 διατρί-

340 4579 401 4624 πει
429 4547 502 4622 εἰτα
528 4560 600 4635 τοῖς
627 4555 909 4646 ἐκκλησιαστικαῖς
935 4552 1118 4644 ὑπηρέταις
1138 4550 1271 4644 ἀνάψαι
1290 4551 1352 4633 τὰς
1371 4550 1539 4642 κανδήλας
1556 4553 1613 4622 καὶ

339 4655 418 4736 τοὺς
443 4653 572 4746 κηρσός.
618 4654 756 4724 Τοότων
782 4655 819 4726 δέ
845 4655 1026 4744 γινομένων
1052 4652 1231 4747 ψάλλεται.
1269 4652 1384 4738 Δόξα,
1410 4651 1526 4742 Ἰδιόμ.
1554 4659 1612 4722 τοῦ
