3336 5302
660 437 747 514 2445

158 623 312 706 Σῶσον,
347 615 507 714 ἐλέησον,
542 616 749 715 ἀντιλαβοῦ
783 618 847 695 καὶ
879 616 1112 719 διαφύλαξον
1150 619 1345 709 αὐτοὺς,ὸ

74 713 509 846 0⁸3⁶›11'1013104911⁴·,
1253 745 1257 763 ¹
1382 735 1383 740 ’

92 918 129 994 u
160 821 207 896 Οἱ
243 819 336 919 πρὸς
370 818 414 895 τὸ
448 843 646 920 φωτισμα,
689 820 758 905 τὸς
781 822 945 921 κεφαλὰς
979 822 1090 917 ὑμῶν
1125 779 1181 920 τῶ
1216 822 1345 921 Κυρίῳ

70 951 92 996 ιι
129 949 230 996 νατε.

70 1083 159 1178 Εὸχὴ
187 1083 273 1176 ὸιτάρ
300 1093 367 1156 τῶν
392 1087 480 1178 πρὸς
504 1085 544 1156 τὸ
572 1084 667 1178 ἅγιον
688 1085 846 1180 φῶτισμα
867 1085 1158 1179 εὐτρεπιζομέυων,
1186 1089 1344 1182 λεγομένη

430 1187 524 1278 παρὰ
545 1191 606 1258 τοῦ
628 1187 743 1279 λερίιος
762 1196 938 1277 μυστικῶς.

151 1290 372 1392 Ἐπίφανον,
409 1290 589 1382 δέσποτα,
624 1291 668 1368 τὸ
703 1289 898 1390 πρόςωπόν
935 1320 1005 1370 σου
1040 1295 1098 1370 ἐπὶ
1132 1295 1220 1380 τοὸς
1254 1293 1346 1391 πρὸς

71 1391 114 1470 τὸ
150 1393 260 1520 ἅγιον
293 1390 470 1492 φαίτισμα
502 1394 838 1491 εάτρεπιζομενσυς,
871 1395 935 1470 καί
970 1399 1245 1480 ἐπιποθοῦντος
1276 1395 1344 1473 τὸν

71 1503 136 1580 τῆς
167 1495 354 1594 αμαρτίσς
377 1494 573 1594 μολυσμὸν
599 1494 915 1582 ἀποτινάξασθαι·
950 1495 1191 1599 καταύγασον
1216 1496 1345 1573 αὐτῶν

72 1597 140 1694 τὴν
166 1594 357 1674 διάνοιαν·
390 1599 607 1696 βεβαίωσον
632 1597 770 1684 αὐτοὺς
795 1601 837 1674 ἐν
861 1607 907 1694 τῇ
933 1598 1069 1674 πίστει·
1105 1596 1277 1698 στήριξον
1303 1602 1345 1694 ἐν

71 1696 208 1774 ἐλπίδι·
244 1699 437 1775 τελείωσον
472 1703 513 1775 έν
549 1697 693 1802 ἀγάπῃ·
730 1702 820 1798 μέλη
855 1702 960 1784 τίμια
985 1709 1054 1776 τοῦ
1079 1707 1248 1800 Χριστοῦ
1274 1727 1344 1778 σου

73 1797 282 1889 ἀνάδειξον,
317 1807 386 1876 τοῦ
419 1796 552 1886 δόντος
577 1803 712 1878 ἑαυτὸν
737 1801 960 1902 ἀντίλυτρον
985 1801 1076 1898 ὑπὲρ
1102 1811 1181 1901 τῶν
1207 1810 1344 1900 ψυχῶν

71 1901 189 1998 ἡμῶν·

228 2093 233 2103 .
527 2029 566 2102 ‘0
589 2030 695 2122 λιριὸς
715 2029 882 2124 ἀεφῶνοις.

141 2139 227 2216 Ὅτι
264 2137 314 2213 σὸ
345 2135 378 2212 ελ
410 2135 430 2212 ὸ
464 2137 656 2236 φονιισμὸς
679 2136 801 2234 ἡμῶν,
838 2138 901 2213 καὶ
927 2137 987 2214 σοὶ
1011 2136 1081 2234 τὴν
1106 2135 1223 2223 δόξαν
1248 2139 1343 2214 ἀνα-

72 2241 276 2337 πέμπομεν,
310 2247 365 2339 τῷ
397 2238 523 2337 πατρί,
559 2238 622 2314 καὶ
653 2246 707 2336 τῷ
731 2239 817 2336 υἱῷ,
852 2239 995 2336 καὶτῷ
1022 2237 1354 2340 ἀγίῳπνεύματι,

72 2351 143 2418 νῦν
167 2341 231 2418 καὶ
256 2340 327 2431 ἀεὶ,
353 2339 416 2416 καλ
441 2345 493 2425 ελς
516 2339 604 2424 τοὸς
629 2344 769 2424 αἰῶνας
792 2343 873 2417 τῶν
899 2338 1061 2416 αἰώνιον.

596 2485 634 2557 ‘0
657 2485 821 2571 διάκονος.

141 2591 251 2671 Ὅσοι
286 2593 378 2688 πρὸς
412 2593 455 2668 τὸ
492 2589 681 2691 φῶτισμα,
716 2595 931 2692 προέλθετε·
970 2595 1005 2669 οἱ
1039 2593 1130 2692 πρὸς
1155 2594 1197 2670 τὸ
1224 2589 1342 2693 φαίτι-

74 2719 161 2788 σμα,
197 2695 413 2794 προέλθετε·
440 2677 549 2772 Ὅσοι
582 2691 850 2793 κατηχούμινοι
883 2697 1098 2794 προέλθετε·
1133 2693 1240 2794 μίγτις
1263 2701 1343 2773 τῶν

74 2797 370 2895 κυνηγουμένων.
402 2793 509 2874 Ὅσοι
535 2797 671 2886 πιστοὶ,
706 2799 760 2871 ἔτι
783 2798 847 2874 καὶ
871 2799 925 2873 ἔτι
951 2801 993 2874 ἐν
1018 2795 1143 2896 εἰρήνῃ
1167 2802 1238 2874 τοῦ
1264 2805 1342 2874 Kv-

75 2897 155 2995 ρίου
181 2898 392 2996 δεηθῶμεν.

145 3011 233 3095 Ἕως
254 3005 321 3103 ᾦὸε
341 3012 385 3082 τὸ
405 3009 474 3082 ἀπὸ
495 3017 556 3102 τῆς
574 3011 732 3104 τετάρτης
751 3018 812 3101 τῆς
831 3011 1084 3105 μεσοιηοτίμοο.

285 3159 372 3254 Eam
395 3161 585 3247 πίπτοντ’,
606 3157 647 3254 ἣν
667 3161 757 3252 λέγει
778 3160 798 3232 ὸ
821 3161 927 3253 λερσὸς
945 3170 1121 3252 μυστικῶς.

149 3267 193 3347 ‘0
221 3269 310 3354 Θεὸς
343 3267 503 3370 ἀμέγας
537 3267 601 3342 καὶ
637 3264 792 3357 αλνετὸς,
829 3265 931 3367 ὁτῴ
956 3266 1127 3364 ζωοποιρῖ
1151 3277 1220 3344 τοῦ
1244 3272 1341 3364 Χρι-

75 3376 161 3448 στοῦ
187 3397 256 3446 σου
283 3367 443 3467 θανάτῳ
469 3374 520 3453 ελς
544 3367 770 3469 ἀφθαρσίαν
794 3367 893 3466 ἡμᾶς
918 3374 958 3444 ἐκ
983 3372 1136 3467 φθορᾶς
1160 3365 1341 3465 μεταστή-

75 3497 154 3558 σας·
192 3473 241 3549 σὸ
276 3469 398 3556 πάσας
431 3471 542 3567 ἡμῶν
572 3470 640 3556 τὰς
672 3467 866 3568 αἰσθήσεις
890 3474 954 3569 τῆς
978 3475 1176 3569 ἐμπαθσῦς
1200 3469 1339 3565 νεκροί-

77 3599 162 3659 σειος
195 3575 470 3669 ίλευθέρωσον,
506 3573 659 3676 ἀγαθὸν
690 3570 844 3658 ταύταις
877 3569 1043 3675 ἡγεμόνα
1078 3571 1146 3648 τὸν
1180 3571 1341 3649 ἔνδοθεν

77 3675 250 3777 λογισμὸν
281 3670 493 3770 ἐπιστήσας·
527 3674 591 3749 καὶ
618 3675 819 3774 ὀφθαλμὸς
843 3673 913 3770 μέν
939 3674 1084 3750 ἀπέστω
1110 3676 1248 3759 παντὸς
1273 3703 1342 3748 πο-

76 3782 187 3872 νηροῦ
220 3779 445 3878 βλέμματος,
479 3775 573 3874 ἀκοὴ
608 3775 650 3852 δέ
677 3773 799 3879 λόγοις
823 3777 953 3878 ἀργοῖς
978 3776 1213 3874 ἀνεπίβατος,
1246 3774 1338 3873 ’ἡδὲ

55 3882 220 3978 ’γλῶσσα
253 3879 495 3974 καθαρευέτιο
527 3875 705 3974 ῥημάτων
730 3879 917 3974 ἀπρεπῶν.
958 3877 1136 3981 Ἅγνισον
1159 3877 1268 3974 ἡμῶν
1292 3877 1339 3954 τὸ

75 3981 181 4076 χείλη,
216 3980 264 4054 τά
301 3974 482 4055 αλνοῦντά
519 4003 572 4069 σε,
608 3975 739 4076 Κύριε·
777 3979 845 4063 τὰς
875 3985 1003 4077 χεῖρας
1036 3979 1145 4075 ἡμῶν
1170 3981 1337 4075 ποίησον,

78 4083 152 4154 τῶν
173 4081 243 4178 μέν
269 4077 427 4181 φαύλων
460 4081 664 4177 ἀπέχεσθαι
695 4077 877 4177 πράξεων,
913 4085 1075 4183 ἐνεργεῖν
1101 4080 1142 4155 δέ
1167 4079 1267 4175 μόνα
1291 4078 1339 4153 τά

79 4181 134 4255 σοὶ
166 4181 357 4282 εάοίρεστα,
393 4180 517 4258 πάντα
552 4181 663 4280 ἡμῶν
695 4182 742 4256 τὸ
774 4183 877 4279 μέλη,
913 4182 976 4258 καὶ
1000 4182 1069 4279 τὴν
1095 4178 1268 4256 διοίνοιαν
1292 4185 1341 4276 τῇ

79 4287 125 4378 σῇ
147 4283 510 4384 νατασφαλιζιίμενσς
531 4285 667 4382 χάριτι.
802 4283 805 4292 ’

592 4447 630 4518 Ὁ
652 4445 709 4518 δ’
808 4501 816 4518 .

149 4553 382 4654 Ἀντιλαβοῦ,
400 4559 538 4644 σῶσον,
564 4476 729 4652 ἐλέησὸάκ
730 4473 807 4630 ἀῖἀ
813 4550 1046 4653 διεφύλαξαν
1062 4551 1172 4650 ἡμᾶς,
1197 4549 1219 4626 ὸ
1238 4549 1338 4640 Θεὸς,

78 4662 122 4746 τῇ
145 4665 189 4753 σῇ
208 4653 345 4758 χάριτι.
397 4656 538 4757 Σοφία.
