3314 5304
653 441 727 516 349

140 621 338 722 Κατηχήση
364 621 501 709 αὐτοὺς
524 632 579 724 τῷ
605 620 704 728 λόγῳ
729 633 795 724 τῆς
819 623 1009 722 ἀληθείας.

134 723 426 824 Ἀποκαλύψη
454 725 616 811 αὐτοῖς
638 727 690 802 τὸ
707 727 985 832 εὐαγγέλιον
999 733 1064 824 τῆς
1079 721 1329 825 δικαιοσύνης.

137 824 304 926 Ἐνιύσῃ
340 826 512 912 αὐτούς
546 836 600 925 τῇ
635 826 746 930 ἆγίηι
792 830 937 906 αὐτοῦ
982 832 1212 926 καθολικῇ
1252 829 1332 904 καὶ

71 932 342 1027 ἀποστολικῇ
368 928 586 1028 ἐκκλησίᾳ
614 933 728 1025 (Clam.
748 933 783 1007 3.
800 935 849 1022 4).

142 1039 294 1122 Σιῦσον,
327 1031 495 1128 ἐλίησον,
531 1031 753 1131 ἅντιλαβοῦ,
784 1032 849 1108 καὶ
880 1029 1115 1132 διαφύλαξον
1147 1030 1330 1117 αῦτοῦςὸ

74 1133 148 1219 θεὸς
170 1143 216 1232 τῇ
243 1141 291 1230 σῇ
313 1130 450 1231 χάριτι.

143 1237 188 1313 Οἱ
211 1232 482 1332 κατηχούμενοι
505 1231 573 1318 τὰς
597 1233 761 1333 κεφαλὰς
785 1233 897 1329 ὑμῶν
917 1241 983 1350 Ιτῷ
1008 1233 1138 1336 Κυρίῳ
1170 1233 1329 1312 κλίνατε.

196 1364 285 1458 Εῦχὴ
307 1365 566 1458 κυνηγουμένων,
588 1366 656 1458 πρὸ
677 1373 738 1437 τοῦ
760 1364 964 1457 ἆπλωθῆναι
986 1367 1025 1436 τὸ
1047 1364 1188 1459 είλητόν.

143 1467 255 1571 Κύριε
282 1470 303 1546 ὃ
326 1470 414 1555 θεὸς
437 1469 559 1568 ἡμῶν,
587 1470 607 1545 ὃ
633 1473 675 1548 ἐν
700 1470 856 1571 ὑψηλοῖς
880 1477 1078 1562 κατοικῶν,
1103 1471 1240 1548 καὶτὰ
1265 1503 1332 1549 τα-

73 1573 164 1650 πεινὰ
188 1576 353 1674 ἐφορῶν,
380 1572 400 1649 ὃ
425 1571 495 1671 τὴν
520 1569 709 1672 σωτηρίαν
733 1580 787 1670 τῷ
804 1572 909 1676 ιγένει
934 1580 1014 1650 τῶν
1039 1569 1259 1673 ἀνθρώπων
1275 1579 1332 1662 ἐξ·

74 1670 273 1759 αποστείλας
304 1673 373 1750 τὸν
404 1681 589 1804 μονογενῆ
624 1699 693 1749 σου
725 1673 811 1750 υἱὸν
843 1674 906 1750 καὶ
942 1675 1054 1766 Θεὸν,
1089 1675 1159 1753 τὸν
1190 1673 1332 1777 Κύριον

73 1777 165 1874 ἡμῶν
189 1777 336 1874 Ἰησοῦν
367 1781 549 1875 Χριστον,
585 1775 847 1874 ἐπίβλεψον
881 1775 956 1851 ἐπὶ
989 1776 1097 1863 τοῦς
1132 1774 1333 1865 δούλους

75 1903 143 1954 σου
173 1877 260 1962 τοῦς
291 1877 604 1976 κατηχουμίνους,
638 1875 728 1960 τοὺς
758 1874 1042 1964 ύποκεκλικότας
1067 1901 1127 1955 σοι
1151 1879 1219 1957 τὸν
1245 1884 1333 1958 ἕαυ-
1450 1965 1452 1977 ,

74 1988 138 2055 τῶν
161 1979 313 2076 αὐχένα,
339 1979 403 2054 καὶ
428 1979 726 2064 καταξίιυσον
752 1977 922 2064 αὐτοὺς
946 1982 997 2056 ἐν
1021 1987 1168 2081 καιρῷ
1194 1981 1333 2057 εὐθέ-

75 2110 140 2178 τῳ,
170 2089 249 2178 τῆς
273 2087 356 2157 τοῦ
382 2089 580 2180 λουτροῦ
606 2079 987 2183 παλιγγενεσίας,
1021 2089 1099 2179 τῆς
1124 2081 1333 2182 ἀφέσεως

75 2190 151 2258 τῶν
185 2181 453 2281 ἁμαρτιῶν,
489 2181 568 2257 καὶ
602 2190 686 2258 τοῦ
722 2181 986 2280 ἐνδύματος
1019 2192 1100 2283 τῆς
1130 2184 1334 2288 ράφθαρ-

76 2282 178 2368 σίας·
214 2285 392 2362 λ’νιιισον
425 2281 597 2368 αὐτούς
627 2291 679 2380 τῇ
721 2282 832 2387 ἁγίᾳ
868 2311 952 2363 σου
985 2288 1219 2384 καθολικῇ
1254 2285 1334 2362 καὶ

75 2384 344 2482 ἀποστολικῇ
377 2383 620 2483 ἐκκλησίᾳ,
655 2384 733 2460 καί
767 2385 1225 2488 συγκαταρίθμησον
1251 2388 1334 2465 αῦ-

75 2485 166 2572 ιοὺς
189 2495 241 2585 τῇ
267 2489 457 2585 ἐκλεκτῇ
483 2512 569 2563 σου
594 2484 769 2584 ποίμνῃ
798 2491 913 2584 (clem.
933 2491 968 2565 3.
985 2493 1021 2564 4.
1054 2491 1170 2588 Chrys.
1197 2516 1229 2591 p.
1249 2494 1322 2590 51).

585 2616 801 2712 Ἐκφύνησις.

133 2722 210 2802 Ἵνα
235 2723 300 2798 καί
327 2721 435 2799 αὐτοὶ
461 2723 533 2798 σῦν
557 2722 651 2822 ἡμῖν
676 2721 862 2816 δοξάζωσι
897 2723 942 2800 τὸ
966 2720 1155 2823 πάντιμον
1178 2725 1243 2801 καὶ
1267 2755 1334 2823 με·

76 2822 283 2926 γαλοπρεπδς
315 2820 437 2923 ὅνομοί
470 2849 553 2915 σου,
587 2833 656 2900 τοῦ
680 2825 832 2923 πατρὸς,
865 2825 1022 2901 καὶτοῦ
1047 2827 1146 2919 υἱοῦ,
1177 2826 1335 2904 καὶτοῦ

78 2921 169 3026 ἁγίου
182 2923 404 3023 πνεύματος,
422 2934 496 3003 νῦν
514 2926 578 3024 καὶ
594 2927 653 3002 ἀεὶ
669 2925 733 3002 καί
749 2932 800 3012 ελς
815 2926 903 3014 τοὺς
918 2932 1059 3013 αλιῦνας
1072 2935 1152 3006 τῶν
1170 2925 1333 3006 αλαίνων.

144 3043 212 3112 Καὶ
234 3041 379 3124 ίξααλσί
398 3039 437 3110 τὸ
460 3039 590 3133 ελλητὸν
611 3039 630 3111 ὁ
653 3039 769 3132 ἱερεύς.

548 3157 848 3240 Καίδδιάκονος.

137 3262 239 3340 Ὅσοι
273 3259 543 3361 κατηχούμενοι
582 3263 779 3362 προέλθετε
786 3318 800 3352 ,
837 3261 873 3336 οἱ
903 3259 1173 3362 κατηχούμενοι
1204 3264 1335 3364 προέλ-

81 3364 167 3454 θετε,
203 3365 305 3441 ὅσοι
340 3363 687 3462 κατηχούμενοι
721 3364 975 3460 προέλθετε
1013 3369 1155 3464 (015)·
1198 3363 1334 3464 μήτις

80 3471 154 3540 τῶν
176 3467 543 3564 κατηχουμὲνων
569 3469 629 3562 (cl.
647 3469 706 3542 11.
732 3467 797 3542 lac.
816 3468 892 3564 16)·
920 3465 1001 3542 ὅσοι
1031 3467 1167 3558 πιστοὶ,
1192 3469 1247 3543 ἔτι
1270 3466 1336 3544 καὶ

80 3563 132 3655 ἔτι,
153 3571 193 3644 ἐν
217 3565 344 3668 εἰρήνη
370 3576 438 3644 τοῦ
463 3567 608 3666 Κυρίου
633 3567 843 3665 δεηθῶμεν.

147 3721 250 3796 XXII.
295 3729 384 3824 Εὐχή
406 3739 536 3802 πιστῶν
557 3732 791 3826 πρώτημετὰ
812 3733 1076 3825 ἆπλιοθῆναιτδ
1097 3731 1237 3828 ελλητύν.

147 3837 452 3938 Εὗχαριστοῦμίν
484 3863 563 3928 σοι,
599 3834 713 3934 Κύριε
747 3837 769 3914 ὁ
804 3839 891 3924 Θεὸς
922 3848 1003 3917 τῶν
1033 3837 1249 3937 δυνάμεων,
1280 3847 1335 3938 τῷ
1382 3865 1386 3874 ’

80 3939 332 4024 τοταξιαίσαντι
363 3937 463 4036 ἡμᾶς
494 3948 729 4038 παραστῆναι
760 3939 839 4016 καί.
856 3949 929 4016 νῦν
961 3949 1015 4040 τῷ
1042 3941 1139 4046 ἁγίῳ
1165 3965 1234 4017 σου
1259 3943 1335 4016 θυ-

150 4194 204 4260 ὒερ.
221 4195 291 4247 11111.
328 4195 358 4247 11.
376 4197 405 4248 G.
421 4196 479 4248 ven.
497 4195 555 4247 681.
584 4189 814 4263 Εὐχαριστοῦμεν
830 4195 887 4244 κτλ.
905 4189 1060 4264 εὐχομένου
1077 4187 1109 4244 δὲ
1126 4191 1220 4260 ἱερέως
1237 4184 1251 4244 ὅ
1270 4181 1335 4244 διοί-

83 4283 147 4331 mog
161 4275 230 4344 λέγει
248 4270 282 4329 τὰ
297 4275 423 4345 ελρηνιιιιλ
440 4277 466 4330 ιλ
482 4275 558 4330 ἔστιν
576 4276 627 4338 ἔξω
645 4275 694 4330 τοῦ
711 4274 794 4346 ιλγλου
809 4269 933 4348 ῥήματος
950 4276 982 4330 ἐν
998 4277 1036 4343 τῷ
1046 4267 1164 4341 συνήθει
1174 4267 1265 4341 τόπῳ·
1276 4268 1335 4327 Ἔτι

84 4353 120 4404 ετλ
138 4355 182 4414 λιι.
209 4354 240 4412 ‘0
259 4353 358 4431 χὀρύς·
382 4359 467 4433 Κύριε
491 4360 606 4428 ἐλέησον
624 4373 647 4416 ελ
664 4366 700 4416 sie
717 4365 840 4430 δελσιερε.
872 4355 959 4429 Ὑπλρ
976 4359 1023 4426 τῆς
1038 4353 1121 4429 ιἰγλας
1136 4359 1223 4428 μονῆς
1238 4354 1337 4425 ταύτης

84 4439 127 4492 κτλ.
141 4435 206 4514 ῦιιλρ
222 4439 373 4516 εὐκρασίας
387 4441 479 4516 δέραν
494 4446 550 4500 κτλ.
567 4441 637 4514 ὑπὲρ
655 4438 807 4513 πλεόντων,
824 4441 1050 4516 ὁδοιπορούντων
1065 4444 1121 4498 ιιτλ.
1138 4437 1209 4514 ύπλρ
1226 4444 1275 4496 τοῦ
1284 4442 1337 4514 ῥυ-

84 4523 167 4586 mm
181 4521 253 4598 ἡμᾶς
269 4530 327 4581 κτλ.
344 4525 501 4598 ἅντιλαβοῦ,
518 4529 611 4582 σύσον
627 4531 684 4582 κτλ.
718 4531 822 4598 Σοφία.
858 4527 950 4582 Ποίλιν
966 4528 1014 4580 καλ
1031 4525 1162 4587 πολλάκις
1178 4528 1233 4582 κτλ.
1250 4523 1336 4598 τύχο-

85 4605 154 4669 μλνου
174 4609 204 4664 δλ
227 4611 322 4681 λερλιις
344 4608 359 4667 ί
377 4608 507 4674 διάκονος
522 4615 596 4684 λέγει
613 4609 645 4665 τὰ
662 4609 786 4686 ελρηνικιλ
805 4611 856 4674 ἔξω
874 4614 923 4668 τοῦ
939 4607 1021 4683 ἁγίου
1038 4606 1169 4681 ῥήματος.
1200 4605 1231 4664 ‘0
1247 4605 1337 4684 ἱερεύς
1422 4601 1429 4618 ’

86 4684 213 4760 ίεφύνος·
229 4694 306 4758 ὅπως
320 4699 378 4752 κτλ.
