3336 5302
77 597 240 728 θεγίηι,
273 629 337 676 και
325 597 549 728 εὐλαβείᾳ,
582 598 661 676 καὶ
694 595 906 696 ἀσκήσει,
939 599 1018 674 καὶ
1051 607 1194 696 σεμνῇ
1221 607 1351 676 πολι-

78 702 178 798 τείᾳ
203 697 473 830 διαγόντων
498 704 573 797 (lac.
586 705 661 798 22).
694 698 915 797 Μνήσθητι,
941 698 1067 800 Κύριε,
1099 710 1177 778 τῶν
1203 702 1351 829 εὐφεβε·

79 801 228 880 στάτων
265 803 330 880 καί
375 801 609 880 πιστοτάτων
642 801 753 898 ἡμῶν
788 801 995 900 βασιλέων,
1033 803 1097 888 οὓς
1131 801 1350 890 έδικαίωσας

78 901 331 1002 βασιλεύειν
316 904 375 980 επὶ
399 913 463 1002 τῆς
487 913 571 1035 γῆς·
599 903 701 1002 ὅπλῳ
727 905 919 1000 ἀληθείας,
944 904 1047 1004 ὅπλῳ
1074 903 1245 990 εὐδοκίας
1268 931 1351 981 στε

78 1004 259 1134 φάνωσον
301 1006 457 1098 αὐτοὺς,
500 1005 716 1082 ε’πισκίασον
756 1005 816 1080 ἐπὶ
852 1005 922 1103 τήν
953 1005 1118 1105 κεφαλήν
1149 1007 1277 1082 αὐτῶν
1308 1014 1350 1137 ἐγ

78 1108 194 1235 ἡμέρᾳ
220 1108 393 1202 πολέμου.
420 1107 618 1204 ἐνίσχυσεν
644 1107 772 1182 αὐτῶν
796 1107 864 1183 τὸν
878 1107 1129 1205 βραχίσνα,”
1104 1128 1262 1204 υψωσον
1280 1107 1350 1184 αύ-

77 1218 154 1286 τῶν
185 1209 281 1337 τὴν
289 1207 429 1299 δεξιάν,
462 1207 651 1303 κράτυνον
676 1209 805 1284 αὐτῶν
828 1208 897 1306 τήν
911 1209 1129 1338 βασιλείαν,
1161 1206 1349 1295 ὑπόταξιν

78 1313 204 1396 αὐτοῖς
229 1308 353 1387 πάντα
368 1311 425 1398 τὰ
450 1309 632 1410 βάρβαρα
652 1312 760 1404 ἔθνη,
785 1311 834 1386 τοὶ
858 1310 946 1396 τοὺς
969 1310 1150 1397 πολέμους
1173 1310 1348 1394 θέλοντα.

77 1411 243 1543 Χάριφαι
270 1413 397 1497 αὐτοῖς
420 1415 588 1511 βαθεῖαν
625 1413 689 1486 καὶ
703 1409 968 1542 ἀναφαίρετον
993 1409 1154 1512 εἰρήνην,
1188 1411 1348 1510 λάλησον

77 1521 126 1599 είς
149 1513 220 1612 τὴν
244 1513 407 1640 καρδίαν
433 1515 560 1590 αὐτῶν
585 1512 772 1687 ἀγαθὰ”
750 1512 843 1613 υπίρ
867 1522 932 1610 τῆς
957 1515 1146 1643 ἐκκλησίας
1171 1539 1253 1642 φου,
1285 1515 1349 1590 καί

77 1617 215 1745 παντὸς
246 1625 316 1692 τοῦ
347 1623 440 1690 λαοῦ
473 1639 560 1690 σου·
595 1617 659 1688 ἵνα
693 1617 734 1690 ἐν
709 1623 804 1712 ντῇ
828 1613 971 1744 γαλήνη
1011 1615 1140 1692 αὐτῶν
1170 1616 1348 1712 ἤρεμον

76 1718 152 1792 καὶ
175 1715 379 1846 ηφύχιον
401 1715 512 1814 βίον
538 1713 847 1844 διάγωμεν,’
832 1743 879 1792 εν
896 1715 1054 1848 πάση
1046 1715 1245 1814 εὐδοκία
1270 1718 1348 1848 κα)

78 1817 332 1916 σεμνότητι
359 1814 821 1946 (οιεω.16).Μνήφθητι,
848 1815 987 1944 Κύριε,
1001 1816 1120 1946 πάσης
1145 1819 1261 1943 ἀρχῆς
1284 1820 1348 1894 και

76 1923 254 2010 ἔξουσίας,
286 1949 351 1996 και
382 1929 460 1996 τῶν
492 1924 533 1997 ἐν
564 1917 732 2016 παλατίῳ
766 1916 987 2045 ἀδελφῶν
965 1928 1087 2016 ημῶν,
1120 1920 1183 1994 καὶ
1208 1920 1347 2006 παντὸς

77 2031 140 2098 τοῦ
167 2020 433 2153 στρατρπέδου.
464 2021 560 2150 Τφὺς
584 2019 756 2150 ἀγαθοὺς
782 2023 824 2095 ἐν
840 2050 884 2118 τῃ
867 2018 1112 2122 ἀγαθάτητί
1130 2046 1199 2095 σου
1218 2019 1346 2119 διατή-

78 2151 207 2221 ρησον·
237 2124 326 2209 τοὺς
343 2123 527 2253 πονηροὺς
548 2121 720 2224 ἀγαθοὺς
737 2121 892 2218 ποίησον
909 2125 951 2198 έν
966 2152 1011 2219 τη
994 2120 1248 2218 ’χρηστότητί
1264 2148 1344 2199 σου.

78 2223 357 2355 Μνήσθητι,
375 2224 537 2322 Κύριε,
562 2254 645 2300 του
626 2227 1186 2319 περιεστωταςλαοῦβεο.
1193 2229 1265 2354 12),
1282 2224 1346 2353 233

77 2337 151 2404 τῶν
176 2327 222 2403 δι’
254 2325 429 2456 εὐλόγους
454 2325 575 2411 αλτίας
600 2325 926 2423 ἀπολειφθέντων,
950 2326 1015 2401 καὶ
1039 2326 1187 2422 ἐλέησον
1208 2325 1345 2410 αὐτοὺς

76 2428 135 2504 καί
159 2428 259 2526 ἡμᾶς
283 2428 380 2507 κατὰ
404 2428 448 2503 τὸ
473 2431 617 2524 πλῆθος
641 2435 709 2555 τρῦ
735 2428 855 2512 ἐλέους
881 2427 1048 2502 σου.Τά
1066 2431 1201 2554 τφμεῖα
1218 2428 1345 2504 αὐτῶν

77 2533 261 2658 ἔμπληφον
286 2529 424 2614 παντὸς
450 2531 626 2655 ἀγαθοῦ,
640 2529 708 2660 τρίς
734 2527 911 2630 συζυγίας
938 2529 1066 2604 αὐτῶν
1081 2531 1123 2604 ἐν
1139 2527 1264 2624 ελρήνῃ
1280 2529 1346 2657 καὶ

77 2631 230 2759 ὀμφνοίρι
263 2628 501 2759 διατήρησον,
534 2629 589 2706 τά
619 2628 762 2758 γήτεια
795 2631 1033 2760 ἀκθρεφον
1060 2633 1174 2726 (Clem.
1194 2633 1243 2724 8),
1275 2630 1345 2727 τὴν

77 2731 228 2863 νεότητα
253 2729 556 2862 παιδαγώγησον,
588 2731 632 2806 τὸ
656 2741 774 2859 γῆρας
797 2729 1078 2862 περικράτησον,
1111 2732 1198 2816 τοὺς
1224 2733 1345 2862 3333-

78 2831 219 2932 ψύχους
235 2831 528 2962 παραμύθησον,
553 2834 641 2916 τοὺς
657 2833 965 2930 ἐσκορπισμένους
981 2831 1241 2960 εἰιισυνάγαγε,
1258 2833 1346 2920 τοὺς

77 2935 374 3033 πεπλανημένους
397 2932 620 3037 ίπανάγαγε,
656 2935 720 3010 καὶ
744 2936 918 3030 σύναψον
942 2943 987 3032 τῇ
1014 2933 1118 3060 ἁγία
1130 2960 1199 3010 σου
1224 2937 1345 3010 καθο-

77 3047 151 3134 λικῇ
186 3037 251 3113 καὶ
282 3039 504 3132 ἀποστολικῆ
538 3034 719 3162 32233333.
775 3036 889 3120 Τοὺς
915 3035 1280 3133 ὄχλουαένους“
1258 3036 1343 3112 υπὸ

77 3135 353 3266 πνευμάτων
390 3133 678 3235 ἀκαθάρτων
719 3136 1044 3234 ἐλευθέρωσον
1087 3139 1162 3231 (lac.
1185 3141 1244 3212 22.
1267 3139 1342 3233 34),

77 3248 148 3324 τοῖς
172 3241 348 3316 πλέουσιν
374 3236 623 3335 σύμπλευσον,
648 3243 726 3321 τοῖς
750 3235 988 3335 ὁδοιποροῦσι
1009 3237 1250 3325 συνόδευσον,
1274 3267 1343 3334 χη-

78 3351 150 3438 ρῶν
167 3340 385 3474 πρόστηθι,
418 3339 653 3518 ὀρφφινιῖινές
630 3336 896 3436 υπεράσπισον,
932 3335 1189 3434 αλχμαλοίτους
1220 3343 1342 3435 ῥῦσαι,

78 3453 279 3528 νοσοῦντας
311 3449 426 3518 ἴασαι.
601 3439 828 3539 ἐνβήματι,
862 3441 926 3516 καὶ
951 3441 1153 3570 ίξσρίαις,
1152 3439 1216 3514 καὶ
1241 3437 1342 3538 πάσῃ

78 3547 202 3644 θλίψει
235 3544 298 3621 καὶ
332 3540 490 3673 ἀνάγκη,
525 3544 589 3618 καὶ
621 3540 829 3640 περιστάσει
856 3545 990 3630 ὄντων,
1026 3539 1288 3639 μνημόνευσον
1321 3541 1341 3617 3

80 3647 173 3774 θεός,
200 3647 264 3722 καὶ
289 3642 444 3722 πάντων
468 3653 547 3720 τῶν
572 3644 761 3740 δεομένων
786 3653 850 3742 τῆς
874 3641 1034 3774 μεγάλης
1064 3668 1134 3719 σου
1159 3643 1344 3774 εὐσπλαγ-

75 3749 189 3840 χνίας,
222 3747 286 3824 καί
318 3755 398 3822 τῶν
424 3744 704 3874 ἀγαπώντων
682 3755 793 3844 ημᾶς,
828 3746 892 3821 καὶ
915 3755 995 3822 τῶν
1018 3743 1247 3874 μισούντων,
1279 3746 1343 3820 καὶ

77 3857 148 3926 τῶν
179 3848 493 3946 ίντειλαμένιον“
472 3855 564 3946 ημῖν
588 3854 665 3933 τοῖς
690 3847 855 3932 ἀναξίοις
880 3846 1104 3976 εὔχεφθαι“
1082 3846 1175 3944 υπίρ
1202 3849 1340 3922 αὐτῶν.

79 3953 144 4025 λαὶ
176 3951 317 4082 333139
351 3959 419 4026 τοῦ
452 3958 544 4025 λαοῦ
571 3975 653 4038 σου,
686 3947 889 4078 μγήφθητι,
915 3947 1072 4047 Κύριε
1053 3979 1074 4024 ο
1102 3947 1235 4032 θεὸς
1213 3973 1339 4045 ημων·

77 4052 133 4125 καὶ
158 4054 218 4128 ἐπι
242 4050 387 4136 πάντας
405 4053 535 4180 Ιέιιχεον
560 4051 603 4126 τὸ
629 4049 807 4126 πλούσιόν
833 4077 902 4127 σου
927 4053 1035 4140 ἔλεος,
1062 4059 1152 4125 πᾶσι
1169 4049 1342 4176 παρέχων

77 4153 120 4226 τὰ
150 4155 244 4254 πρὸς
276 4151 465 4253 σωτηρίαν
490 4149 689 4250 αἰτήματα,
721 4181 785 4228 και
773 4146 911 4228 (όν
890 4159 995 4250 ημεῖς
1019 4151 1088 4228 οὐκ
1112 4145 1341 4247 ἐμνημονεύ-

79 4279 192 4352 σαμεν
224 4253 269 4332 δι
308 4253 536 4384 ἄγνοιαν,
512 4285 536 4350 η
568 4251 767 4350 λήθην,
743 4284 766 4350 η
800 4257 943 4351 πλῆθος
975 4251 1192 4350 ὀνομάτων,
1229 4249 1342 4381 αὐτός

79 4357 333 4486 μνημόνευσον
359 4357 379 4484 3
408 4355 560 4445 339st
541 4385 562 4430 ο
588 4354 738 4438 ελδιίις(
721 4352 878 4431 εκάστου
902 4357 971 4452 τήν
996 4353 1153 4452 ήλικίαν,
1184 4352 1247 4428 καὶ
1271 4351 1341 4450 τήν

79 4483 254 4584 προςηγορ
254 4461 331 4548 ίαν,
357 4489 377 4533 ο
363 4456 558 4542 333⁰
536 4481 692 4531 εκαστον
717 4461 757 4531 ἐκ
781 4457 920 4542 κοιλίας
943 4455 1096 4584 μητρὸς
1107 4455 1236 4529 αὐτοῦ.
1276 4454 1340 4529 Σὺ

79 4559 144 4656 γὰρ
170 4561 216 4651 εί,
241 4559 368 4688 Κύριε,
393 4589 416 4656 η
402 4557 597 4657 “βοηθεία
614 4566 693 4634 τῶν
710 4555 999 4658 ἀβσηθήταιν,“
977 4589 1001 4656 η
1019 4557 1117 4640 ἐλπὶς
1134 4563 1213 4630 τῶν
1229 4555 1340 4630 ἀπελ-

81 4664 275 4758 πισμένων,
301 4661 322 4737 3
346 4669 425 4737 τῶν
447 4660 728 4758 χειμαζομένων
754 4661 890 4760 σωτήρ,
922 4689 942 4734 ο
967 4687 1046 4736 των
1071 4656 1260 4736 πλεόντων
1286 4665 1341 4730 λι-
