3368 5308
724 332 799 406 ’475

200 514 337 590 Gustata
364 523 399 590 ot
422 515 544 610 ridete,
571 517 729 614 quoniam
755 519 865 592 suavis
892 531 943 593 est
970 520 1145 615 llomious,
1172 521 1321 598 Alleluia.

199 618 394 692 Benedicite
419 618 600 692 Dominum
628 621 662 692 in
690 621 804 714 coelis,
832 621 980 696 Alleluia.

198 720 393 794 Benedicite
419 745 494 794 amn
522 721 556 794 in
584 723 736 814 excelsis,
763 723 913 819 Alleluia.

198 822 394 896 Benedicito
421 845 498 896 oum
525 848 642 898 omnes
669 825 777 940 angeli
806 825 890 916 eius,
917 826 1067 898 Alleluia.

198 924 393 997 Benedicite
422 948 497 998 eum
525 949 641 998 ornnes
667 927 805 999 virtutes
833 927 918 1018 eius,
945 928 1093 1000 Alleluia.

196 1025 294 1099 later
328 1036 462 1099 contum
495 1028 589 1100 chore
614 1027 782 1101 Sacerdos
814 1052 916 1101 mona
943 1029 1083 1102 oasarmit
1110 1053 1231 1127 corpas
1258 1042 1289 1102 et
1316 997 1400 1103 dicii

115 1127 351 1202 lacrimando:

199 1230 288 1314 Quid
320 1230 544 1303 retribuamus
577 1230 685 1303 laudis
712 1241 746 1302 et
771 1231 954 1326 gratiarum
981 1230 1120 1304 aetionis
1147 1243 1283 1328 propter
1308 1234 1399 1308 hunc

113 1355 242 1430 panem
269 1342 367 1428 atque
395 1332 552 1406 calicemi
604 1331 692 1424 lesu,
719 1342 751 1403 ta
779 1334 886 1406 solum
913 1335 1086 1406 laudamus
1114 1359 1178 1406 una
1207 1359 1282 1406 cum
1303 1336 1398 1410 Patra
1457 1389 1458 1394 ,

116 1445 155 1506 et
182 1433 402 1506 Sanctissimo
430 1434 557 1530 Spiritu
585 1458 675 1506 nuno
702 1444 735 1504 at
762 1436 795 1504 in
824 1437 967 1526 saeculo,
994 1437 1111 1508 Amen
1121 1435 1172 1530 ¹)

199 1523 249 1608 Et
267 1536 400 1632 perp-it:
427 1535 499 1630 Ego
528 1536 689 1609 confiteor
716 1547 749 1606 et
776 1537 888 1628 credo,
916 1538 1005 1634 quotl
1031 1548 1067 1610 tu
1095 1563 1131 1610 es
1153 1535 1318 1630 Christus,
1344 1537 1398 1614 Fi·

114 1637 186 1710 lius
212 1637 288 1728 oet,
317 1638 403 1734 quod
432 1639 520 1712 tollis
546 1651 680 1753 peccata
706 1639 832 1709 mundi.
842 1635 865 1733 Ἰ)
1029 1657 1032 1662 ·
1427 1655 1433 1668 ⁸

203 1738 296 1811 Tunc
329 1739 450 1812 dividit
478 1764 599 1837 ponera
634 1740 670 1812 in
702 1748 847 1836 quotuor
869 1749 987 1836 portae
1015 1749 1047 1811 et
1069 1741 1166 1837 ponit
1193 1764 1250 1812 eos
1275 1741 1312 1812 in
1338 1765 1400 1814 co-

118 1840 198 1928 lice,
226 1841 361 1912 diceas:

199 1943 355 2038 Operatio
383 1941 528 2037 Spiritus
556 1938 712 2036 Sanati.³)

199 2043 368 2117 Sacerdos
394 2059 462 2114 urta
489 2067 532 2114 co
553 2042 736 2140 particulis
762 2052 935 2138 assumpto
962 2041 1043 2116 dicit
1070 2041 1254 2139 secreto:⁴)

199 2145 298 2218 Pater
325 2147 458 2236 Sancte,
487 2145 542 2242 qui
572 2171 633 2217 nos
661 2169 699 2216 ex
728 2145 861 2216 nomine
890 2145 1052 2240 unigeniti
1072 2144 1221 2218 Filii-tui
1251 2146 1399 2220 denomi-

118 2260 217 2320 natos
253 2247 417 2344 baptismo
451 2247 632 2342 spiritualis
661 2246 778 2320 lavacri
803 2246 1019 2339 collustrasti,
1054 2245 1106 2318 iao
1133 2272 1195 2319 nos
1223 2248 1398 2344 participes

118 2350 223 2423 huius
251 2351 355 2421 sancti
384 2349 545 2444 mysterii,
573 2374 638 2446 quo
666 2351 880 2422 remittuntur
907 2362 1051 2445 peccata.
1102 2349 1274 2446 lmprimas
1302 2349 1399 2422 nobis

120 2453 264 2546 gratiam
292 2451 437 2547 Spiritus
463 2451 576 2522 Sancti
613 2451 762 2522 collatam
790 2475 807 2522 a
843 2462 873 2521 te
901 2455 1025 2523 sanetis
1052 2451 1224 2547 apostolia,
1256 2475 1320 2548 qua
1346 2475 1399 2524 ao·

120 2559 215 2650 cepta
243 2564 348 2624 toturn
368 2553 530 2624 mundum
548 2554 775 2648 purificarent.
804 2552 845 2622 Et
865 2573 964 2644 norro,
993 2553 1148 2645 Domine,
1176 2554 1273 2626 Pater
1298 2552 1398 2645 hone,

121 2656 276 2728 discussa
308 2665 521 2752 peccatorum
556 2666 745 2726 nostrornm
773 2655 926 2749 caligine,
964 2680 1054 2727 nunc
1081 2680 1143 2728 nos
1170 2655 1272 2727 lacios
1299 2656 1399 2751 parti·

121 2759 248 2854 cipare,
284 2757 330 2828 uti
365 2756 498 2828 ultimae
533 2781 656 2828 coenae
693 2768 765 2828 tuae
801 2757 981 2854 discipulos
1011 2768 1084 2830 tuos
1112 2757 1293 2830 adhibuisti
1322 2781 1399 2830 oon·

121 2857 256 2953 vivasstt

198 2959 249 3032 Ne
277 2958 436 3058 respicias
462 2955 695 3053 indignitatem
722 2970 868 3029 nostram
893 2968 927 3029 et
945 2957 1107 3054 Spiritum
1126 2959 1286 3031 Sanctum
1304 2969 1399 3031 taum

121 3087 162 3134 ne
191 3061 325 3134 auferas
352 3086 369 3132 a
399 3059 507 3150 nobis,
535 3061 592 3130 sed
622 3085 680 3155 pro
710 3059 893 3130 incredibili
923 3083 1035 3130 amore
1064 3074 1119 3132 tuo
1148 3084 1226 3155 erga
1247 3061 1398 3134 homines

122 3163 284 3255 concede,
317 3175 354 3236 ut
387 3162 450 3233 lroc
485 3163 702 3256 (arrysterium)
738 3163 794 3232 san
829 3160 925 3232 radas
959 3161 1144 3257 purificatio
1179 3186 1218 3232 aa
1244 3163 1397 3234 remissio

121 3277 335 3362 peccatorum
378 3277 589 3354 nostrorum,
631 3267 716 3335 sicut
756 3263 908 3359 parntisat
943 3262 1104 3336 [lominus
1147 3273 1261 3335 noster
1303 3263 1397 3336 lesus

117 3421 432 3436 m

211 3503 236 3557 1)
260 3501 344 3551 steri:
371 3501 467 3550 Welrlre
491 3501 658 3562 lolrpreisonss
683 3501 742 3550 ader
767 3500 857 3550 welche
882 3499 1043 3562 tarataram
1068 3498 1148 3550 tollen
1173 3500 1218 3550 wir
1241 3500 1399 3552 oneratam

121 3587 185 3638 urat
206 3587 255 3636 und
275 3587 357 3636 diesen
377 3586 449 3636 llelclr
469 3587 640 3648 atrsrpreclren.

211 3669 237 3726 2)
255 3665 381 3718 Πιστεύω
399 3658 483 3728 tripes
502 3667 559 3717 acti.
577 3684 600 3732 p.
614 3667 672 3718 367.

209 3755 237 3816 3)
260 3755 345 3805 Stoa-t:
365 3753 416 3803 Und
436 3755 475 3802 dre
494 3755 575 3802 itastis·
596 3754 715 3802 tractarunt
745 3753 806 3801 wirte
832 3767 859 3800 er
877 3753 953 3800 daron
972 3751 995 3801 ia
1015 3753 1060 3802 deu
1080 3751 1152 3802 llrlch
1172 3753 1214 3802 des
1232 3753 1313 3806 litotes
1331 3770 1402 3818 apre-

124 3842 216 3891 chand:
235 3839 386 3900 Volleodnng
404 3839 446 3885 dea
465 3839 567 3896 lraitrgao
588 3839 696 3886 Grinnes:
718 3834 853 3901 πλήρωμα
873 3837 988 3890 πίστεως
1008 3833 1167 3903 πνεύματος
1184 3829 1266 3902 riylou
1283 3853 1307 3902 p.
1318 3835 1376 3889 366.

209 3923 235 3980 tt
254 3923 340 3972 sart:
360 3923 406 3970 lter
425 3924 530 3972 l'rlastrr
548 3923 630 3970 nirnrnt
651 3924 696 3970 den
716 3925 784 3970 einen
804 3923 871 3970 Theil
892 3923 915 3969 in
935 3924 1003 3970 seina
1023 3922 1105 3970 litoda
1123 3922 1281 3990 undaprlcltt
1298 3921 1400 3972 lmStll·

124 4009 163 4060 leo
183 4011 225 4059 mit
245 4008 355 4057 Tlrranan
375 4007 423 4055 aad
443 4007 507 4054 ϋιιιιΙι
526 4021 578 4055 ιιιιιι
599 4007 668 4055 l'ater
686 4007 733 4053 ιιιιι)
752 4007 826 4055 sata.

209 4093 235 4150 5)
254 4093 340 4141 strela:
360 4092 464 4152 lleiliger
482 4091 558 4142 vna.
578 4091 625 4140 lter
644 4090 680 4140 lla
699 4105 743 4138 ans
761 4099 865 4152 μιιιιιιιιι
884 4093 936 4141 host
956 4093 998 4140 mit
1017 4091 1060 4139 der
1078 4089 1225 4152 Beneonung
1243 4089 1329 4140 Deines
1341 4089 1399 4140 utn-

124 4179 247 4243 pboraen
267 4178 314 4226 ond
335 4178 464 4225 colonatum
485 4176 524 4225 ιιιίι
545 4177 587 4222 ater
606 4175 681 4224 Τιιιιῐιι
700 4177 742 4224 alat
761 4176 876 4234 peistiuen
897 4177 982 4232 Badeo.
1011 4176 1079 4224 mach
1098 4174 1164 4236 (une)
1184 4175 1282 4235 wardia,
1300 4189 1328 4222 zu
1347 4187 1398 4224 am·

125 4265 229 4329 plangan
254 4261 335 4310 dieses
360 4262 447 4319 indiae
463 4260 623 4320 ,Getrrimnisa
646 4274 689 4308 arar
708 4260 845 4320 tea-gataura
871 4261 1038 4309 densandae.
1076 4259 1168 4308 oracta
1192 4260 1215 4306 ia
1241 4273 1285 4306 uns
1304 4258 1343 4324 ein
1360 4257 1398 4307 die

126 4349 223 4400 Gnaden
244 4346 332 4394 lleioes
351 4345 454 4405 heiligen
473 4345 566 4394 Geistes
585 4345 708 4404 plaia-trata
727 4347 749 4392 tn
769 4345 815 4390 dan
836 4345 938 4407 [relligio
958 4343 1081 4406 Apameia,
1100 4340 1221 4390 welche
1238 4356 1331 4390 ossea
1350 4341 1398 4392 nod

126 4434 163 4482 die
182 4431 293 4491 Reinigrr
311 4431 354 4479 der
372 4445 460 4490 ganzan
476 4428 536 4476 Welt
556 4430 661 4478 wardan.
692 4429 742 4478 llml
762 4429 856 4484 doraum,
877 4429 945 4488 llarr,
964 4426 1144 4490 grartaervaur,
1162 4426 1240 4484 maela,
1259 4424 1314 4473 dass
1332 4424 1399 4474 diosa

126 4517 286 4568 commoratur
310 4514 417 4563 aliaeeliae
445 4513 558 4574 Wtrtmnss
582 4513 643 4562 habe
669 4516 712 4562 mit
735 4513 789 4562 dam
810 4512 887 4561 llatrla
911 4515 981 4575 jener
1000 4511 1101 4560 Sohuler
1119 4510 1195 4560 darell
1214 4509 1399 4570 llinuegnalrma

127 4601 168 4651 der
185 4601 333 4650 l'iasternise
351 4599 442 4647 meiner
460 4597 566 4647 sotadeo.
614 4603 617 4610 '
1024 4605 1027 4612 ’
