3416 5290
943 387 1017 466 680

875 565 1088 661 Ἐκφάνησις.

420 685 499 757 ’Ότι
518 693 581 756 σοῦ
602 686 692 757 ἐστιν
712 685 733 776 ἦ
755 685 912 774 βασιλεία
932 687 989 757 καί
1010 685 1029 778 ἦ
1053 681 1188 771 έξουσία
1208 685 1265 756 καί
1285 684 1308 778 ἦ
1329 685 1470 775 δόναμις
1488 687 1542 758 καί
1559 689 1604 758 σοί

342 791 471 878 πρέπει
492 795 588 858 πᾶσα
610 787 705 872 δόξα,
727 789 806 880 τιμὴ
828 789 887 858 καὶ
906 786 1134 880 πρσςκῦνηοις,
1156 793 1204 880 τῷ
1226 789 1332 878 πατρί
1351 791 1408 859 καί
1424 794 1472 880 τῷ
1487 787 1545 880 υίῷ
1558 791 1606 858 καί

341 893 389 1061 ἶηῦ
416 889 502 1016 ἀγίηι
529 887 707 978 πνείματι,
735 898 792 958 νῦν
818 889 876 960 καὶ
902 887 966 973 ἀεὶ,
993 891 1050 960 καὶ
1078 887 1128 971 είς
1147 891 1226 972 τοὺς
1246 887 1371 972 αίιῦνας
1391 897 1459 959 τιῦν
1480 889 1604 961 amm

379 1019 455 1083 μην.

555 1215 592 1290 F.
640 1211 882 1324 Ἑρμηνεία
919 1219 983 1298 εἰς
1018 1213 1236 1318 έγκαίνια
1272 1223 1401 1292 ναοῦ.

573 1388 616 1448 (Ex
633 1389 724 1453 Τςηίτο
743 1387 1010 1453 eonsununoponuno
1027 1401 1091 1438 τιιιιο
1112 1386 1174 1438 1851
1192 1388 1257 1453 ιγρίτ
1276 1385 1383 1448 uento.)

424 1529 572 1625 Ὀφείλει
593 1539 771 1623 τοιγαροῦν
791 1529 810 1602 ὅ
831 1533 970 1618 ταχθείς
987 1529 1156 1624 ἀρχιερεὺς
1177 1533 1211 1603 δν
1231 1537 1278 1624 τῷ
1300 1534 1524 1624 έγιαινιασμηῦ
1537 1532 1601 1602 λιιι-

338 1631 439 1716 τάξαι
460 1641 775 1726 προετοιμασθῆναι
796 1635 838 1703 τά
860 1632 909 1716 εἷς
927 1631 1138 1725 ἀπαρτισμὸν
1159 1636 1216 1704 καὶ
1237 1634 1286 1717 είς
1306 1634 1543 1726 συμπλήρωσιν
1554 1641 1601 1724 τῆς

337 1735 576 1826 καθιερώσεως
601 1737 659 1806 καὶ
684 1742 744 1806 τοῦ
766 1735 1003 1825 δγιαινιασμοῦ
1025 1737 1265 1825 διατεταγμένα
1287 1731 1439 1828 διάφορα
1462 1734 1540 1827 ε’ίδη,
1566 1733 1601 1816 ἀς

341 1835 377 1906 έν
398 1843 444 1928 τῷ
468 1835 646 1928 εάχολογίῳ
667 1835 821 1925 δριῦνται.
854 1845 903 1930 Τῇ
926 1839 963 1908 δὲ
984 1837 1143 1930 ἐρχομένῃ
1166 1835 1294 1930 ἑσπέρᾳ
1315 1835 1500 1926 ἀπέρχεται
1519 1833 1600 1926 δάρ-

334 1940 465 2028 χιερεὺς
488 1940 575 2026 μετὰ
602 1946 663 2008 τοῦ
689 1937 810 2030 κλήρου
832 1937 881 2020 είς
902 1939 960 2008 τὸν
981 1940 1056 2009 νέον
1077 1940 1156 2009 ναὸν
1177 1941 1234 2009 καί
1260 1938 1453 2028 καταρτίζει
1472 1940 1514 2008 τὰ
1532 1937 1599 2026 ἅγια

336 2040 486 2132 λείψανα
507 2047 677 2127 (Martyrum
700 2046 858 2126 reliquias)
880 2037 929 2120 εἷς
948 2039 1088 2128 μερίδας
1107 2047 1197 2130 τρεῖς
1219 2039 1279 2110 ἐπὶ
1299 2049 1358 2132 τῆς
1379 2039 1479 2130 ἁγίας
1491 2041 1600 2130 τραπέ-

339 2143 410 2233 ζης·
439 2143 496 2212 καί
522 2142 688 2212 τεθέντων
713 2139 840 2210 τούτων
862 2137 957 2210 ἔνδον
977 2149 1037 2211 τοῦ
1059 2141 1231 2238 διακαρίου
1251 2143 1309 2212 καί
1330 2137 1466 2212 ἀνωθεν
1485 2139 1598 2230 ἀστερό

337 2267 419 2312 σκου
439 2242 497 2312 καί
517 2243 758 2334 καλυφθέντων
777 2243 863 2330 μετά
884 2239 1108 2332 καλάμματος,
1133 2250 1230 2314 ποιεῖ
1250 2241 1268 2313 ὁ
1291 2241 1462 2332 ἀρχιερεὺς
1483 2242 1600 2333 εὐλογη-

337 2341 406 2414 τόν.
453 2343 638 2433 Τριςάγιον.
667 2341 746 2413 Ὅτι
767 2351 838 2413 σοῦ.
874 2345 946 2413 Καὶ
967 2343 1156 2436 ψάλλονται
1177 2347 1220 2414 τδι
1244 2344 1440 2436 Τροπάρια·
1468 2345 1508 2414 Οἱ
1524 2343 1599 2432 μάρ-

337 2445 436 2533 τυρές
456 2469 517 2515 σου
538 2445 654 2537 Κύριε.
680 2442 893 2537 ’ἀθλοφόροι
914 2444 1052 2535 Κυρίου.
1085 2447 1172 2527 Τοῦς
1190 2445 1361 2537 μάρτυρας
1381 2453 1538 2536 Χριστοῦ.
1559 2445 1598 2514 Τὸ

337 2554 398 2636 τῆς
418 2544 546 2636 ἡμέρας
569 2545 773 2637 Τροπάριον.
797 2541 883 2617 Εἶτα
902 2544 959 2628 Ὡς
980 2545 1133 2638 ἀπαρχὰς
1152 2554 1213 2638 τῆς
1233 2545 1379 2640 φάσεως.
1403 2548 1509 2632 Δόξα,
1527 2572 1597 2636 μορ-

337 2646 444 2737 τῦρων
464 2654 562 2729 θεῖος
581 2647 689 2737 χορός.
711 2648 783 2717 Καὶ
804 2655 869 2729 νῦν,
891 2647 1033 2718 θεοτόκε
1055 2651 1094 2718 σύ
1115 2643 1146 2718 εί
1164 2647 1184 2739 ἡ
1202 2643 1361 2736 ἀμπελσς.
1377 2699 1413 2719 ..
1435 2651 1533 2720 Μετὰ
1545 2654 1597 2716 τῶν

338 2739 556 2840 ἀθλοφόρων.
599 2749 670 2818 Καὶ
699 2745 873 2830 ἀπόλυσις.
915 2750 988 2818 Καί
1015 2748 1046 2820 εί
1073 2751 1135 2837 μέν
1156 2751 1228 2819 ἐστὶ
1248 2749 1394 2842 πλησίον
1415 2745 1516 2831 ἀλλος
1533 2749 1597 2828 νοὸς

334 2850 610 2939 έγκαινιασμένος
637 2850 783 2942 είςφέρει
810 2857 916 2920 ταῦτα
943 2852 978 2920 έν
1007 2850 1096 2943 αὐτῷ
1118 2855 1185 2941 πρδ
1207 2857 1267 2921 τοῦ
1290 2851 1470 2941 ἓσπερινοῦ
1487 2853 1540 2921 καί
1556 2847 1596 2917 τί-

336 2961 440 3044 θησιν
468 2951 503 3021 δν
529 2958 569 3043 τῇ
597 2950 676 3044 άγίη
702 2952 849 3044 τραπέζῃ
877 2951 934 3022 καί
960 2951 1063 3023 ἅπτει
1089 2957 1188 3045 κηρὸς
1215 2951 1263 3022 δι’
1293 2953 1372 3044 ὅλης
1399 2961 1460 3046 τῆς
1485 2951 1594 3031 νυκτός·

332 3053 506 3146 ψάλλεται
533 3055 571 3123 δὲ
599 3055 748 3138 λοχνικδν
768 3056 826 3124 καὶ
847 3055 1014 3144 παννοχης
1035 3054 1083 3137 είς
1103 3057 1163 3126 τὸν
1183 3057 1262 3124 ναὸν
1283 3057 1341 3125 τὸν
1362 3055 1594 3144 ἀποδεξάμενοι

335 3157 379 3226 τὰ
397 3155 549 3247 λείψανα·
562 3161 630 3223 τιῦν
651 3153 762 3244 ἁγίων,
784 3153 853 3226 ῦπὸ
875 3163 941 3225 τιῦν
962 3156 1068 3227 έκεῖσε
1090 3156 1345 3226 διατελούντων·
1368 3156 1400 3227 εί
1415 3159 1455 3227 δι’
1469 3155 1524 3226 οῦκ
1536 3151 1592 3223 ἔστι

334 3265 491 3338 τοιοῦτος
512 3257 600 3339 ναὸς,
621 3254 708 3339 τότε,
730 3255 750 3347 ἠ
775 3257 893 3327 άπασα
915 3252 1103 3328 ἀκολουθία
1123 3257 1248 3347 γίνεται
1270 3259 1307 3327 έν
1325 3263 1372 3348 τῷ
1396 3260 1461 3350 νέῳ
1482 3262 1552 3346 ναῷ.

813 3392 873 3463 Ἐἰ
896 3394 932 3464 όν
953 3371 1114 3486 Κυριακῇ.

422 3510 482 3594 Εἷς
509 3512 569 3602 τὴν
591 3497 784 3602 ἀγρυπνίαν,
814 3511 849 3581 έν
869 3517 915 3602 τῷ
942 3511 1076 3604 μεγάλῳ
1105 3511 1277 3604 ἑσπερινῷ,
1305 3512 1392 3600 μετὰ
1412 3511 1472 3583 τὸν
1490 3533 1592 3602 προοι-

334 3615 467 3702 μιακὸν,
494 3613 578 3708 ψάλ.
606 3615 645 3682 τὸ
668 3611 711 3684 α’.
742 3611 955 3705 Ἀντίφωνον,
982 3615 1021 3687 τὸ
1042 3614 1223 3704 Μακάριος
1250 3611 1342 3705 ἀνήρ.
1373 3615 1460 3703 μετὰ
1486 3613 1522 3681 δέ
1545 3609 1592 3698 τὴν

335 3713 575 3806 συμπλήρωσιν
594 3713 714 3786 τοῦτου
737 3713 997 3806 ἀναγινώσκεται
1014 3725 1103 3808 χῦμα
1125 3722 1235 3800 (lectio,
1258 3721 1409 3800 recitatio)
1431 3715 1473 3785 τὸ
1491 3709 1592 3782 λοιπόν

334 3825 396 3888 τοῦ
416 3816 639 3903 καθίσματος.
674 3815 735 3898 Εἷς
755 3817 805 3901 τὸ,
826 3817 932 3910 Κύριε
954 3819 1112 3906 ἐκέκραξα
1132 3818 1217 3910 ψάλ.
1240 3815 1467 3906 ἀναστάσιμον
1488 3813 1525 3884 δ’.
1544 3817 1590 3879 τοῦ

336 3918 637 4006 ἐπωνομαζομένοο
666 3915 761 4007 ἀγίου
784 3919 823 4008 γ’.
850 3921 906 3989 καὶ
927 3926 994 3989 τῶν
1015 3917 1186 4010 έγιαινίων
1207 3918 1247 4008 γ’.
1290 3917 1394 4002 Δόξα,
1422 3925 1482 3988 τοῦ
1502 3911 1590 4004 ἀγίον.

335 4022 407 4091 Καὶ
427 4027 494 4104 νῦν,
517 4029 583 4089 τῶν
603 4020 784 4108 ε’γκαινίων.
819 4017 960 4103 Ε’ίςοδος
978 4020 1114 4112 μεγάλη.
1150 4017 1374 4107 Προκείμενον
1393 4028 1454 4110 τῆς
1474 4016 1590 4109 ἡμέρας·

335 4122 407 4192 Καί
433 4121 476 4193 τά
505 4119 746 4212 ἀναγνώσματα
772 4130 838 4192 τῶν
868 4122 1048 4212 έγιαινίων.
1091 4117 1176 4192 Εἶτα
1196 4119 1216 4212 ἡ
1240 4119 1378 4212 έκτενῆς,
1402 4119 1447 4203 τίς
1468 4117 1590 4208 σίνηθες

334 4222 433 4314 καὶὴ
457 4221 675 4312 ἀρτοκλασία·
702 4223 738 4294 δν
757 4215 779 4316 ᾖ
799 4223 882 4318 ψάλ.
906 4226 943 4309 ἐξ
963 4223 1161 4315 ἀμφοτέρων
1181 4231 1246 4292 τιῦν
1264 4230 1371 4310 χορῶν
1391 4223 1440 4306 τὸ,
1466 4213 1589 4291 Θεοτόκε

334 4325 497 4415 παρθένε,
519 4322 688 4416 ὀκτάηχον.
721 4325 782 4406 Eis
802 4327 860 4396 τδν
881 4324 1001 4412 στίχον,
1024 4327 1066 4395 τὰ
1087 4323 1299 4413 ἀναστάσιμα
1319 4323 1466 4417 στιχηρά.
1498 4317 1586 4398 Δόξαι

334 4436 395 4497 τοῦ
418 4425 512 4515 ἁγίου
533 4433 593 4516 τῆς
612 4433 725 4517 μονῆς.
751 4428 824 4496 Καὶ
845 4434 910 4511 νῦν,
932 4435 998 4497 τῶν
1019 4426 1200 4518 έγιατνίων.
1222 4435 1294 4496 Νῦν
1314 4425 1483 4506 ἀπολύεις.
1505 4427 1587 4507 Τριέ-

334 4526 432 4616 άγιον
451 4533 519 4598 κτλ.
537 4523 768 4600 Ἀπολυτικόν.
792 4526 1045 4617 Ἀναστάσιμον,
1066 4537 1127 4606 τοῦ
1148 4527 1255 4620 άγίου,
1275 4535 1341 4598 τιῦν
1361 4524 1525 4618 έγκαιτίίιν
1540 4515 1587 4587 καὶ

332 4627 510 4714 ἀπόλυσις,
531 4628 610 4717 μεθ’
625 4621 666 4721 ἧς
686 4629 812 4720 γίνεται
834 4629 1027 4722 ἀνάγνωσις.
1063 4627 1148 4703 Ελτα
1168 4637 1264 4703 ποιεῖ
1284 4629 1303 4702 ό
1325 4627 1493 4724 προεστὼς
1505 4619 1584 4692 τίλέ-
