3336 5302
325 557 400 633 τοῖς
421 548 530 640 ἁγίοις
555 579 612 622 και
603 551 778 635 δικαίοις
798 559 1025 642 Χριστιανοῖς.
1048 551 1096 622 Εἴ
1105 579 1157 636 τις
1178 555 1216 624 δι’
1238 551 1297 624 οὐκ
1318 551 1454 624 &erest
1431 581 1532 644 αγιος,
1551 583 1588 646 μη

326 649 486 740 ιιροςλτω.
512 651 579 738 Οὐχ
601 652 719 738 ἁπλῶς
739 654 842 747 φησὶν
863 652 1108 744 ἁμαρτημάτων
1128 657 1290 745 καθαρὸς,
1312 653 1430 724 ἀλλ”
1407 683 1513 744 ayrog.
1534 659 1590 725 Τλν
1649 739 1650 744 ¹

327 751 433 841 ra'ytor,
462 750 521 838 orig
547 753 567 845 ἡ
595 753 839 846 ἁμαρτημάτων
860 753 1037 847 απαλλαγῆ
1060 764 1156 826 ποιεῖ
1175 757 1287 844 μόνον,
1315 755 1402 826 ἀλλὰ
1422 758 1480 825 καὶ
1501 754 1520 846 ἡ
1541 765 1589 825 τοῦ

326 853 525 940 Πνεύματος
545 858 726 946 παρουσία,
747 857 805 928 καὶ
826 855 844 928 ὁ
866 865 932 926 τῶν
953 856 1056 947 ἔργων
1076 861 1233 941 πλοῦτος.
1255 858 1387 950 Γράφει
1407 857 1458 939 εἰς
1479 860 1535 949 την
1548 859 1589 942 ιζ’
1649 855 1650 872 ’

323 953 432 1043 Ὁμιλ
454 965 514 1048 τῆς
534 959 621 1047 πρὸς
638 957 765 1046 “Ertc.
747 986 766 1029 ο
788 966 886 1041 θεῖος
899 958 1156 1048 Χροσόστομος·
1179 963 1248 1030 Καὶ
1271 957 1448 1042 ὁΛαὸς’
1427 959 1590 1050 unnegise-

327 1083 395 1127 ται.
414 1053 558 1148 Ἄπαγε.
591 1057 708 1146 Ἡμεῖς
730 1061 787 1130 δὲν
808 1059 989 1148 εἰμάσθενε
1011 1059 1112 1150 ἅγιοι.
1147 1060 1264 1148 Ἡμεῖς
1286 1059 1591 1150 educandorum

327 1160 392 1240 λοὶ,
418 1161 475 1229 καὶ
503 1158 636 1244 ἀνάξιοι
663 1159 819 1252 τοιαύτης
846 1159 1039 1249 ὀνομασίας.
1063 1162 1162 1245 Ἕνας
1190 1159 1276 1234 εἶναι
1304 1161 1472 1252 didyme,
1501 1161 1589 1232 καὶὸ

327 1259 471 1350 Κύριος·
489 1258 615 1354 Ἰησοῦς
636 1260 654 1332 ὁ
679 1261 922 1352 Θεάνθρωαος.

414 1387 530 1450 Chorus
559 1397 660 1449 cantat
686 1381 879 1474 cotemnenda
905 1389 965 1472 τῆς
992 1377 1118 1472 ἡμέρας
1140 1389 1160 1452 i.
1184 1409 1210 1452 c.
1233 1389 1387 1452 modulum
1409 1389 1447 1450 ad
1471 1407 1589 1450 commu·

329 1488 451 1550 nionem
481 1490 643 1568 praetium,
673 1491 828 1572 proprium
858 1509 913 1570 pro
937 1491 1077 1554 varietate
1100 1491 1275 1553 Dominicae
1298 1501 1328 1552 et
1350 1491 1430 1552 testi.
1476 1491 1513 1552 Et
1533 1509 1590 1570 prc-

327 1589 410 1652 ducit
436 1590 547 1652 chorus
574 1601 693 1654 cantum
723 1611 817 1673 usque
846 1592 927 1665 dum,
961 1593 1173 1654 commuuione
1203 1593 1379 1655 clericorum
1410 1591 1590 1662 absolutae

328 1691 403 1752 soris
426 1691 521 1756 sacris
544 1693 687 1754 reseratis
709 1695 854 1774 procedat
877 1693 1036 1771 ciaconus,
1059 1693 1203 1774 populum
1226 1694 1263 1756 ad
1286 1694 1528 1756 communionem
1548 1711 1589 1754 ro·
1649 1693 1650 1696 ’

327 1803 459 1855 catanus.
502 1793 550 1855 att
572 1815 601 1874 p.
617 1797 696 1860 233:
728 1795 906 1870 „Witdrend
931 1797 986 1860 der
1008 1795 1336 1862 Pricstercnmmom'on
1362 1795 1460 1878 findet
1488 1800 1519 1856 r'u
1545 1795 1589 1856 dm
1649 1871 1650 1876 η

323 1887 490 1975 grdsseren
513 1895 644 1958 Kircden
665 1897 725 1976 aas
743 1898 808 1958 dem
823 1897 1035 1976 Sdngercdore
1059 1898 1112 1958 dos
1134 1909 1317 1980 εοριιισιιιιιι
1334 1898 1496 1962 Concert
1516 1904 1588 1966 stott,
1649 1887 1650 1900 ¹

327 1998 356 2060 d.
374 1997 402 2058 λ.
431 2002 495 2062 eine
520 1997 708 2060 Voculmttsr'lt
737 1997 933 2080 (geuddnlr‘cd
962 2003 1009 2062 ein
1030 1997 1159 2078 Paulae),
1189 1999 1236 2062 det·
1262 1999 1387 2062 ιοιλιλιν
1417 1997 1513 2062 ctare
1538 1997 1590 2058 aad

327 2097 493 2162 Solosdtze
520 2100 725 2178 odueeiseln5
754 2101 818 2162 arud
845 2099 911 2162 dier
937 2103 979 2166 iet
1006 2101 1059 2164 der
1083 2100 1251 2164 Cdurodter
1274 2102 1328 2164 der
1349 2119 1483 2163 neueren
1505 2097 1590 2160 Μιαλ

328 2199 383 2261 der
411 2199 681 2278 οονλινιειλιιιιλι,
711 2203 859 2264 ωσλνιιιᾰ
887 2201 932 2264 die
962 2201 1119 2284 eigentlicir
1141 2202 1339 2282 ttrurgnctm
1362 2201 1497 2281 Geednge
1517 2204 1589 2264 αἰιιι

324 2301 556 2382 et'gantdttmir'cd
577 2303 807 2367 otratrettrcteu
831 2303 998 2368 ctaratnr
1021 2304 1147 2366 doden.“
1185 2358 1189 2366 .

337 2555 342 2563 ἢ
413 2426 633 2553 maxumi.
678 2473 832 2537 Fraotio
863 2455 1030 2536 Hostiae.
1073 2467 1587 2554 dquaeierridaeccmmix-

323 2574 392 2637 tio.
436 2575 597 2648 diaeonus,
626 2575 706 2636 inter
734 2585 853 2638 cantum
876 2575 966 2637 Chori
990 2575 1145 2654 ingressus
1166 2569 1205 2638 τὸ
1228 2565 1323 2656 ἅγιον
1342 2573 1446 2656 βῆμα,
1474 2569 1587 2632 orarium
1649 2589 1650 2662 η

327 2673 408 2756 quod
437 2695 473 2737 ex
500 2677 625 2738 humero
653 2676 795 2738 sinistrae
824 2677 944 2740 tunicae
972 2677 1198 2758 superpositum
1221 2686 1250 2737 et
1273 2684 1342 2737 ante
1364 2683 1505 2754 retroque
1525 2689 1586 2751 pen·

326 2775 447 2839 dentem
470 2777 594 2850 ferebat,
618 2795 685 2840 cum
708 2777 765 2840 iarn
789 2779 1063 2841 communicaturus
1086 2788 1142 2848 eet,
1164 2776 1339 2858 praecingat
1355 2776 1386 2837 in
1403 2775 1465 2836 imo
1480 2783 1587 2855 pectore

326 2877 622 2959 extremitatibusque
653 2889 733 2942 retro
763 2881 865 2943 missis
895 2891 925 2942 et
954 2899 1009 2961 per
1036 2881 1160 2942 dorsum
1189 2879 1219 2942 in
1250 2879 1349 2942 crucis
1371 2877 1493 2940 modum
1513 2875 1585 2940 actis,
1649 2907 1650 2912 κ

328 2980 399 3043 dein
428 2997 484 3062 per
507 2981 648 3043 humeros
678 2983 826 3054 reductis,
856 2981 962 3044 iterum
993 2981 1059 3044 illas
1090 2992 1158 3043 ante
1186 2991 1292 3060 pectus
1321 2979 1351 3041 in
1382 2997 1502 3042 crucem
1527 2975 1586 3054 agit.

323 3081 430 3163 ltaque
458 3083 503 3144 sic
533 3081 650 3144 lumbos
678 3085 869 3163 praecinctus
897 3081 1099 3165 praestolatur
1128 3083 1286 3144 adrentum
1313 3081 1430 3144 domini
1460 3080 1521 3150 sui,
1548 3073 1586 3136 rd

324 3203 393 3248 cum
420 3186 550 3247 orarium
580 3184 643 3248 aias
671 3185 822 3262 significet
850 3186 1032 3264 angelorum,
1061 3179 1127 3262 υτὰ
1144 3178 1323 3266 Χερουβὶμ·
1338 3173 1586 3264 immergendum&

323 3278 608 3368 περιστελλόμενα
635 3283 697 3362 τὰς
722 3277 823 3374 ὄψεις
838 3283 907 3351 Ὶκαὶ
935 3279 1036 3362 αὐτὸς
1063 3281 1318 3370 περιστέλλεται
1344 3278 1381 3348 ἓν
1401 3285 1451 3368 τῷ
1470 3279 1586 3365 μέλλειν

323 3389 494 3452 κοινωνεῖν
519 3390 619 3454 τοῦτο
647 3383 939 3470 τιεριζωινύμενος.
981 3390 1078 3451 ditius
1100 3388 1199 3456 minus
1221 3397 1320 3450 recte:
1348 3385 1527 3466 ,gleichsam
1544 3398 1586 3442 ιιι

323 3489 390 3552 st'oit
419 3490 517 3554 roret
549 3492 603 3552 dos
636 3489 742 3553 Kreuz
775 3509 834 3553 eor
866 3489 948 3552 ολλιιι
980 3491 1138 3572 Angriffen
1172 3491 1221 3552 det
1244 3489 1342 3552 Bdsen
1373 3507 1418 3550 zo
1449 3485 1585 3550 ειίλιιιι.“

323 3591 656 3660 Moneantur-trouu:
684 3593 866 3674 „gleichsam
893 3611 944 3656 om
972 3591 1047 3654 uites
1076 3590 1236 3654 Seduocde
1263 3590 1327 3652 ond
1353 3587 1586 3666 rascengen

324 3691 587 3757 aerumnarum
614 3713 673 3756 von
695 3693 785 3772 jeder
807 3693 886 3756 Seite
913 3697 967 3758 aad
990 3693 1054 3756 dem
1076 3691 1196 3756 Kranae
1218 3709 1259 3753 au
1282 3689 1480 3754 verdecdtan.“
1520 3686 1585 3748 Pon·

323 3795 395 3858 riter
417 3795 444 3856 ai
467 3793 608 3870 celebrat,
637 3815 716 3858 nunc
737 3795 865 3860 assumit
886 3786 1091 3880 oinomdgrmc
1113 3803 1147 3856 ut
1168 3809 1234 3856 oum
1258 3811 1293 3854 co
1317 3789 1428 3854 divinis
1450 3783 1584 3870 mysteriis

322 3897 496 3977 participet.
1264 3881 1268 3888 ’

397 4016 531 4099 Δλοοειλίῑ
559 4015 720 4078 Celebrans
748 4014 785 4078 ad
814 4015 1007 4094 frangendam
1038 4013 1166 4076 hostiam
1197 4012 1256 4076 iam
1289 4011 1320 4072 in
1343 4010 1447 4076 officio
1469 3995 1584 4088 προθέ-

322 4125 408 4194 σεως
435 4135 519 4181 sacra
547 4117 650 4180 lancea
680 4119 720 4179 ita
751 4117 949 4188 immolatam,
988 4125 1020 4178 ut
1047 4114 1266 4179 ecruciiormi
1295 4112 1446 4175 scissione
1474 4117 1584 4190 quatuor

321 4228 425 4300 partes
448 4219 479 4282 in
502 4237 620 4282 crucem
644 4218 850 4301 disponendae
874 4227 1027 4298 exurgant.
1071 4215 1193 4296 Frangit
1214 4215 1306 4294 igitur
1328 4206 1477 4296 (μελλζει)
1499 4223 1583 4272 sarm·

323 4322 379 4386 dos
402 4321 530 4384 hostiam
554 4321 583 4383 in
607 4331 735 4402 quatuor
755 4319 918 4400 particulas
942 4338 977 4382 ac
999 4317 1134 4400 disponit
1156 4335 1208 4379 eas
1231 4315 1381 4378 indisso.
1410 4313 1581 4394 Antiphone:

321 4415 492 4504 μελίζεται
517 4418 574 4488 καὶ
602 4416 828 4505 διαμερίζειαι
854 4416 923 4485 κτλ.
945 4438 1033 4502 quam
1057 4419 1136 4482 inter
1158 4418 1352 4498 frangendam
1375 4416 1503 4480 hostiam
1523 4425 1582 4492 prt-

323 4525 444 4587 nuntiat
465 4525 625 4590 Sacerdos.
647 4523 772 4586 muham
795 4523 886 4587 habet
906 4521 1061 4587 adfinitatis
1084 4539 1150 4584 oum
1174 4519 1242 4583 divo
1256 4519 1387 4582 Thorna:
1416 4517 1582 4582 Asumenta

324 4643 385 4688 non
408 4627 559 4703 concisus,
581 4626 648 4689 Non
670 4627 841 4689 comractus
864 4643 925 4688 non
948 4624 1072 4698 divisus,
1087 4623 1215 4703 integer
1237 4621 1394 4703 accipitur.
