3360 5304
709 381 779 454 185

179 559 349 634 Sacerdos
385 561 590 648 inclinatae
616 572 650 636 et
676 565 851 640 contuor
876 568 998 657 ultore,
1033 571 1178 666 primum
1202 573 1238 644 in
1262 575 1383 662 medio,

107 675 173 736 tum
208 664 254 736 ud
288 663 355 736 duo
389 663 500 738 lutere
531 665 689 738 dectrmn
724 677 756 740 et
782 668 969 758 sinistrum,
1003 673 1150 770 ducitque
1175 674 1261 746 hunc
1290 673 1384 750 Orc-

50 815 60 822 ·
108 769 234 838 tionem

176 865 218 938 ln
255 866 325 939 olio
362 867 493 941 codice:
528 867 611 940 dicit
636 865 816 943 Psalmum.
869 871 1027 946 Miserere
1053 875 1119 946 mei
1146 874 1249 970 Deus,
1276 902 1381 975 usque

107 969 147 1040 od
170 969 254 1042 lucc
280 969 395 1055 uerbo,
423 980 457 1041 ct
481 968 588 1065 iniqui
614 970 655 1042 ad
682 980 714 1043 te
742 984 986 1048 convertentur.
1037 975 1088 1049 Ad
1115 987 1148 1049 te
1174 977 1276 1050 levavi
1304 1002 1383 1052 ocu·

107 1072 151 1144 los
176 1093 285 1164 meos,
311 1095 417 1168 usque
443 1071 489 1144 cd
506 1071 665 1145 Miserere
683 1075 956 1169 nostrrllcminc‚
983 1077 1144 1152 miserere
1163 1083 1280 1153 nostri.
1318 1081 1382 1154 llx-

108 1173 200 1246 teude
233 1197 373 1246 manum
407 1183 509 1267 tuam,
544 1184 577 1246 et
602 1173 705 1247 salvet
729 1199 783 1248 me
811 1178 945 1251 dextera
973 1187 1026 1250 tua
1053 1180 1213 1254 Domine:
1251 1206 1381 1279 perme-

107 1286 202 1347 neeut
227 1300 337 1372 super,
356 1299 410 1351 me
428 1274 582 1368 Domine,
610 1277 842 1353 miserationes
869 1289 945 1352 tuac
964 1279 998 1352 in
1018 1283 1199 1378 saeculum,
1228 1296 1263 1356 et
1280 1309 1382 1381 opera

107 1401 233 1450 manum
262 1393 396 1450 tuarum
422 1401 465 1450 ne
493 1379 668 1475 despicias.

478 1614 561 1686 Tum
587 1615 668 1688 dicit
694 1617 778 1688 hunc
807 1616 1010 1691 Orationem.

174 1779 258 1854 xlv,
286 1781 419 1854 Christe
446 1807 509 1880 pax
534 1783 757 1880 superiorum,
792 1796 826 1857 et
852 1787 1072 1883 tranquillitos
1098 1811 1217 1883 magna
1244 1788 1380 1860 inferio·

105 1905 184 1976 rum,
220 1883 273 1955 lac
307 1895 345 1957 ut
370 1884 497 1957 habitet
522 1886 742 1983 tranquillitas
769 1897 803 1959 et
826 1909 890 1984 pax
917 1897 972 1961 tua
999 1889 1034 1960 in
1061 1899 1203 1986 quatuor
1229 1890 1378 1986 partibus

184 2186 243 2252 Cap.
263 2188 320 2238 XIV.
357 2188 573 2241 Ranaldutius
592 2189 639 2242 l.c.
657 2189 758 2256 poco:
776 2190 802 2240 lo
821 2191 875 2242 aliis
894 2191 1015 2255 liturgiis,
1034 2191 1141 2256 quemvis
1158 2207 1257 2258 semper
1274 2193 1380 2244 tutoOl·

103 2271 146 2320 licii
164 2271 269 2323 decursu
287 2272 409 2324 lliacenua
428 2275 552 2326 incensum
572 2274 676 2335 adoleat,
694 2283 774 2326 tanuen
792 2277 913 2328 Sacerdos
929 2285 987 2342 post
1004 2263 1180 2328 Praelationem
1200 2293 1256 2328 raro
1275 2279 1297 2329 id
1315 2278 1381 2342 lacit,

103 2363 124 2405 et
140 2356 191 2405 lere
210 2371 342 2422 nunquam.
379 2358 461 2422 ltaque
480 2368 504 2409 et
521 2358 581 2409 haec
599 2374 696 2424 quoque
713 2359 844 2423 singularis
862 2369 900 2412 est
911 2362 1068 2412 llestcrianae
1078 2363 1204 2412 Ecclesiae
1221 2363 1381 2424 cousuetudo,

103 2449 126 2488 nt
142 2448 199 2504 poet
217 2441 329 2502 Sanctus,
347 2443 403 2492 thus
421 2443 577 2494 adhibeatur:
595 2445 638 2494 sed
658 2445 704 2496 hoc
722 2445 784 2494 iuter
802 2437 947 2510 coaeques
965 2446 1112 2496 censendum
1131 2453 1176 2496 est.

183 2525 268 2576 Cenon
287 2527 450 2577 Theodori
458 2541 464 2578 :
485 2527 548 2578 Vere
568 2527 669 2578 [lemine
693 2536 790 2578 sanetus
815 2543 843 2580 es
866 2537 890 2579 et
912 2529 1048 2580 laudandus
1066 2531 1090 2580 in
1109 2539 1241 2580 ueternum.
1277 2531 1380 2580 Sanctus

102 2609 297 2661 aventinen
320 2626 391 2662 verus
414 2612 491 2673 selus,
516 2621 614 2664 sauctus
639 2627 735 2678 quoque
762 2621 799 2664 est
816 2613 920 2677 Spiritus
939 2621 1052 2664 sauctus:
1076 2623 1160 2666 natura
1179 2613 1265 2674 divina,
1291 2622 1314 2664 et
1331 2628 1380 2664 uon

101 2694 175 2743 taeta:
199 2697 310 2745 omnium
335 2696 455 2757 eonditor,
480 2698 519 2763 qui
539 2697 689 2758 naturaliter,
707 2705 732 2748 et
749 2699 847 2748 omnino
867 2713 922 2748 vere
939 2709 1037 2749 sauctus
1057 2713 1099 2749 ee:
1122 2707 1147 2750 et
1163 2707 1272 2749 sanctum
1291 2712 1381 2749 nomen

101 2781 160 2838 eius,
183 2787 208 2830 et
230 2789 315 2830 sanda
339 2781 480 2832 inhabitatio
504 2781 571 2832 eius:
595 2783 635 2847 qui
661 2783 733 2832 etiam
751 2797 805 2832 vere
822 2783 956 2834 seuctittcet
974 2796 1059 2834 omues
1077 2784 1223 2848 quicumque
1241 2782 1306 2845 digni
1324 2789 1381 2832 sunt

99 2863 222 2928 mcipero
241 2865 331 2915 donum
351 2867 441 2927 gratiae
458 2869 518 2916 eius.
554 2867 583 2916 Et
600 2868 729 2916 referimus
746 2867 789 2916 tibi
808 2865 913 2926 laudem,
931 2867 1042 2930 gloriam,
1061 2867 1192 2931 gratiarum
1210 2867 1339 2926 actionem,
1357 2873 1381 2916 et

100 2947 275 3010 macedonem,
294 2951 367 3010 Patri,
386 2957 410 3000 et
429 2950 488 3000 Filio
508 2959 531 3000 et
540 2951 640 3014 Spiritui
658 2958 752 3010 sanctu,
770 2964 834 3000 nunc
852 2959 876 3000 et
893 2965 999 3016 semper,
1018 2959 1042 3002 ct
1059 2952 1083 3002 in
1101 2951 1199 3003 saccula
1216 2951 1380 3002 saeculorum·

99 3032 232 3082 ideramus
249 3041 274 3082 te
292 3034 404 3096 Domine,
422 3043 446 3084 et
462 3035 551 3098 gratiae
568 3036 663 3097 egimus
681 3035 732 3096 tibi,
750 3042 775 3085 et
791 3035 954 3096 glorificamus
974 3045 996 3086 te
1013 3045 1114 3102 propter
1131 3037 1211 3086 omnia
1230 3043 1269 3086 tua
1288 3035 1380 3085 bened·

100 3119 133 3167 u'e
158 3133 215 3180 erga
239 3132 301 3169 noe:
327 3119 383 3183 quia
409 3120 497 3170 creasti
514 3133 561 3170 nus
578 3135 605 3170 er
624 3119 708 3181 nihilo,
733 3119 867 3182 dignosque
886 3121 963 3172 iedsti
982 3135 1028 3172 nus
1046 3121 1139 3172 honore
1157 3101 1243 3182 magno
1263 3119 1380 3169 libertatis

99 3211 120 3250 et
137 3200 329 3264 intelligentiae:
347 3203 388 3267 qui
406 3211 525 3268 perpetuo
544 3212 568 3254 et
585 3219 644 3267 erge
661 3217 857 3267 unumquemque
875 3218 957 3254 curam
976 3204 1051 3254 nabes
1068 3204 1246 3254 conservandae
1264 3204 1380 3253 vitacno-

98 3295 170 3336 strae.
207 3287 295 3338 Coram
321 3289 419 3339 nemine
437 3303 524 3351 mageo
543 3299 583 3339 tuo
603 3295 627 3338 et
644 3287 769 3338 tremendu
788 3301 865 3349 genua
884 3288 1011 3348 ileetimue,
1029 3296 1053 3338 et
1070 3288 1216 3352 adoramus;
1239 3287 1379 3336 nobiscum-

98 3385 143 3434 que
161 3370 263 3422 laudent
280 3379 305 3421 et
322 3373 411 3435 pretias
430 3380 503 3436 egunt
521 3382 604 3424 coetum
623 3385 709 3422 omues
726 3371 876 3432 sublimium,
895 3372 959 3436 quod
978 3380 1079 3436 propter
1096 3373 1197 3435 gratiam
1214 3378 1280 3420 tuem
1292 3370 1379 3419 incite-

96 3456 170 3505 tite-
188 3471 246 3518 erga
265 3471 312 3508 nos
330 3457 451 3518 homiues,
469 3466 493 3508 et
511 3465 612 3522 propter
629 3456 863 3518 castrametantem,
882 3455 1091 3518 unigenituslleue
1102 3457 1214 3518 Verbum,
1233 3469 1286 3506 cum
1300 3456 1378 3518 imegu

97 3539 137 3590 llei
156 3548 233 3602 esset,
251 3555 299 3592 nou
318 3543 428 3605 rapinem
446 3543 577 3593 arbitratus
595 3549 706 3592 estesse
723 3556 750 3590 se
768 3539 894 3604 aequalem
912 3540 973 3600 lieo,
996 3541 1040 3592 sed
1058 3556 1085 3591 se
1103 3541 1183 3605 ipsum
1201 3539 1337 3600 exinanivit,
1356 3545 1380 3588 et

95 3625 281 3676 similitudinem
300 3627 363 3677 servi
382 3629 483 3692 aceepit,
507 3627 679 3690 descenditque
697 3625 727 3674 de
745 3625 823 3686 coelo,
847 3625 972 3689 induitque
991 3626 1163 3676 humanitatem
1181 3633 1299 3686 nostram,
1323 3638 1379 3674 cur-

95 3723 139 3772 poa
167 3710 273 3762 morule
297 3719 320 3761 et
345 3712 449 3761 animem
473 3711 625 3772 rationalem,
649 3709 823 3772 intelligentem
842 3717 866 3760 et
883 3710 1043 3762 immortalem
1063 3725 1090 3760 en
1108 3710 1203 3772 Virgine
1220 3717 1311 3769 sancto,
1336 3721 1380 3774 per
1406 3759 1411 3768 ,

21 3797 22 3801 ’
96 3795 207 3844 nrtutem
227 3795 333 3860 Spiritus
350 3797 442 3846 sancti:
467 3804 491 3846 et
513 3810 559 3862 per
583 3795 643 3845 illud
666 3795 768 3858 periecit
791 3803 816 3845 et
833 3794 962 3859 complevit
979 3810 1075 3846 emnem
1094 3795 1300 3861 dispensationem
1318 3794 1381 3844 lianc

96 3893 220 3940 nagnam,
245 3888 269 3930 ct
293 3879 429 3931 mirabilem
448 3894 509 3946 quae
527 3879 617 3930 dudum
636 3887 780 3943 praeparate
798 3887 851 3929 erat
868 3893 912 3944 per
929 3881 1115 3943 praescientiam
1131 3888 1196 3932 tuam
1215 3887 1269 3930 eote
1288 3878 1379 3928 cousti-

22 3991 23 3998 κ
95 3965 215 4014 tutionem
247 3965 339 4016 mundi.
375 3965 433 4015 Eam
461 3979 558 4030 quoque
582 3964 731 4028 complevisti
755 3963 910 4028 postmodum
937 3965 1087 4029 temporibus
1111 3964 1201 4014 ultimis
1225 3963 1379 4026 partilium

93 4055 162 4096 tuum
181 4048 334 4110 unigenitum
353 4048 481 4100 Dominum
500 4057 610 4101 nostrum
628 4049 709 4098 lesum
728 4048 860 4109 Christum,
885 4049 908 4098 iu
927 4063 975 4112 quo
994 4049 1085 4100 habitat
1101 4050 1181 4098 umnis
1198 4045 1323 4110 plenitudo
1342 4045 1380 4094 di·

93 4133 200 4182 cinitatis
219 4133 397 4197 corporaliter:
415 4134 517 4200 ipseque
535 4142 572 4184 est
589 4141 661 4198 eaput
674 4131 797 4184 Ecclesiae
816 4140 840 4183 et
856 4133 1032 4197 primogenitus
1050 4147 1078 4182 en
1096 4132 1212 4182 mortuis:
1231 4137 1255 4178 et
1271 4129 1325 4194 ipso
1342 4137 1381 4180 est

93 4219 215 4280 perfectio
235 4219 354 4278 omnium,
373 4233 385 4266 a
405 4233 453 4283 quo
471 4220 553 4270 omnia
570 4219 737 4285 perficiuntur.
771 4217 827 4282 lpse
844 4233 889 4281 per
906 4219 1023 4284 Spiritum
1041 4225 1174 4275 aeternum,
1192 4214 1314 4278 seipsum
1334 4213 1380 4264 ob·

93 4303 148 4351 tulit
168 4302 352 4354 immaculatum
372 4301 431 4364 lieo,
450 4311 473 4354 et
490 4305 647 4356 sanctificavit
664 4317 709 4354 uos
727 4317 771 4366 per
789 4301 937 4353 oblationem
956 4303 1067 4367 corporis
1083 4301 1121 4350 sui
1139 4298 1216 4349 semel
1234 4299 1331 4360 iactam,
1357 4306 1381 4349 ct

92 4386 230 4447 pacificavit
247 4401 293 4450 per
309 4387 451 4450 sanguinem
470 4391 549 4440 crocis
567 4403 634 4449 suae,
652 4401 714 4451 quae
733 4387 756 4437 io
776 4387 861 4448 coelis,
887 4393 990 4452 atquae
1009 4386 1032 4436 io
1051 4384 1122 4435 terris
1140 4391 1203 4434 eunt
1240 4385 1286 4443 Qui
1303 4383 1380 4437 tradi·

92 4475 130 4518 tus
155 4477 195 4521 est
218 4480 324 4535 prepter
348 4481 446 4535 peccata
466 4481 548 4524 uestra
567 4481 591 4522 et
608 4472 741 4526 resurrexit
758 4479 784 4522 ut
800 4471 943 4522 iustillceret
960 4485 1014 4520 nus.
1049 4469 1094 4528 Qui
1114 4483 1168 4518 cum
1186 4468 1310 4534 Apostolis
1327 4471 1380 4520 suis

92 4565 118 4600 eu
136 4562 212 4606 noete
230 4571 278 4622 qna
297 4555 401 4608 traditus
419 4565 465 4620 est,
484 4558 612 4608 celebravit
629 4557 769 4620 mysterium
788 4556 835 4608 hoe
852 4569 974 4619 magnum,
993 4553 1152 4614 tremendum,
1171 4563 1281 4605 sunctum
1300 4563 1324 4605 et
1341 4555 1379 4606 di·

23 4625 24 4660 ³
93 4639 188 4693 mum:
211 4643 339 4708 accipiens
364 4655 452 4706 panem
476 4642 598 4694 benedixit
621 4649 645 4692 et
669 4641 748 4705 tregit,
772 4641 886 4708 deditque
911 4637 1038 4704 discipulis
1062 4639 1114 4690 suis
1133 4646 1156 4691 et
1173 4639 1238 4690 dixit.
1273 4639 1325 4692 lloc
1342 4645 1380 4690 est
