3314 5304
920 395 993 468 320
1055 467 1059 478 ,

308 615 314 624 ·
402 583 441 646 X.
463 580 815 654 Pentecostarium,
836 572 1224 666 Ποντηκοστάριου,
1247 581 1288 642 cl.
1310 598 1340 659 p.
1356 581 1429 645 228.

403 685 454 747 lll.
477 683 776 756 Paracleticum,
798 673 1131 768 Ποροκληυιιιόν,
1154 673 1381 767 παρακλητική
1405 682 1466 743 he.
1483 699 1577 746 consu

317 786 445 850 latonius
468 798 498 848 et
519 783 745 864 imploratorius
766 784 854 854 liber.
889 783 965 846 Nam
987 783 1087 846 omnia
1111 782 1241 863 quaein
1264 801 1300 844 eo
1323 793 1402 854 sunt,
1436 801 1469 844 ex
1491 783 1577 845 atterit

318 887 468 950 sententia
491 903 527 948 eo
552 885 677 948 maxime
700 894 837 966 spectare
858 886 1004 959 ridentur,
1027 895 1060 947 ut
1080 893 1269 965 paccatorem
1291 883 1492 956 consolentur,
1518 885 1576 946 hob

316 997 418 1050 lentur
448 997 481 1049 et
514 987 655 1067 questu
684 987 812 1068 quadam
839 986 1031 1066 compellant,
1065 995 1097 1047 ut
1124 985 1161 1047 de
1182 985 1354 1047 commissis
1375 986 1577 1064 poeniteutiam

318 1100 397 1168 apat.
437 1089 514 1150 Huic
529 1088 624 1150 ¹mndo
648 1069 820 1168 angolorum
844 1106 942 1167 opem,
966 1088 1056 1150 modo
1079 1087 1248 1166 Martyrum,
1272 1087 1362 1147 modo
1378 1087 1575 1148 Conlossomm

316 1191 504 1270 aliorumque
519 1190 707 1261 Sanctorum,
730 1198 821 1270 prorrt
841 1189 899 1250 diei
922 1189 1009 1250 euius
1033 1187 1164 1249 olhcium
1181 1187 1333 1260 recitatur,
1356 1187 1431 1250 ratio
1443 1188 1575 1269 exposcit.

315 1293 399 1354 llaoc
418 1292 458 1354 ad
479 1309 591 1354 nomen
613 1293 774 1372 pertinent.
820 1290 907 1363 Quod
931 1289 968 1351 ad
992 1289 1060 1349 libri
1084 1299 1299 1367 argumentum,
1329 1290 1449 1368 quando
1471 1290 1500 1350 in
1520 1291 1576 1350 offi-

318 1392 375 1455 ciis
403 1392 514 1456 divinis
542 1391 658 1472 proprii
682 1393 820 1454 canones
841 1401 872 1453 ot
893 1390 1037 1470 Troparia
1061 1389 1279 1462 desiderantur,
1302 1407 1380 1470 quae
1403 1390 1439 1452 ad
1461 1389 1576 1470 comple·

318 1503 451 1556 mantum
474 1493 567 1554 ollioii
590 1491 770 1572 pertineant,
792 1493 829 1554 ad
846 1491 1060 1554 Paracletieum
1084 1491 1270 1570 confugiunt,
1295 1491 1376 1571 quod
1392 1493 1576 1571 recteappel·

317 1594 373 1656 lari
396 1602 498 1675 potest
519 1594 837 1673 Antiphonarium
860 1611 1053 1655 commune
1076 1605 1107 1654 et
1128 1591 1224 1655 leriali
1245 1601 1277 1654 et
1297 1593 1407 1655 tesrtvo
1423 1593 1575 1655 officione-

313 1695 449 1758 cessaria
468 1695 677 1775 suppeditans.
707 1695 855 1757 lliriditur
876 1695 907 1754 in
931 1704 999 1756 octo
1015 1703 1127 1775 partes,
1150 1711 1223 1774 quas
1242 1693 1346 1755 Graeci
1363 1682 1471 1778 ἤχους,
1487 1711 1575 1765 soum,

317 1796 481 1877 appellant.
506 1795 611 1876 ltaque
633 1797 766 1859 officium
788 1795 994 1856 hebdomadae
1017 1795 1114 1856 octies
1136 1813 1191 1873 pro
1214 1812 1357 1858 sonorum
1381 1795 1520 1858 varietate
1535 1813 1573 1858 re·

319 1899 422 1960 uiuunt
445 1899 495 1978 qui
518 1898 631 1978 optime
652 1898 699 1960 vol
721 1896 813 1959 animi
842 1895 1026 1959 alacritatem
1050 1907 1244 1975 sanctamque
1260 1896 1408 1959 laetitiam
1423 1897 1575 1978 exprimunt

314 2000 360 2063 rol
388 1999 487 2062 luctus
515 1999 631 2080 spirant
659 2009 688 2063 et
709 1998 844 2061 indicant
866 1998 1050 2076 gravitatem.
1093 1996 1176 2058 Ordo
1198 1998 1291 2059 ollioii
1314 1996 1476 2077 diligenter
1495 1997 1574 2058 adno-

313 2111 379 2164 tare
394 2101 481 2174 solet,
503 2119 539 2162 ox
554 2119 614 2181 quo
629 2119 706 2164 sono
722 2098 897 2162 Paracletioi
914 2099 1096 2178 antiphonae
1111 2115 1286 2161 communes
1301 2101 1473 2162 recitandae
1488 2097 1573 2170 sint¹l

314 2201 360 2262 hd
381 2219 489 2264 manus
510 2212 590 2262 erat:
613 2195 850 2285 Ποροοιλητικῆ
873 2195 933 2262 οὐν
949 2199 1025 2283 Θεῷ
1047 2191 1131 2283 ἁγίῳ
1146 2196 1350 2281 περιέχουσα
1363 2198 1424 2285 τὴν
1438 2195 1575 2284 πρέπου-

314 2321 377 2365 σαν
400 2293 484 2388 αὐτῇ
500 2294 573 2366 κατ’
596 2290 675 2386 ἦχον
696 2294 902 2364 ἀκολουθίαν
922 2299 991 2364 κτλ.
1035 2301 1167 2364 Venetiis
1194 2304 1283 2366 1664.
1306 2301 1358 2364 lol.
1382 2306 1445 2368 400
1461 2318 1539 2382 pagg.

398 2405 464 2466 xtt.
486 2402 721 2474 Octauenus,
742 2395 973 2486 Ὀκυοῆχυς,
996 2404 1084 2464 Russ.
1107 2403 1329 2480 Osmoplasnilr,
1352 2405 1477 2467 multum
1497 2401 1574 2462 hahet

314 2503 471 2569 affinitatis
494 2521 561 2568 cum
583 2506 794 2586 praecedento.
838 2503 876 2564 Et
897 2503 947 2564 bic
969 2503 1047 2566 liber
1069 2522 1123 2584 per
1144 2512 1213 2565 octo
1236 2523 1339 2576 sonos,
1369 2513 1495 2586 quotuor
1514 2519 1573 2583 pro·

310 2607 379 2688 prio
402 2606 447 2668 sic
470 2605 568 2668 dictos
583 2617 613 2668 et
628 2615 757 2686 quatuor
772 2605 911 2685 obliquos
926 2597 1078 2687 (πλάγιοι
1091 2606 1151 2667 τοῦ
1165 2599 1313 2686 πρώτου,
1337 2601 1492 2689 δευτέρου
1504 2601 1574 2678 set)

313 2706 483 2770 modulatur
505 2708 642 2770 Canones
666 2719 696 2769 et
718 2707 863 2786 Troparia
894 2706 1121 2778 oeconomi,
1154 2707 1208 2768 sed
1241 2725 1277 2769 oa
1310 2717 1436 2780 tantum,
1465 2721 1573 2788 quaer

312 2809 421 2890 primis
443 2809 585 2889 Vespetis
607 2809 783 2870 Dominioae
805 2807 842 2868 ad
865 2807 954 2868 finem
976 2826 1072 2888 usque
1094 2808 1204 2870 Missae
1225 2807 1434 2872 decantantur.
1475 2805 1573 2870 liistin-

309 2911 415 2990 guitur
436 2909 466 2972 in
489 2909 645 2972 hodiernis
669 2909 814 2972 Octoechi
840 2907 1025 2970 editionibus
1046 2908 1230 2998 quadruplex
1251 2910 1282 2970 io
1305 2911 1413 2988 quovis
1434 2929 1506 2971 sono
1527 2907 1573 2967 Ca·

312 3027 425 3073 nonum
449 3027 560 3091 genus:
583 3002 810 3092 ἀνουτάσιμον
832 3010 911 3090 quod
932 3009 965 3071 in
987 3009 1219 3072 resurrectionis
1238 3009 1422 3084 dominicae,
1447 3025 1576 3090 σταυρο-

305 3104 541 3194 οναστάσιμου
570 3113 649 3194 quod
671 3113 703 3174 in
727 3111 826 3174 crucis
850 3121 880 3173 et
902 3110 1144 3184 resurrectionis,
1170 3103 1349 3175 θεοτόκιου
1371 3114 1451 3193 quud
1473 3111 1502 3173 in
1522 3107 1573 3169 lla·

311 3215 375 3278 riae
401 3212 541 3276 laudibus
562 3223 713 3277 versatur:
742 3219 878 3294 quartum
899 3204 1081 3294 aptodtrrda,
1110 3211 1140 3272 in
1163 3211 1312 3276 Trinitate
1334 3212 1510 3276 celebranda
1530 3227 1574 3270 oo·

307 3324 463 3396 cupatum,
484 3317 608 3397 propria
631 3315 702 3378 sedo
725 3323 849 3377 exornat
869 3308 908 3376 τὸ
929 3306 1154 3394 μεσονύκτιον.

306 3459 312 3472 .
396 3417 474 3478 ΧΙΙΙ.
512 3417 779 3494 Menologium,
813 3406 1096 3495 Μευολόγιου,
1135 3414 1386 3494 conspiratorum
1413 3415 1574 3477 Latinorum

311 3517 535 3597 llartyrologio.
579 3517 733 3580 Habentur
756 3518 786 3578 in
809 3515 861 3577 illo
884 3516 1063 3578 Sanctorum
1086 3515 1163 3578 vitae
1186 3516 1321 3595 quolibet
1341 3516 1393 3580 die
1412 3535 1469 3598 per
1489 3523 1574 3577 totum

305 3651 613 3666 -α-ι--ι-ι--ι-ιο

305 3753 320 3762 -
397 3717 422 3782 l)
440 3720 572 3774 lleolios
590 3738 614 3787 p.
625 3721 675 3774 830
694 3729 749 3774 orto
767 3733 843 3772 sonos
861 3721 894 3770 ita
911 3726 1051 3770 enumerat:

541 3806 623 3858 hona.
745 3805 956 3858 Wesrmnl'ono.
999 3803 1232 3858 Brztnrurs'lorur.
1284 3806 1442 3858 creatorae

1069 3871 1165 3954 (irael

430 3973 518 4026 [tonan
776 3976 798 4025 l.
817 3975 942 4025 luthrntie
1101 3963 1127 4022 α’
1323 3975 1407 4027 Graue.

428 4056 612 4125 lippo-burim
773 4059 797 4111 2.
817 4059 898 4122 l’lagal
1033 4047 1155 4122 πλάγιον
1172 4047 1198 4105 α’
1299 4059 1430 4109 ldournlul.

427 4145 545 4210 Phrygian
772 4143 797 4194 3.
815 4145 941 4195 lurteotte
1100 4134 1125 4204 d*
1168 4170 1173 4178 ·
1316 4145 1405 4210 llpstic.
1485 4169 1489 4177 ·

427 4229 642 4296 Hypo-Pbryplan
772 4229 797 4279 t.
817 4228 898 4291 Plapal
1033 4219 1155 4292 πλάγιον
1169 4219 1196 4290 β’
1275 4229 1446 4280 llarmooloos.

428 4315 517 4379 ιιιιιι
773 4313 796 4363 ι.
815 4313 942 4364 lurocurte
1100 4305 1127 4376 γ’
1314 4311 1403 4376 uarat.
1426 4297 1438 4331 ‘

429 4397 612 4464 lippo-Lydian
773 4395 798 4446 6.
817 4396 897 4459 Plagal
1071 4387 1159 4462 βαρύς
1314 4397 1412 4446 volout.

428 4483 605 4548 lllto-bpdiaa
773 4481 797 4532 l.
815 4481 942 4532 lotbentie
1101 4473 1128 4530 δ’
1308 4480 1414 4545 hogelle.

428 4567 706 4634 lippo-llho-lpdian
775 4565 801 4617 8.
818 4565 898 4629 Plagal
1033 4556 1154 4632 πλάγιον
1170 4557 1195 4615 d'
1308 4565 1410 4616 Perfert.

427 4653 526 4704 boolltn
771 4649 798 4704 6.
1103 4681 1163 4702 ....
1291 4649 1430 4712 torcanuo.
