3336 5302
919 423 991 498 370

397 603 630 706 Ὗηνοίθητι
662 607 735 682 ἐπὶ
767 606 876 691 τοὺς
909 606 1144 704 οὐρανοὺς
1176 606 1197 683 ὁ
1234 607 1362 697 Θεὸς,
1396 609 1472 684 καὶ
1503 619 1577 684 πᾶ·

300 736 403 788 Ισαν
428 710 511 806 τὴν
535 717 623 811 γῆν
647 708 670 806 ἡ
697 706 809 794 δόξα
836 733 919 784 σου
946 713 1021 805 (lac.
1048 712 1122 808 43).

399 879 570 982 XXXVII·
614 887 699 962 Εἶτα
727 894 838 981 λαβὼν
866 892 924 962 τὸν
952 891 1047 981 ἅγιον
1069 889 1191 976 δίσκον,
1219 892 1356 986 τίθησιν
1378 893 1439 964 ἐπὶ
1459 893 1514 982 τὴν
1531 919 1576 961 νε-

317 997 427 1090 φαλὴν
455 1001 515 1063 τοῦ
543 993 714 1066 διακόνου·
742 995 808 1063 καί·
828 990 846 1064 ὸ
870 991 1024 1076 διάκονος
1045 995 1157 1082 λαβὼν
1179 992 1280 1064 αὐτὸν
1299 995 1385 1081 μετὰ
1408 992 1574 1082 εὐλαβείας,
1648 1009 1649 1040 ³

315 1103 455 1186 θεωρῶν
477 1094 540 1178 ἔξω
562 1096 649 1185 πρὸς
669 1097 729 1186 τὴν
749 1093 869 1185 θίραν,
901 1093 999 1165 οὐδὲν
1020 1097 1133 1184 λόγων,
1156 1093 1337 1184 ἀπέρχεται
1359 1095 1408 1177 είς
1428 1097 1485 1186 την
1502 1095 1576 1184 πρό-

316 1207 424 1280 θεσιν,
452 1199 509 1267 καί
537 1195 744 1287 ἆποτίθησιν
766 1195 881 1266 αὐτὸν·
910 1194 928 1267 ὸ
951 1197 989 1266 δὲ
1011 1195 1117 1287 ίερεὸς
1137 1196 1376 1288 τεροςτυνησος,
1405 1199 1461 1267 καί
1481 1198 1576 1284 λαβὸν

315 1301 354 1369 τὸ
377 1299 472 1389 ίίγιον
492 1297 665 1388 ποτήριον,
686 1299 744 1368 καὶ
765 1299 987 1392 ἐπιστραφείς
1008 1299 1095 1389 πρὸς
1115 1299 1174 1389 τὴν
1194 1297 1314 1388 θύραν,
1336 1297 1401 1392 ὁρᾷ
1421 1300 1479 1369 τὸν
1497 1299 1574 1376 λαὸν,

316 1402 420 1490 λόγων
440 1407 626 1488 μυστικῶς·

401 1503 610 1606 Εὐλογητὸς
642 1503 663 1578 ὸ
693 1502 780 1588 Θεὸς
804 1503 926 1602 ἡμῶν,
955 1518 1012 1588 καὶ
1034 1515 1202 1610 ἐκφώυως,
1231 1501 1403 1596 πάντοτε,
1431 1513 1501 1582 νῦν
1523 1504 1574 1580 καί
1650 1585 1651 1588 ¹

318 1607 387 1696 ἀεὶ,
414 1605 476 1680 καὶ
503 1612 553 1689 ελς
577 1605 665 1688 τοὸς
691 1609 831 1690 αἰῶνας
856 1614 934 1681 τῶν
961 1603 1123 1681 αλοόνων.
1167 1603 1296 1703 Ἀμήν.

358 1739 431 1808 Καὶ
452 1738 599 1820 ἐξελθὸν
621 1735 639 1806 ὁ
663 1735 824 1820 διάκονος,
847 1739 904 1807 καί
925 1740 1007 1820 στὰς
1029 1739 1064 1808 ἐν
1084 1745 1132 1829 τῷ
1154 1737 1294 1828 συνήθει
1315 1737 1423 1829 τόπῳ,
1445 1739 1540 1827 λέγει·
1651 1823 1652 1832 η

394 1842 543 1941 Ὀρθοὶ,
560 1839 834 1939 μεταλαβόντες
851 1851 928 1916 τῶν
945 1843 1076 1934 θείων,
1106 1843 1238 1944 ἁγίων,
1256 1843 1471 1942 ἇχρόντων,
1489 1845 1576 1918 ἀθα-

317 1943 462 2034 νότων,
496 1943 750 2042 ἐπουρανίων,
783 1944 847 2018 καί
881 1943 1074 2034 ζωοποιοῦν
1079 2002 1093 2035 ,
1127 1954 1297 2044 φρικτῶν
1329 1952 1398 2020 τοῦ
1424 1951 1575 2044 Χριστοῦ

316 2046 546 2144 μυστηρίων,
574 2045 685 2132 ἀξίως
709 2044 1037 2144 εὐχαριστήσωμεν
1063 2055 1117 2146 τῷ
1143 2048 1283 2145 Καρίην.
1652 2055 1653 2058 ’

399 2160 437 2230 Ὁ
467 2161 582 2251 χορός·
618 2144 732 2246 Κύριε
757 2148 915 2243 ἐλέησον.

392 2251 693 2346 Ἄντιλαβοῦ,
729 2257 899 2338 σῶσον,
942 2250 1136 2346 ἐλέησον
1174 2249 1249 2324 καί
1294 2245 1575 2347 διαφόλαξον

315 2351 434 2450 ἡμᾶς
459 2349 478 2425 ὸ
509 2351 618 2438 Θεὸς
643 2359 694 2447 τῇ
723 2359 775 2446 σῇ
798 2349 958 2449 χάριτι
986 2355 1060 2448 (lac.
1089 2357 1161 2449 22).

399 2464 437 2533 Ὁ
468 2464 583 2554 χορός·
620 2451 733 2548 Κύριε
760 2442 917 2548 ἐλέησον..

405 2554 495 2650 Τὴν
519 2553 698 2654 ἡμέραν
724 2562 880 2628 πᾶσαν
906 2553 1111 2644 τελείαν,
1145 2553 1328 2656 ἆγίον,”
1349 2553 1575 2652 εἰρηνικὴν

315 2655 394 2731 καὶ
421 2653 759 2754 ἀναμάρτητον
785 2651 1118 2752 αἰτησάμενοι,
1155 2653 1370 2744 ἑαυτοὺς,
1407 2656 1485 2730 καί
1509 2655 1576 2729 ἀλ-

317 2756 510 2854 λήλους,
552 2756 632 2831 καὶ
672 2765 829 2832 πᾶσαν
863 2755 948 2853 τὴν
983 2756 1103 2855 ζωὴν
1136 2757 1267 2855 ἡμῶν
1302 2763 1492 2857 Χριστῷ
1525 2762 1574 2853 τῷ

321 2865 413 2957 Θεῷ
440 2855 771 2957 παραθυίμεθα
799 2861 874 2955 (Iac.
898 2862 969 2956 12).

399 2971 437 3042 ‘O
467 2971 581 3063 χορός·
620 2959 691 3050 σοί,
718 2957 843 3059 Κύριε.

847 3089 1058 3183 Ἕκφυίνησις.

390 3197 474 3273 Ὅτι
502 3195 549 3270 σὸ
577 3195 609 3270 εί
634 3195 654 3271 ὃ
681 3195 865 3296 ἁγιασμὸς
890 3195 1012 3293 ἡμῶν,
1047 3194 1111 3270 καὶ
1147 3195 1207 3269 σοὶ
1242 3194 1311 3292 τὴν
1345 3192 1463 3280 δόξαν
1496 3195 1577 3270 ἀνα-

316 3292 508 3395 πόωττὸμεν
542 3306 613 3396 τῷ·
632 3297 758 3392 πατρί,
793 3297 858 3374 καὶ
892 3306 945 3396 τῷ
981 3298 1067 3394 υἱῷ,
1104 3297 1167 3370 καὶ
1192 3305 1245 3394 τῷ
1273 3297 1369 3398 ἁγίῳ
1395 3295 1576 3394 πνεύματι,

316 3408 390 3476 νῦν
414 3399 477 3474 καὶ
503 3399 573 3489 ἀεὶ,
600 3399 664 3474 καὶ
690 3405 741 3484 ελς
765 3399 853 3484 τοὺς
879 3405 1019 3482 αἰῶνας
1044 3407 1123 3474 τῶν
1149 3397 1310 3474 αἰώνων.

399 3512 438 3582 ‘0
467 3512 584 3603 τορός·
620 3497 732 3598 ἀμήν·

398 3612 437 3682 ‘0
471 3613 638 3696 διάκονος·
669 3603 733 3677 Ἕν
767 3598 891 3699 εἰρήνη
928 3601 1184 3698 προέλθωμεν.
1224 3611 1263 3682 Ὁ
1282 3611 1397 3703 χορός·
1432 3605 1474 3676 ἐν
1505 3595 1578 3676 ὀνό-

316 3730 407 3802 ματι
432 3701 588 3800 Κυρίου.
631 3714 669 3785 ‘0
692 3713 865 3797 διάκονος·
896 3707 972 3778 Τοῦ
997 3703 1140 3804 Κυρίου
1165 3702 1377 3798 δεηθῶμεν.
1420 3715 1458 3785 ‘0
1477 3712 1578 3804 χορός·

316 3800 430 3904 Κύριε
456 3804 616 3900 ἐλέησον,
642 3803 803 3880 δέσποτα
828 3800 1040 3907 εὐλόγησαν.

400 3932 488 4025 Εόχὴ
518 3932 799 4022 όπισθόμβωνος,
830 3935 1062 4028 ίκφωνουμίνη
1090 3938 1186 4028 παρὰ
1210 3943 1271 4006 τοῦ
1298 3934 1415 4025 ἱερέως
1442 3934 1503 4019 ἔξω
1529 3939 1580 4003 τοῦ

315 4036 476 4130 βήματος.

395 4143 439 4219 Ὁ
473 4140 640 4243 εὐλογῶν
673 4142 761 4226 τοὺς
795 4139 1042 4246 εὐλογοῦντοίς
1067 4166 1106 4218 σε
1113 4199 1126 4232 ,
1163 4143 1298 4242 Κύριε,
1334 4142 1399 4217 καὶ
1425 4139 1579 4246 ἅγιόζων

316 4243 405 4328 τοὺς
437 4243 496 4319 ἐπὶ
522 4243 581 4319 σοὶ
606 4241 845 4333 πεποιθότας,
873 4253 998 4320 σῶσον
1023 4244 1091 4320 τὸν
1116 4241 1210 4319 λαόν
1235 4269 1317 4334 σου,
1350 4243 1415 4319 καί
1440 4241 1579 4344 εὐλόγη-

318 4369 386 4422 σον
417 4345 487 4442 τὴν
519 4343 770 4442 κληρονομίαν
803 4369 888 4421 σου·
926 4347 969 4421 τὸ
1002 4344 1182 4444 πλήρωμα
1218 4350 1280 4444 τῆς
1306 4345 1496 4444 ἐκκλησίας
1519 4367 1577 4418 σου

317 4444 503 4546 φύλαξον·
530 4446 692 4575 ἁγίασον
716 4446 804 4530 τοὸς
829 4448 1055 4549 ἀγαπῶντας
1078 4448 1147 4544 τὴν
1165 4447 1383 4544 εὐπρέπειαν
1400 4451 1470 4524 τοῦ
1487 4449 1578 4522 οίκου

317 4572 404 4646 σου·
439 4549 488 4626 σὺ
520 4549 634 4633 αυτὸς
666 4546 913 4634 ἀντιδόξασαν
938 4555 985 4646 τῇ
1010 4553 1121 4646 θεϊκῇ
1146 4573 1215 4626 σου
1241 4547 1416 4646 δυνάμει,
1452 4543 1576 4640 καὶμὴ

316 4651 560 4754 ἐγκαταλίπης
582 4651 681 4749 ἡμᾶς
704 4651 792 4736 τοὺς
817 4650 1029 4742 ἐλπίζοντας
1055 4652 1113 4727 ἐπὶ
1140 4652 1197 4728 σε’·
1224 4649 1374 4754 ελρήνην
1390 4657 1446 4751 τῷ
1461 4648 1576 4742 κόσμῳ
