3360 5304
695 421 767 493 247

102 633 137 676 ue
157 609 293 676 Sabhato
316 608 436 690 quidem
459 615 490 671 et
502 605 671 670 Dominicis
693 597 838 686 exceptis.
884 609 912 666 2.
935 605 1146 685 Apostolomm
1167 627 1223 690 per
1243 611 1368 676 totidem

100 711 301 776 hebdomadas
323 729 340 772 a
362 709 438 772 teria
460 707 794 789 apprehensionem
818 725 914 786 unque
936 707 973 768 ad
998 712 1012 771 t
1036 709 1168 772 Aestatis
1188 709 1219 774 ln
1242 731 1300 794 qua
1324 715 1367 778 lo·

102 827 176 878 surm
195 813 252 876 xit
284 809 492 893 apostolorum
525 807 689 872 celebrant.
732 808 762 870 3.
794 807 1017 888 Assumptiouis
1048 807 1160 873 Nerine
1188 813 1368 879 eliciendis

103 915 221 994 Augusti
243 912 283 976 ad
309 917 347 978 15
371 911 506 976 eiusdem
526 907 650 972 mensis.
694 910 726 971 4.
746 907 831 972 Elias
852 927 908 970 seo
929 907 1034 971 Crucis
1055 927 1111 990 per
1133 911 1184 974 Vll
1205 913 1369 979 hebdoma-

102 1019 151 1079 das
172 1034 190 1079 a
212 1012 371 1078 {lominica
397 1017 409 1074 1
435 1010 517 1074 Eliae
551 1027 646 1089 usqne
668 1009 706 1071 sd
729 1008 835 1075 leriam
857 1013 877 1076 6
900 1019 1022 1090 quartae
1043 1011 1248 1078 hebdomadae
1270 1017 1369 1080 crums

104 1135 152 1180 aen
171 1114 258 1178 Elias
279 1114 437 1196 septimae.
480 1117 511 1176 6.
532 1109 703 1175 Natiuitatis
718 1110 831 1174 Christi
844 1129 871 1173 s.
885 1111 1134 1175 Annauciationis
1148 1133 1165 1176 a
1178 1115 1334 1180 Dominica
1351 1119 1366 1183 i

105 1215 350 1282 Annuncietionis
370 1231 469 1294 usque
490 1213 526 1276 sd
548 1212 629 1276 diem
651 1215 692 1276 25
707 1212 778 1274 llec.
823 1214 855 1276 6.
875 1211 1068 1276 Niniviticum
1083 1233 1109 1277 a.
1124 1215 1300 1296 Rogationis
1314 1233 1371 1300 per

105 1330 158 1382 tras
190 1318 258 1381 dies
290 1337 307 1378 a
330 1313 404 1378 laria
427 1316 447 1378 2
477 1314 582 1376 tertiae
604 1323 673 1376 ante
696 1312 960 1392 Quadregeaimam
987 1315 1195 1382 hebdomadae
1213 1337 1310 1402 usqne
1332 1322 1369 1386 ad

106 1418 275 1482 liamtinnm
290 1417 419 1480 leriaeb
441 1416 576 1478 eiusdem
598 1413 816 1478 hebdomadae.
847 1418 876 1478 7.
898 1415 1049 1494 virginum
1068 1417 1164 1482 tribus
1177 1429 1248 1500 post
1261 1423 1371 1486 lentum

105 1518 288 1600 Epiphaniae
319 1517 438 1581 diebus.
480 1519 519 1579 At
543 1516 635 1579 hodie
667 1534 704 1578 ex
726 1515 774 1577 hia
796 1515 907 1578 ieiunia
930 1535 991 1580 uon
1013 1519 1113 1581 omnia
1136 1519 1370 1587 observantura

106 1621 193 1695 laicis,
230 1619 418 1682 monasticae
447 1617 626 1700 disciplinae
661 1617 850 1680 transmissa.
892 1617 1051 1698 Reliquum
1088 1628 1135 1682 est
1171 1633 1202 1686 ut
1238 1625 1369 1688 animum

106 1723 234 1785 adierim
258 1721 290 1782 in
313 1719 415 1782 Ferias
438 1730 547 1793 sertas,
572 1717 760 1782 Nestoriauis
781 1737 836 1798 per
857 1725 952 1780 temm
975 1738 1085 1784 aunum
1107 1721 1285 1787 Sanctorum
1307 1745 1370 1788 me-

106 1822 202 1886 moriis
224 1821 372 1900 insigues.
400 1820 444 1884 Ne
466 1820 547 1882 desit
567 1817 744 1900 exemplum,
766 1819 873 1883 Fauii
892 1829 964 1900 post
975 1821 1164 1886 Nativitatem
1179 1825 1299 1888 Domini
1322 1845 1370 1890 ce·

106 1923 216 1986 labeant
229 1921 529 2002 Beatnmilirgiocm,
550 1921 619 1983 Ner.
641 1922 661 1984 6
682 1927 752 2000 post
772 1920 858 1982 bem.
884 1924 898 1984 l
922 1920 1032 2002 Epiph.
1055 1923 1160 1988 recolit
1182 1926 1213 1988 S.
1229 1925 1371 1990 loannem

105 2025 274 2106 baptistam,
303 2024 371 2086 Fer.
391 2025 412 2088 6
437 2022 657 2104 posthumi
685 2019 795 2102 Epiph.
817 2021 873 2083 SS.
896 2022 1015 2084 Petrum
1045 2032 1075 2086 et
1095 2024 1230 2100 Paulum,
1258 2027 1327 2090 Fer.
1349 2031 1370 2093 6

106 2139 168 2206 post
187 2125 276 2188 Dom.
299 2127 321 2188 3.
341 2134 412 2204 post
432 2123 541 2204 Epiph.
565 2121 927 2202 QuatnorEvangelistas,
948 2123 1048 2188 Fend
1071 2135 1141 2205 post
1162 2125 1279 2194 [lomi
1300 2137 1372 2209 post

107 2226 208 2306 Epiph.
231 2225 266 2286 S.
289 2225 485 2306 Stephanum,
512 2225 579 2297 Fer.
602 2227 623 2288 6
644 2231 715 2304 post
735 2225 822 2285 Dom.
843 2228 863 2286 5
885 2231 955 2304 post
975 2225 1084 2305 Epiph.
1109 2227 1239 2290 Graecos
1261 2229 1371 2292 Docto·

106 2327 340 2399 residederent,
363 2325 565 2400 Theodorum,
588 2323 769 2399 Nestorium,
791 2325 897 2389 Fauii
919 2333 989 2405 post
1011 2327 1031 2390 6
1053 2335 1123 2406 post
1137 2328 1246 2410 Epiph.
1262 2329 1372 2393 Docto·

108 2447 151 2491 res
165 2431 259 2509 Syros
282 2426 454 2508 (Ephraem,
476 2427 596 2500 Narses,
619 2425 778 2500 Abraham,
800 2425 943 2500 lulianus,
964 2426 1102 2497 loannes,
1124 2427 1260 2506 blichael,
1282 2431 1371 2507 iiiob,

107 2529 203 2604 isaias,
224 2530 394 2606 Birsama),
418 2528 521 2590 Feci
543 2530 648 2607 posti
670 2527 779 2608 Epiph.
803 2527 990 2590 Catholicum
1014 2528 1229 2592 Chaldaeorum
1252 2550 1277 2592 s.
1299 2533 1372 2595 Nar.

109 2631 174 2707 Aba,
194 2631 263 2693 Fer.
288 2631 308 2694 8
330 2636 401 2711 post
422 2630 442 2694 8
464 2628 573 2709 Epiph.
599 2628 800 2708 Quadraginta
823 2625 975 2708 Martyres,
997 2630 1066 2692 Fer.
1086 2634 1107 2695 9
1128 2643 1200 2712 post
1220 2635 1239 2697 9
1262 2633 1372 2717 Epiph.

106 2731 277 2794 memoriam
298 2730 513 2793 Defunctorum
534 2729 622 2806 ebc.¹)
1260 2803 1261 2806 Ἴ

184 2829 397 2895 Calendnrium
418 2829 648 2910 Aethiopum
674 2829 790 2912 primns
811 2829 964 2910 publicum
987 2831 1060 2893 lecit
1079 2831 1309 2914 Ludoiphus.
1326 2837 1373 2898 in-

105 2934 196 2996 rictns
215 2950 320 2996 rernm
341 2931 586 3012 Aethiopiearum
608 2932 738 3012 scriptor
758 2931 794 2992 ad
818 2931 894 2993 iiist.
916 2931 1055 3012 Aethiop.
1079 2934 1193 2996 Comm.
1214 2955 1245 3016 p.
1262 2937 1372 3002 389-

108 3037 175 3098 427.
217 3034 324 3114 Nuper
344 3031 496 3108 Harris,
519 3032 570 3114 qni
594 3052 629 3094 ex
651 3031 824 3112 Syuaxariis
847 3032 1007 3110 asservatis
1029 3033 1059 3095 in
1082 3034 1156 3096 urbe
1171 3037 1313 3099 Aultober
1336 3040 1374 3102 ad

107 3135 252 3216 Ludoiphi
286 3136 382 3197 laetos
415 3133 527 3198 adiecit
547 3133 690 3196 nonnulla
713 3133 791 3195 haud
815 3133 960 3212 gravioris
990 3134 1172 3226 momenti.¹)
1216 3137 1374 3201 Praeterea

108 3238 244 3300 consulas
268 3235 428 3299 Combes
450 3245 482 3298 et
502 3235 693 3298 Tamisier
713 3235 784 3314 Voy.
808 3253 845 3296 en
860 3234 965 3314 Abyss.
980 3235 1027 3300 iil.
1044 3253 1074 3314 p.
1092 3238 1151 3299 159
1168 3254 1235 3316 sqq.
1258 3245 1289 3300 et
1309 3239 1373 3301 dia·

107 3337 326 3418 riaiiraplii
365 3346 395 3400 et
423 3336 660 3430 isemberqii,
690 3335 740 3416 qni
777 3353 873 3417 nuper
907 3335 1105 3416 Aethiopibus
1142 3337 1376 3401 Protestantium

108 3439 272 3503 doctrinam
299 3438 484 3520 persuadere
505 3437 704 3500 enitebantur.
749 3437 828 3499 Sane
849 3454 919 3498 vero
942 3437 1065 3498 multum
1088 3436 1242 3500 affinitatis
1265 3439 1376 3502 hubent

110 3541 268 3623 Aethiopes
300 3540 525 3603 cumGraecis.
567 3539 719 3619 Religiose
750 3539 852 3601 colunt
880 3537 1040 3600 Sabbatum
1073 3541 1145 3618 (quo
1179 3557 1281 3602 arvum
1315 3560 1375 3605 non

110 3651 199 3716 arant,
231 3642 290 3706 alia
322 3660 395 3704 aero
426 3659 517 3722 opera
547 3641 671 3719 iaciunt)
702 3648 732 3704 et
752 3640 949 3714 Dominicam,
984 3657 1072 3720 quom
1095 3640 1258 3704 Sabbatum
1280 3643 1375 3707 mains

194 3916 218 3973 li
235 3913 425 3964 heremanni
443 3911 504 3964 ilibl.
524 3911 617 3963 Orient.
634 3910 675 3961 tlt.
695 3912 732 3963 Pr.
744 3911 773 3961 11.
793 3927 816 3975 p.
827 3910 877 3961 360
890 3924 943 3974 aq:
959 3910 1103 3974 anarrime
1122 3913 1212 3976 prodiit
1230 3914 1335 3977 optimus
1354 3923 1378 3964 at

114 3997 315 4050 luculentissimus
340 3997 416 4047 libert
440 3997 501 4048 'lire
518 3995 712 4048 Nestorians
737 3995 795 4045 and
813 3996 898 4045 their
915 3995 1046 4044 Rituals
1063 3995 1119 4046 saith
1137 3995 1377 4048 tbaNarratiaeola

114 4083 210 4134 mirsion
235 4093 261 4134 to
280 4083 454 4146 Mesopotamia
472 4082 518 4131 and
537 4080 681 4132 Coordiatau
701 4080 724 4129 in
744 4078 912 4130 teta—test
929 4079 975 4128 and
994 4080 1021 4127 ol
1037 4077 1084 4129 late
1101 4079 1155 4130 risit
1172 4088 1196 4130 to
1214 4081 1283 4131 those
1302 4068 1378 4131 conn-

111 4167 167 4216 trics
184 4169 208 4218 in
228 4167 295 4219 1850
302 4182 311 4230 ;
338 4165 390 4216 aiae
409 4165 558 4217 hesearohes
571 4167 621 4216 into
640 4165 679 4215 the
698 4172 796 4229 present
814 4163 935 4214 condition
954 4164 981 4212 ol
997 4164 1036 4213 the
1055 4165 1138 4227 Syrien
1155 4165 1284 4223 Jaoohitcs,
1302 4165 1377 4229 Popal

113 4249 207 4313 Syriam
225 4253 271 4302 and
291 4250 428 4302 chaldeam
446 4251 493 4300 and
511 4264 541 4300 an
559 4250 655 4314 inquit!
673 4249 723 4299 into
741 4249 781 4298 the
800 4248 900 4310 religion
919 4255 998 4298 tenete
1015 4247 1043 4296 ol
1058 4247 1197 4298 lessedene.
1232 4247 1265 4311 By
1282 4247 1376 4299 theiis·

114 4348 159 4385 rer.
183 4337 305 4399 Georgo
331 4335 427 4400 Perea
449 4334 572 4398 badqer
593 4349 639 4384 one
663 4335 691 4384 ol
713 4333 752 4383 tlte
776 4331 930 4383 Nonourable
948 4332 1004 4381 best
1021 4332 1088 4382 india
1106 4331 1241 4395 Companpa
1260 4331 1376 4396 Chaplain

115 4419 138 4468 io
159 4421 198 4471 the
221 4421 324 4473 bioce'so
349 4420 376 4470 ei
397 4419 510 4483 domhay.
545 4417 644 4468 Londoo
666 4415 738 4468 1852.
772 4416 896 4468 Volumina
921 4417 977 4466 duo.
1012 4415 1040 4466 iit
1064 4415 1189 4480 hocopus
1206 4415 1283 4466 Naalii
1301 4420 1378 4468 nostri

11 4561 12 4566 Ἰ
117 4503 219 4555 doctrinm
237 4503 435 4556 adnotationibus
453 4501 587 4554 illustrarit.

195 4589 220 4651 2)
245 4588 384 4640 iloiendnm
403 4595 440 4639 est
457 4587 590 4638 Narriaiam
609 4586 727 4650 aliosque,
746 4587 786 4652 qni
804 4601 881 4651 nuper
900 4585 1039 4636 Nabassiam
1057 4591 1222 4649 peragrarunt,
1240 4587 1316 4648 masis
1334 4587 1378 4636 leri

120 4679 141 4719 ct
155 4673 261 4740 inperita
282 4673 433 4726 cavillatione
449 4687 490 4725 rea
507 4687 589 4724 sacras
607 4671 779 4736 perstringere,
798 4685 869 4738 qnam
887 4671 956 4724 docte
974 4678 998 4720 at
1014 4669 1096 4722 sobrie
1113 4671 1212 4722 easdem
1223 4670 1379 4737 perscrutari.
