3394 5308
706 435 755 514 67

171 620 263 698 ΧΠῙ·
300 632 373 704 Καὶ
393 627 413 702 6
436 625 605 746 ἀρχίερεδς
625 631 702 726 ἑξῆς
722 633 862 748 λεγέρω·
883 619 1007 724 ’Ἄγιος
1037 619 1111 723 γάρ
1144 617 1177 696 εἶ
1202 617 1253 704 ὥς
1278 577 1368 718 ἀλη-

101 727 188 809 θῶς,
212 721 279 797 καὶ
302 717 498 824 πανάγιος,
521 722 679 821 ύψιστος
702 723 767 800 καὶ
789 720 1097 822 υπερυψούμενος
1122 726 1172 806 ελς
1195 720 1284 806 τοὺς
1308 727 1367 798 αλ-

101 831 202 908 ύνας.
231 822 336 924 ἀγιος
360 820 403 902 δέ
428 822 493 900 καὶ
517 822 538 900 6
562 851 658 922 μονο
684 821 767 922 ονής
792 847 861 902 σου
885 825 967 910 υἱὸς
991 824 1011 900 6
1036 821 1162 922 κύριος
1177 822 1287 922 ἡμῶν
1303 822 1367 904 καὶ

104 923 183 1008 θεὸς
207 921 352 1022 Ἰησοῦς
384 921 404 999 6
436 923 612 1020 Χριστὸς,
646 851 687 1011 ός
718 929 769 1011 ελς
800 923 924 1003 πάντα
955 919 1276 1026 ύπηρετησάμενύς
1308 949 1368 1000 σοι

100 1034 147 1126 τῷ
174 1030 254 1124 θεῷ
269 1023 400 1101 ἀὺτοῦ
423 1023 488 1102 καὶ
513 1025 638 1126 πατρὶ,
664 1032 715 1113 εἴς
738 1058 777 1103 τε
803 1025 1054 1131 δημιουργίαν
1077 1023 1276 1126 διάφορον,
1302 1025 1367 1100 καὶ

101 1122 275 1225 πρόνοιαν
306 1125 549 1226 κατάλληλον,
583 1127 628 1204 ού
660 1128 817 1227 περιεῖδε
844 1128 887 1205 τὸ
912 1132 1018 1232 γένος
1042 1139 1121 1205 τῶν
1146 1125 1367 1223 ἀνθρώπων

102 1223 364 1325 ἀπολλύμενον,
397 1229 490 1312 ἀλλά
521 1230 617 1327 μετὰ
642 1231 804 1328 φυσικὸν
827 1227 961 1328 νόμον,
993 1229 1087 1328 μετὰ
1111 1229 1270 1326 νομαεὴν
1294 1257 1367 1306 πα-

101 1331 275 1426 ραίνεσιν,
309 1329 404 1426 μετὰ
436 1332 687 1431 προφητικούς
718 1333 887 1436 ἐλέγχους
916 1332 980 1410 καὶ
1004 1331 1072 1416 τὰς
1094 1339 1174 1407 τῶν
1199 1330 1367 1433 ἀγγέλων

101 1431 321 1524 ἐπιστασίας,
346 1429 690 1534 παραφθειρύντων
715 1433 787 1514 σὺν
811 1443 865 1533 τῷ
891 1437 994 1532 θετῷ
1020 1433 1084 1508 καὶ
1108 1432 1176 1510 τὸν
1204 1430 1367 1532 φυσικόν

101 1531 211 1630 νόμον
245 1533 321 1610 καά
342 1541 407 1631 τῆς
436 1532 585 1634 μνήμης
616 1533 876 1636 ἐκβαλλόντων
898 1535 968 1614 τὸν
990 1531 1266 1626 κατακλυσμὸν,
1298 1531 1368 1633 τὴν

100 1633 317 1734 ἐκπύρωσιν,
350 1634 419 1720 τὰς
448 1637 531 1712 κατ’
562 1636 781 1741 Αλγυπτίων
813 1636 967 1741 πληγὰς,
999 1636 1067 1721 τὰς
1099 1634 1194 1711 κατὰ
1221 1637 1369 1736 Παλαι-

101 1744 242 1832 στηνῶν
275 1761 356 1836 σφα
382 1735 445 1828 ἀς,
485 1736 550 1813 καὶ
580 1737 793 1835 μελλόντων
826 1739 917 1816 ὅσον
950 1737 1096 1814 οὐδέπω
1129 1733 1368 1812 ἀπόλλυσθαι

100 1837 261 1927 πάντων,
295 1837 337 1913 εύ
364 1835 496 1936 όκησεν
528 1838 641 1926 αὐτὸς
672 1838 805 1943 γναίμη
840 1848 886 1936 σῇ
913 1839 934 1915 6
959 1837 1186 1942 δημιουργὸς
1211 1821 1368 1936 ἀνθρύ-

18 1977 19 1980 “
100 1967 176 2029 που,
210 1939 420 2039 ἄνθρωπος
449 1941 641 2043 γενέσθαι,
675 1941 695 2017 6
728 1943 938 2038 νομοθέτης
967 1940 1042 2016 ἀπὸ
1066 1937 1219 2036 νόμους,
1253 1937 1368 2033 ἀείρω

97 2039 233 2138 χιερεύς
256 2042 405 2136 ἱερεῖον,
424 2041 452 2117 6
477 2043 617 2140 ποιμὴν
640 2040 847 2143 πρόβατον,
871 2041 936 2120 καὶ
958 2036 1217 2138 ἐξευμενίσατό
1241 2060 1282 2114 σε
1298 2038 1368 2114 τόν

99 2145 230 2218 ἑαυτοῦ
258 2141 353 2220 Θεὸν
376 2143 441 2220 καὶ
464 2144 618 2243 πατέρα,
650 2144 714 2222 καὶ
737 2153 792 2245 τῷ
817 2141 947 2243 κόσμῳ
972 2138 1184 2242 κατήλλαξε,
1215 2139 1369 2237 καὶτῆς

98 2243 320 2342 ἐπικειμένης
359 2245 472 2347 ἀργῆς
509 2245 597 2331 τοὺς
630 2243 774 2332 πάντας
806 2244 1061 2346 ἠλευθέρωσε,
1096 2239 1294 2347 γενόμενος
1329 2244 1370 2318 ἐκ

99 2345 303 2443 παρθένου,
335 2343 535 2447 γενόμενος
565 2351 607 2425 ἐν
639 2347 762 2448 σαρκὶ,
797 2347 818 2423 6
854 2345 942 2432 Θεὸς
974 2342 1093 2450 λόγος,
1128 2343 1148 2420 6
1181 2341 1371 2472 ἀγαπητὸς

99 2445 182 2535 υίὸς,
210 2446 233 2522 6
260 2443 494 2546 πρωτότοκος
519 2445 638 2547 πάσης
661 2447 826 2539 κτίσεως,
851 2447 947 2525 κατὰ
971 2447 1040 2534 τὰς
1063 2442 1147 2544 περὶ
1172 2453 1290 2520 αυτοῦ
1306 2443 1365 2519 ὑπ’

100 2549 209 2624 αίποῦ
244 2547 518 2648 προῤῥηθείσας
548 2549 774 2649 προφητείας
805 2554 845 2626 ἐκ
881 2549 1089 2650 σπέρματος
1122 2543 1270 2646 Δαβὶδ,
1305 2543 1370 2620 καί

94 2648 275 2748 Ἀβραὰμ,
302 2650 366 2725 καὶ
390 2659 509 2751 φυλῆς
525 2650 670 2729 Ἰούδα·
696 2651 760 2731 καὶ
783 2651 937 2756 γέγονεν
961 2655 1002 2728 ἐν
1026 2647 1150 2749 μήτρᾳ
1173 2647 1369 2746 παρθένου

100 2751 117 2826 6
146 2751 394 2828 διαπλάσσων
428 2750 572 2838 πάντας
603 2753 690 2839 τοὺς
722 2755 957 2882 γενομένους,
992 2752 1058 2830 καὶ
1089 2746 1313 2848 ἐνσαρκιόθη
1346 2747 1367 2824 6

99 2853 269 2952 ἄσαρκος,
304 2851 325 2929 6
358 2849 527 2953 ἀχρόνως
557 2857 753 2959 γεννηθεις
784 2858 825 2933 ἐν
847 2850 975 2954 χρόνῳ
1000 2851 1233 2957 γεγεννηται·
1266 2859 1370 2926 πολι-

99 2952 322 3052 τευσάμενος
346 2954 457 3042 ὁσίως
481 2956 545 3032 καὶ
569 2953 771 3042 παιδεύσας
795 2957 1001 3054 ἐνθέσμως,
1027 2962 1154 3032 πᾶσαν
1173 2948 1290 3030 νόσον
1305 2949 1370 3028 καὶ

100 3065 220 3132 πᾶσαν
245 3055 437 3154 μαλακίαν
462 3061 501 3144 ἐξ
524 3054 745 3160 ἀνθρώπων
770 3057 968 3148 ἀπέλασας,
1002 3051 1135 3156 σημεῖά
1159 3083 1199 3128 τε
1224 3051 1288 3129 καὶ
1311 3051 1370 3126 τέ-

100 3187 188 3252 ρατα
215 3161 259 3234 ἐν
282 3165 338 3256 τῷ
365 3165 444 3256 λαῷ
469 3156 641 3257 ποιήσας·
673 3169 815 3260 τροφῆς
838 3160 903 3235 καὶ
927 3165 1044 3239 ποτοῦ
1069 3155 1133 3233 καὶ
1156 3154 1279 3234 ὕπνου
1303 3181 1370 3250 με·

99 3257 288 3360 «alasiam
314 3258 335 3335 6
360 3260 510 3360 τρέφων
534 3259 677 3346 πάντας
700 3262 788 3344 τοὺς
808 3259 1015 3360 χρήζοντας
1039 3263 1192 3358 τροφῆς,
1218 3253 1281 3329 καὶ
1303 3255 1369 3349 ἐμ

99 3368 240 3437 πιπλῶν
271 3367 352 3436 πᾶν
385 3361 484 3452 ζῶον
516 3361 703 3448 εύδοκίας·
738 3361 953 3462 ἐφανέρωσέ
982 3383 1052 3436 σου
1077 3357 1121 3433 τὸ
1147 3358 1269 3452 ὄνομα
1292 3359 1371 3438 τοῖς

19 3469 20 3562 ff
100 3463 301 3562 ἀγνοοῦσιν
342 3463 456 3554 αὐτὸ,
496 3465 566 3562 τήν
608 3466 758 3596 ”γνοιαν
788 3459 1042 3566 ἐφυγάδευσε,
1076 3458 1146 3557 τὴν
1179 3455 1371 3554 εὐσέβειαν

99 3563 379 3664 ἀνεζωπύρωσε,
410 3565 454 3642 τὸ
478 3566 627 3664 θέλημα
652 3591 722 3644 σου
747 3562 946 3665 ἐπλήρωσε,
978 3563 1021 3640 τὸ
1046 3563 1158 3665 ἔργον
1182 3559 1203 3634 6
1229 3556 1372 3647 ἔδωκας

100 3665 198 3764 αὐτῷ
225 3665 427 3742 ἐτελείωσε·
453 3667 518 3743 καὶ
541 3677 662 3746 ταῦτα
687 3665 811 3745 πάντα
836 3661 1097 3764 κατορθώσας,
1123 3659 1252 3761 χερσὶν
1279 3656 1370 3739 ἀνό-

100 3795 180 3858 μων
217 3767 483 3864 κατασχεθεὶς,
522 3769 651 3868 ἱερέων
682 3771 746 3848 καὶ
778 3767 979 3869 ἀρχιερέων
1010 3760 1275 3866 ψευδωνύμων
1306 3759 1371 3836 καὶ

100 3875 188 3943 λαοῦ
212 3865 452 3968 παρανόμου,
478 3870 661 3971 προδοσίᾳ
685 3879 755 3948 τοῦ
778 3871 848 3968 τὴν
869 3869 1008 3952 κακίαν
1032 3861 1274 3962 νοσήσαντος,
1306 3859 1372 3938 καὶ

20 4029 21 4036 1
99 3969 211 4045 πολλὰ
243 3969 388 4048 παθὼν
420 3971 483 4048 ὑπ’
513 3973 654 4064 αὐτῶν,
686 3973 751 4049 καὶ
782 3981 910 4048 πᾶσαν
940 3967 1097 4068 ἀτιμίαν
1128 3963 1293 4047 ύποστδς
1323 3967 1371 4084 τή

20 4081 21 4120 ³
99 4069 340 4174 συγχωρήσει,
372 4072 605 4173 παραδοθεὶς
629 4069 787 4174 Πιλάτῳ
818 4082 874 4172 τῷ
905 4066 1061 4176 ήγεμόνι
1091 4065 1155 4144 καὶ
1178 4059 1323 4166 κριθεὶς
1349 4091 1370 4138 ⁰

98 4173 231 4272 κριτής,
256 4173 323 4249 καὶ
345 4177 588 4275 κατακριθεὶς
611 4176 632 4253 6
659 4176 796 4274 σωτήρ,
823 4181 977 4274 σταυρῷ
993 4164 1214 4270 προςηλοίθη
1233 4164 1254 4240 6
1271 4162 1371 4238 άπα-

98 4275 182 4371 θὴς,
205 4272 271 4351 καὶ
297 4275 491 4354 ἀπέθανεν
516 4277 537 4353 6
561 4283 609 4377 τῇ
635 4275 745 4379 φύσει
771 4273 979 4364 ἀθάνατος,
1005 4272 1069 4349 καὶ
1093 4265 1212 4398 ἐτάφη
1239 4261 1371 4357 όζωο·

99 4375 210 4468 ποιὸς,
243 4379 308 4452 ἵνα
335 4374 487 4463 πάθους
510 4376 604 4478 λύσῃ
629 4379 693 4456 καὶ
718 4375 893 4456 θανάτου
919 4375 1080 4472 ἐξέληται
1103 4396 1259 4452 τουτους
1284 4365 1372 4450 τούς

20 4547 21 4550 ,
98 4475 147 4552 δι’
179 4479 243 4564 οὓς
272 4477 508 4581 παρεγένετο,
540 4483 605 4559 καὶ
636 4477 723 4580 ῥήξη
756 4480 804 4556 τὰ
837 4477 957 4575 δεσμὰ
982 4481 1051 4552 τοῦ
1077 4466 1271 4570 διαβόλου,
1293 4463 1372 4595 Ἰκαὶ

100 4575 248 4678 δάσηται
273 4579 364 4665 τούς
388 4578 619 4682 ἀνθρώπους
645 4587 686 4660 ἐκ
709 4594 774 4682 τῆς
798 4577 941 4677 ἀπάτης
966 4577 1095 4652 αὐτοῦ.
1147 4571 1211 4649 καὶ
1236 4571 1370 4664 ἀνεστη

21 4709 22 4712 ’
102 4681 138 4754 ἐκ
162 4687 306 4786 νεκρεὸν
329 4689 378 4783 τῇ
402 4682 508 4786 τρίτη
532 4684 667 4788 ἡμέρη·
693 4684 758 4762 καὶ
780 4676 1058 4786 τεσσαράκοντα
1082 4675 1221 4775 ἡμέρας
1244 4670 1371 4750 ἐνδια-

1132 4795 1170 4847 ὅ.
