3368 5308
899 345 975 418 tto

302 534 454 606 Christus
488 530 746 616 dicendosQui
781 531 957 604 manducat
989 553 1097 604 meam
1131 553 1265 603 earnem
1292 543 1326 604 et
1350 531 1438 606 bibit
1462 559 1576 608 meum

302 631 511 732 sanguinem,
537 633 638 706 habet
661 633 762 708 vitam
788 645 967 706 aeternam.
1002 631 1118 705 Facias
1144 631 1209 704 hoo
1235 633 1332 707 uobis
1359 634 1393 707 in
1421 635 1575 732 purifica·

302 739 439 828 tionem,
475 749 522 828 ut,
557 736 614 832 qui
647 737 850 809 manducant
875 747 909 808 et
933 735 1069 826 bibunt,
1104 731 1303 808 benedicant
1328 747 1363 808 et
1388 737 1577 832 glorificent

302 837 433 910 Patrem
467 849 501 910 et
530 837 651 910 Filium
685 850 720 911 et
750 839 912 936 Spiritum
945 837 1106 911 Sanctum
1138 859 1229 910 nuno
1261 849 1296 910 et
1320 862 1455 938 sempor
1481 853 1514 912 et
1540 840 1573 911 in

300 941 442 1014 saecuta.
493 940 611 1012 Arnen.

378 1031 446 1115 Pai
470 1042 565 1116 vobis
592 1041 758 1114 omnibus.

377 1143 507 1232 Gratias
542 1164 603 1240 ago
639 1143 698 1216 tihi
725 1141 870 1235 Christe,
904 1167 964 1215 rex
996 1167 1103 1234 meus,
1138 1141 1416 1240 quod'dignatus
1444 1166 1494 1236 es,
1522 1167 1573 1218 me

300 1247 363 1319 etsi
381 1246 567 1342 iudignum
593 1246 697 1319 saneti
725 1245 772 1316 tui
800 1245 949 1341 eorporis
976 1258 1010 1318 et
1035 1247 1208 1342 sanguinis
1235 1246 1444 1344 participare.
1479 1245 1574 1320 Nune

299 1371 382 1443 rogo
411 1359 455 1441 te,
476 1347 629 1440 Domine,
656 1358 693 1419 ut
719 1369 786 1418 non
809 1347 854 1420 sit
870 1346 951 1419 mihi
971 1347 1108 1441 iudicio,
1127 1349 1184 1420 sed
1205 1349 1382 1446 expiationi
1402 1359 1436 1420 et
1457 1348 1574 1422 remis·
1670 1393 1671 1408 κ

299 1451 387 1523 sioni
413 1460 627 1547 peecatorum
654 1468 816 1540 meorum,
844 1460 881 1521 ut
906 1449 951 1521 sit
974 1449 1071 1522 saluti
1090 1450 1219 1522 animae
1238 1461 1273 1522 et
1291 1451 1453 1547 eorporis.
1481 1449 1572 1546 Rogo

298 1562 345 1643 te,
381 1563 419 1624 ut
443 1575 496 1624 me
523 1563 636 1648 aptum
662 1551 762 1623 faeiat
787 1552 877 1622 omni
905 1553 996 1647 operi
1024 1550 1112 1624 bono
1139 1551 1355 1650 perficiendo,
1390 1553 1573 1626 sanctificet
1670 1619 1671 1650 p

300 1677 422 1750 corpus
457 1665 489 1724 et
515 1654 661 1725 animam
685 1675 792 1724 meam
818 1653 921 1724 etita
948 1676 1002 1725 me
1027 1654 1128 1726 faciut
1154 1654 1310 1751 templum
1338 1666 1373 1727 et
1397 1653 1572 1726 habitatio·
1670 1653 1671 1720 i

298 1778 377 1827 nem
404 1753 842 1828 Sanctissimae'frinitatis:
870 1765 906 1827 ut
934 1755 1055 1851 dignus
1082 1755 1158 1830 fiam
1185 1779 1261 1828 oum
1288 1757 1421 1829 Sanctis
1447 1757 1516 1829 tuis
1541 1767 1571 1829 te
1670 1847 1671 1852 Ἰ

300 1856 485 1951 glorificare
520 1881 584 1929 una
619 1881 694 1929 cum
720 1855 815 1929 Patre
843 1867 877 1928 et
902 1856 1029 1953 Spiritu
1056 1857 1179 1931 Sancto
1207 1882 1297 1930 nuno
1324 1869 1357 1930 et
1381 1881 1517 1955 semper
1542 1869 1573 1930 et
1670 1869 1671 1882 ¹

299 1959 502 2032 insaecula.
554 1959 672 2030 Amen.
1670 2043 1671 2046 Ἴ

379 2060 462 2132 Tum
495 2059 662 2133 Sacerdos
702 2060 824 2132 recitat
863 2058 948 2131 itane
981 2057 1017 2132 S.
1051 2051 1187 2133 ioannis
1225 2059 1452 2158 Chryeoetomi
1491 2087 1568 2134 oro·
1670 2079 1671 2168 ᾗ

300 2160 442 2234 tionem:

375 2262 504 2336 Gratias
544 2285 606 2358 ago
643 2261 721 2354 tibi,
764 2262 940 2358 magnifico
976 2273 1009 2334 et
1044 2263 1192 2356 giorifieo
1228 2271 1271 2356 te,
1307 2264 1449 2336 Domine
1484 2265 1570 2337 Deus
1670 2271 1671 2348 t

298 2389 406 2456 meus,
434 2364 521 2463 quod
550 2387 615 2456 me,
642 2366 704 2436 etsi
731 2365 907 2460 indignum
934 2363 1131 2461 participare
1159 2367 1315 2461 dignatus
1341 2391 1378 2438 es
1400 2367 1522 2439 divinis
1539 2375 1571 2438 et

298 2468 481 2540 tremendis
509 2467 687 2560 mysteriis,
716 2467 895 2562 purissimo
924 2471 1053 2562 corpori
1083 2479 1139 2539 tuo
1166 2490 1205 2539 ao
1230 2468 1377 2565 pretioso
1405 2469 1569 2565 sanguini.
1670 2545 1671 2554 χ

297 2568 341 2642 Εῑ
374 2569 426 2642 his
462 2568 621 2641 subsidiis
659 2567 804 2640 confisus
832 2579 863 2640 te
891 2592 962 2659 oro,
998 2579 1035 2639 ut
1060 2593 1258 2667 quocunque
1285 2569 1452 2656 dievitae
1479 2593 1568 2643 meae

297 2693 352 2742 me
379 2671 424 2742 ita
452 2693 628 2742 conserves
657 2670 690 2742 in
719 2669 893 2742 sanctitate
920 2680 987 2762 tua,
1014 2682 1052 2743 ut
1077 2695 1205 2743 memor
1230 2671 1388 2744 bonitatis
1416 2684 1451 2744 et
1473 2672 1568 2745 bene-
1670 2747 1671 2760 p

297 2771 450 2844 fieentiae
479 2782 553 2843 tuae
582 2770 641 2843 tibi
669 2771 784 2864 vivam,
818 2771 959 2844 Domine
986 2771 1076 2845 Deus
1103 2795 1210 2865 meus,
1246 2774 1303 2871 qui
1329 2797 1451 2870 passus
1478 2799 1515 2847 es
1539 2783 1570 2846 et
1670 2765 1671 2816 ³

230 2915 232 2918 ·
298 2884 449 2947 mortuus
477 2882 510 2945 et
535 2873 746 2946 resurrexisti
774 2897 833 2970 pro
862 2871 1002 2968 nobis.¹)
1670 2955 1671 2966 χ

374 2973 423 3048 Ne
448 2965 586 3071 patiaris
614 2976 877 3073 appropinquare
904 2977 1076 3048 inimicum
1097 2973 1227 3049 animae
1246 2999 1352 3069 meae,
1379 3001 1479 3076 quam
1498 3000 1565 3074 pre·
1670 2967 1671 3058 ζ

297 3077 470 3150 tiosissimi
498 3079 671 3172 sanguinis
699 3079 746 3150 tui
774 3088 851 3149 nota
879 3078 1075 3173 obsignasti.
1670 3165 1671 3176 χ

373 3179 482 3275 Purga
510 3203 574 3272 me,
602 3180 823 3276 omnipotens,
852 3179 892 3252 ab
919 3179 1074 3252 omnibus
1096 3179 1180 3252 meis
1198 3177 1566 3276 peceatismortatibus,
1670 3219 1671 3224 =

296 3281 354 3380 qui
384 3283 474 3354 sotus
496 3284 627 3378 peceati
656 3292 784 3379 expers
801 3279 882 3377 es.²)
990 3275 995 3286 ’
1350 3369 1352 3376 y

374 3384 510 3456 Summe
536 3384 646 3476 Deire,
673 3383 714 3456 ab
741 3385 831 3456 omni
858 3383 1054 3456 adversitate
1080 3382 1181 3454 vitam
1207 3405 1314 3454 meam
1342 3384 1487 3477 custodi,
1521 3409 1569 3456 re·
1670 3401 1671 3420 t

296 3485 399 3581 pellas
427 3486 580 3558 inimicos
606 3509 699 3558 moos
725 3497 760 3557 et
785 3508 913 3576 omnes,
936 3481 997 3583 'qui
1025 3484 1106 3556 mihi
1134 3484 1437 3566 mala-moliuntur.
1494 3485 1567 3559 Cor·
1670 3517 1671 3524 ¹

296 3585 436 3659 robores
472 3599 506 3659 et
538 3588 686 3660 stabilias
720 3588 822 3684 pedes
858 3611 962 3679 meos,
998 3587 1217 3682 cogitationes
1245 3610 1335 3658 meas
1363 3598 1397 3659 et
1423 3587 1568 3684 linguam
1670 3639 1671 3650 a

295 3711 405 3760 meam
440 3698 473 3761 et
506 3713 621 3762 omnes
656 3690 806 3786 corporis
832 3689 896 3760 mei
924 3689 1070 3762 semitas.
1123 3688 1223 3760 Adsis
1250 3688 1333 3759 mihi
1360 3711 1495 3786 semper
1521 3713 1567 3763 se·

296 3791 442 3863 eundum
484 3791 687 3864 certissimas
728 3804 801 3864 tuas
840 3790 1096 3887 promissiones:
1139 3789 1204 3874 Qui
1245 3791 1423 3864 manducat
1464 3815 1566 3866 meam
1670 3873 1671 3888 p

382 4029 405 4089 tt
430 4029 520 4092 florina
544 4029 592 4079 this
615 4029 639 4079 in
663 4027 834 4093 montense,
858 4028 867 4076 1
891 4028 1009 4078 beseectre
1033 4027 1097 4088 thee,
1120 4027 1172 4077 that
1196 4041 1265 4091 every
1289 4027 1333 4092 dap
1351 4028 1380 4078 ot
1395 4043 1435 4093 my
1453 4028 1497 4080 nro
1514 4031 1567 4082 thou
1670 4011 1671 4028 ¹

294 4113 399 4163 woutdst
423 4114 483 4178 keep
499 4129 552 4164 ‚me
584 4115 608 4164 in
636 4113 677 4178 thy
707 4113 823 4162 hotiness.
863 4113 949 4162 Steek:
979 4113 1132 4175 Desswegeu,
1156 4113 1192 4161 sie
1217 4126 1260 4162 zur
1286 4111 1439 4177 Fttrspmetra
1466 4115 1565 4176 hubent,
1670 4157 1671 4174 ,

295 4196 355 4246 bitte
371 4197 410 4247 tetr
429 4197 477 4247 ulte
494 4197 558 4261 'tege
576 4197 625 4248 nod
643 4197 750 4248 Stnnden
769 4199 861 4248 metues
879 4198 981 4260 Lebene,
999 4197 1110 4247 bewahre
1128 4195 1192 4246 mich
1210 4197 1234 4245 iu
1254 4190 1342 4246 uerna
1359 4197 1496 4258 uertigine

381 4279 407 4340 2)
426 4281 489 4332 tram
507 4282 539 4332 stt
555 4297 596 4347 my
614 4281 702 4332 monet
719 4282 778 4332 sine.
814 4281 899 4332 Steetr:
922 4297 967 4333 run
986 4281 1049 4331 alien
1067 4282 1163 4332 metron
1181 4281 1265 4331 todten
1283 4279 1394 4331 Warten.
1431 4281 1481 4332 Sed
1500 4283 1564 4333 attan

295 4365 398 4416 sordent
419 4367 641 4432 iuterpretutionern
665 4381 728 4431 quae
750 4366 829 4416 addita
852 4375 918 4418 sunt.
953 4366 1038 4416 steen:
1063 4366 1122 4416 Lars
1141 4367 1187 4416 mir
1204 4367 1270 4417 nieht
1288 4365 1482 4428 urhekormnen,
1507 4369 1564 4418 mein

294 4449 357 4499 Herr
380 4450 428 4500 ond
447 4453 511 4502 mein
529 4453 593 4512 Gott,
618 4451 664 4502 den
682 4451 825 4513 verterim,
849 4451 878 4501 dr
897 4450 933 4502 [tu
951 4451 1030 4500 metue
1047 4449 1117 4500 Seeie
1135 4449 1212 4501 durch
1229 4451 1289 4500 Dein
1307 4450 1435 4501 kostbrres
1454 4451 1509 4502 Btnt
1524 4454 1562 4502 be·

293 4531 381 4594 siegeit
397 4534 459 4584 trust.
483 4537 542 4586 'tter
560 4535 594 4586 Du
613 4535 752 4598 altmtehtig
769 4536 825 4598 bist,
843 4537 934 4600 reiuige
952 4535 1016 4586 mich
1034 4535 1110 4587 doreti
1127 4537 1207 4589 dieses
1225 4551 1270 4586 ron
1288 4531 1468 4586 rtieu‘moiaen
1487 4536 1561 4588 todteu

294 4615 407 4681 werten,
425 4619 472 4670 Der
489 4621 526 4671 [tn
544 4621 618 4672 atteia
636 4622 700 4674 ohne
717 4620 798 4691 Stude
814 4616 871 4672 bist.
1224 4637 1226 4642 ’
