3314 5304
664 419 734 493 311

88 615 114 677 ln
132 611 206 674 σείου
235 607 336 690 posita
357 615 406 668 εει
427 603 524 668 oratio
552 595 637 681 ,μού
658 596 805 687 μεγάλου
832 597 1044 669 Βασιλείουίό.
1087 602 1192 691 Κύριε
1213 599 1233 671 6
1257 603 1345 685 Θεὸς

89 708 171 798 ημῶν,
192 704 210 773 ό
230 707 291 795 τὴν
311 703 373 793 σὴν
393 699 524 792 εἰρήνην
546 700 700 781 δεδωκώς
718 707 793 781 τοῖς
807 698 1016 789 ἀνθρώποις,
1039 704 1096 772 καὶ
1109 703 1242 793 εὴντού
1256 731 1344 774 παν-

90 807 166 898 υγίου
185 803 382 893 Πνεόματος
409 803 538 892 δωρεάν
563 809 636 883 τοῖς
662 807 737 883 σοῖς
756 803 946 892 Μαδηταῖς
966 804 1023 872 καί
1041 801 1264 886 ’Λποστόλοις
1283 833 1345 875 κα-

89 911 262 1002 ταπέμψας,
283 907 341 976 καί
360 907 404 974 τὸ
423 903 551 980 τούτων
571 901 662 995 χείλη
684 902 721 973 ἐκ
741 901 899 992 πυρίνων1
915 906 1073 991 γλωσσῶν
1093 905 1265 990 διανσίξας
1286 909 1345 976 δο-

89 1013 167 1099 νύμει
186 1035 257 1092 σου,
281 1005 450 1090 διάνοιξον
467 1006 526 1074 καί
546 1003 641 1095 ἡμῶν
659 1013 727 1074 τών
740 1003 946 1094 ἁμαρτωλῶν
959 1005 1002 1074 τὸ
1012 1006 1115 1099 χείλη,
1137 1009 1195 1078 καί
1208 1007 1345 1091 δίδαξον

90 1113 168 1204 ἡμᾶς,
192 1121 268 1193 πῶς
294 1113 356 1190 δεῖ,
382 1111 441 1178 καί
461 1105 548 1195 ὑπὲρ
569 1099 615 1175 σίν
635 1107 694 1196 χρὴ
717 1105 976 1200 προςεόχεσδαι.
1018 1111 1231 1200 Κυβδριησον
1251 1105 1346 1197 ύμών

89 1217 136 1306 τρι
153 1213 233 1301 ζωὴν
254 1210 274 1281 ό
296 1207 409 1292 εύὸισς
429 1216 496 1278 τῶν
513 1209 759 1296 χειμαζομένων
779 1209 888 1299 λιμὴν,
909 1209 968 1278 καὶ
987 1207 1148 1301 γνώρισον
1160 1209 1240 1303 ἡμῖν
1253 1208 1344 1294 δδὸν,

91 1308 151 1406 όνῇ
168 1312 419 1401 πορευσόμεθα
436 1315 587 1396 ’Πνεῦμα
608 1307 710 1392 εύθύς
731 1307 915 1398 δγιαίνισσν
936 1311 972 1380 ἐν
991 1317 1064 1392 τοῖς
1078 1310 1230 1400 ὸγκάτοις
1241 1307 1345 1403 ἡμῶν,

91 1419 135 1486 καί
161 1414 324 1502 πνεύματι
343 1411 527 1503 ἡγεμονικῷ
547 1412 586 1481 τὸ
608 1419 668 1500 τῆς
689 1413 842 1492 διανοίας
861 1409 954 1502 ἡμῶν
975 1411 1129 1504 στήριξον
1150 1409 1345 1505 ὀλισθηρὸν.

87 1517 141 1586 Ἷνα
158 1514 232 1586 καθ’
256 1514 396 1604 ἑκάστην
416 1511 542 1604 ἡμέραν
562 1519 611 1602 τῷ
619 1510 793 1599 Πνεύματί
813 1538 874 1581 σου
896 1521 943 1604 τῷ
965 1510 1087 1605 άγαδῷ
1107 1516 1195 1604 πρὸς
1207 1516 1346 1604 τὸισυμ·

92 1621 176 1710 ηίρον
194 1616 420 1708 ὁδηγούμενοι,
446 1609 711 1699 καταξιώθώμεν
731 1621 846 1684 ποιεῖν
865 1615 927 1695 τὰς
947 1613 1086 1697 δντολάς
1106 1637 1177 1698 σου,
1207 1618 1266 1686 καί
1287 1624 1347 1708 τῆς

92 1729 138 1812 σῆς
155 1717 206 1792 διὸ
224 1716 441 1810 μνημονεύειν
462 1713 608 1799 ἐνδόξου,
630 1715 687 1788 καί
708 1714 995 1807 δρευνητικῆςτών
1008 1717 1254 1807 πεπραγμένων
1267 1719 1347 1809 ἡμῖν
1463 1785 1467 1805 ,

92 1831 147 1902 τοῖς
169 1819 365 1910 δνόρώποις
392 1815 597 1905 παρουσίας·
623 1817 746 1906 καὶμὴ
768 1824 842 1898 τοῖς
864 1817 1105 1908 φθειρομένοις
1125 1827 1186 1888 τού
1206 1817 1346 1916 Κόσμσυ

92 1921 190 1991 τούτου
210 1928 474 1991 συναπατᾶσθαι
496 1925 661 2006 τερπνοῖς,
684 1914 770 1986 δλλὰ
790 1925 851 2007 τῆς
871 1926 937 1986 τῶν
956 1917 1147 2006 μελλόντων
1165 1917 1349 2009 ὀρέγεσθαι

94 2021 291 2106 ἀπολαύσεως
312 2021 480 2105 δνίσγυσον
500 2027 689 2111 θησαυρῶν.
710 2017 789 2088 ’Ότι
809 2018 994 2111 εὐλογητὸς,
1016 2023 1073 2090 καί
1095 2021 1225 2103 αἰνετός
1237 2019 1328 2111 ύπάρ

93 2149 147 2208 χεις
164 2126 196 2194 έν
215 2133 305 2193 πᾶσι
324 2130 397 2204 τοῖς
413 2119 540 2212 Ἆγίοις
560 2145 632 2202 σου,
655 2119 705 2202 εἰς
726 2121 806 2202 τοὺς
825 2120 951 2203 αἰῶνας
969 2130 1036 2190 τῶν
1058 2121 1197 2192 αἰώνων.
1232 2119 1347 2214 Ἀμήν.
1469 2131 1471 2134 ’

161 2235 188 2297 3.
215 2233 328 2294 Sexta
350 2231 459 2294 Ησιε.
504 2229 580 2292 Item
603 2237 664 2290 tres
686 2226 802 2292 obtinet
822 2228 970 2292 Psalmos.
1013 2229 1065 2292 Ρε.
1080 2234 1138 2296 54:
1162 2221 1181 2294 6
1205 2225 1292 2306 Θεὸς
1313 2225 1348 2294 ὸν

94 2335 129 2417 τῷ
145 2325 281 2415 ὸνόματί
300 2350 372 2396 σου.
405 2331 460 2394 Ρε.
475 2334 533 2396 55:
558 2325 645 2405 Θεὸς
666 2321 812 2394 όνωτίσω
833 2325 894 2414 τὴν
913 2323 1096 2417 προςευχήν
1115 2351 1192 2414 μου.
1220 2333 1273 2397 Ρε.
1288 2334 1346 2397 91:

94 2425 280 2498 ὸκατοικῶν
309 2426 344 2497 όν
369 2425 517 2519 βοηθείᾳ
537 2433 599 2497 τοῦ
620 2423 777 2518 ύψίστου.
819 2432 980 2496 Praeterea
1002 2433 1083 2496 Ηοιε
1105 2433 1266 2498 meditatur
1288 2433 1347 2497 Do-

95 2535 186 2598 minum
212 2537 288 2598 Ιι-οιε
315 2542 398 2596 sexta
426 2533 599 2596 crucifixum
632 2532 663 2596 in
695 2531 850 2613 Τιοηειίίε
881 2541 911 2596 ει
931 2529 1124 2615 λυῑίμὸοοίε
1144 2535 1226 2598 suis:
1251 2525 1291 2597 ‘0
1313 2529 1348 2598 δν

95 2630 154 2724 ὸση
180 2629 289 2724 ἡμέρη
319 2653 357 2698 τε
388 2629 446 2700 καὶ
476 2628 549 2721 ώρηι
576 2636 630 2719 τῷ
644 2635 785 2719 Σταυρῷ
810 2627 1039 2721 προςηλώσας,
1064 2631 1124 2722 τὴν
1146 2631 1182 2702 ἐν
1202 2635 1251 2720 τῷ
1272 2637 1349 2699 Πα-

95 2731 218 2824 ραδείσιμ
237 2735 465 2824 τολμηθεῖσαν
485 2738 534 2820 τῷ
552 2728 660 2816 Ἀὸὸμ
675 2727 850 2820 ἁμαρτίαν,
871 2732 1008 2800 καὶτῶν
1022 2733 1243 2820 πταισμάτων
1257 2731 1351 2824 ἡμῶν

95 2835 125 2903 τὸ
140 2833 362 2924 χειρόγραφον,
383 2829 561 2923 διάρρηξον
581 2834 709 2921 Χριστὸ
730 2828 749 2901 6
773 2831 869 2914 Θεὸς,
890 2832 948 2901 καὶ
969 2841 1079 2903 σῶσον
1099 2832 1198 2924 ἡμᾶς.

162 2933 382 3024 Μεσώριον
402 2941 474 3023 τῆς
495 2935 612 3024 ἕκτης
631 2931 750 3022 σύρας.
780 2939 830 3001 Ρε.
846 2943 905 3004 56:
927 2931 1062 3024 ἐλέησόν
1082 2933 1159 3022 μεδ
1177 2933 1273 3018 Θεὸς,
1296 2933 1350 3004 ὅτι

97 3036 284 3127 κατιπύτησό
309 3061 352 3122 με
374 3031 397 3103 6
425 3029 620 3123 ἄνθρωπος.
662 3039 712 3101 Ρε.
728 3043 789 3104 57:
818 3032 954 3126 ἐλέησόν
981 3062 1024 3122 με
1045 3034 1064 3106 6
1089 3038 1185 3120 Θεὸς,
1214 3033 1352 3127 ἐλέησόν

96 3161 136 3221 με.
171 3143 220 3206 Ρε.
235 3147 294 3208 7οτ
317 3135 336 3205 ὸ
356 3136 444 3216 Θεὸς
463 3134 513 3218 είς
532 3137 592 3225 τὴν
611 3133 777 3225 βοήθειάν
796 3162 862 3223 μου
885 3135 1038 3228 πρόσχες.
1068 3144 1231 3206 Ρειυτεῑυι
1252 3153 1351 3206 autem

97 3242 140 3304 λιι
158 3245 307 3308 oratione:
331 3237 397 3308 Θεδ
418 3236 475 3306 καί
496 3235 601 3326 Κύριε
621 3245 687 3305 τῶν
709 3235 890 3324 δυνάμεων,
911 3239 971 3307 καὶ
991 3237 1103 3330 πάσης
1121 3237 1261 3321 κτίσεως
1281 3243 1352 3329 Δη-

95 3342 222 3430 μιουργά,
250 3337 270 3410 δ
299 3341 357 3408 διὰ
383 3337 554 3427 σπλάγχνα
582 3335 778 3407 ἀπαύστου
799 3337 915 3419 λλόους
936 3362 1007 3420 σου,
1029 3341 1088 3408 τὸν
1107 3345 1269 3432 μονογενῆ
1289 3342 1352 3410 σουΙ

99 3439 173 3525 Ῡιὸν,
196 3443 255 3512 τὸν
277 3439 405 3530 Κύριον
431 3437 524 3531 ἡμῶν
542 3437 669 3532 Ἰησοῦν
688 3435 838 3529 Χριστὸν
863 3441 1093 3532 καταπέμψας
1119 3441 1180 3512 ἐπὶ
1205 3441 1354 3534 σωτηρίη

96 3551 142 3611 τοῦ
160 3545 273 3632 γένους
291 3541 395 3634 ἡμῶν.
433 3542 506 3611 Καὶ
527 3543 587 3612 διὸ
607 3549 668 3612 τοῦ
688 3539 801 3630 τιμίου
824 3540 928 3612 αὐτοῦ
949 3549 1102 3632 Σταυροῢ
1121 3545 1160 3614 τὸ
1180 3543 1354 3635 χειρόγρα-

96 3668 148 3732 φον
169 3653 234 3714 τῶν
259 3643 431 3732 ἁμαρτιῶν
455 3639 551 3733 ἦμών
572 3642 760 3734 διαρρήξας,
793 3643 850 3714 καὶ
870 3643 1104 3735 θριαμβεύσας
1125 3645 1160 3715 ὸν
1182 3644 1272 3738 αύτῷ
1293 3648 1354 3729 τὸς

96 3741 182 3832 όρχὸς
194 3748 252 3816 καὶ
264 3744 418 3828 ἔξουσίας
430 3751 492 3814 τοῦ
506 3742 655 3826 σκότους.
682 3743 802 3826 Αύτὸς
814 3746 977 3816 Δέσποτα
992 3745 1227 3836 φιλόνθρωπε,
1249 3747 1355 3837 πρός-

97 3847 176 3928 δεξαι
194 3849 251 3917 καὶ
270 3846 364 3938 ἡμῶν
384 3853 449 3914 τῶν
470 3843 675 3935 άμαρτωλῶν
696 3847 756 3927 τὸς
778 3843 1047 3939 εύχαριστηρίους
1060 3846 1194 3932 ταύτας,
1215 3849 1272 3918 καλ
1287 3846 1355 3918 ίκει

96 3947 212 4036 τηρίους
231 3947 403 4032 ἐντεύξεις,
423 3948 483 4017 καὶ
503 3954 603 4038 ρῢσαι
622 3945 711 4037 ἡμᾶς
732 3945 802 4016 ἀπὸ
824 3949 953 4030 παντὸς
974 3945 1133 4039 ὀλεθρίου
1154 3951 1213 4019 καὶ
1227 3975 1356 4019 σκοτει-

98 4056 144 4116 τού
161 4049 444 4139 παραπτώματος,
471 4050 529 4120 καί
549 4049 685 4118 πάντων
705 4057 772 4118 τῶν
791 4055 940 4119 κακῶσαι
961 4047 1049 4142 ἡμᾶς
1070 4050 1253 4144 ζητούντων
1273 4047 1356 4139 δρα-

97 4157 159 4233 τόν,
178 4155 234 4222 καὶ
255 4149 410 4241 δοράτων
430 4151 575 4241 όχθρῶν·
595 4147 797 4236 καθήλωσεν
818 4150 854 4219 ἐκ
874 4158 935 4220 τοῦ
956 4149 1066 4242 φόβου
1080 4174 1141 4220 σου
1155 4151 1215 4232 τὰς
1230 4147 1357 4241 σάρκας

97 4245 184 4338 ἡμῶν,
203 4255 261 4324 καί
281 4279 327 4344 μη
350 4251 497 4344 ίκκλίνης
514 4252 576 4332 τὰς
596 4249 735 4341 καρδίας
759 4247 852 4341 ἡμῶν
867 4249 916 4335 εἷς
929 4251 1057 4341 λόγους,
1078 4249 1164 4340 ἢείς
1178 4252 1357 4341 λογισμούς

98 4353 255 4446 πονηρίας.
295 4355 398 4427 Ἀλλὰ
424 4361 472 4444 τῷ
493 4351 598 4444 πύθη)
619 4375 679 4420 σου
701 4359 829 4441 τρώσον
848 4351 942 4444 ἡμῶν
962 4354 1024 4434 τὰς
1044 4353 1164 4443 ψυχὰς,
1193 4355 1249 4422 ἵνα
1270 4354 1359 4444 πρὸς

99 4455 130 4522 τί
153 4457 335 4538 διαπαντὸς
361 4453 571 4539 ἀτενίζοντες,
602 4454 659 4522 καὶ
685 4459 735 4544 τῷ
754 4455 850 4540 παρὸ
871 4461 932 4522 σού
953 4454 1042 4544 φωτὶ
1062 4450 1292 4544 ὁδηγούμενοι,
1319 4455 1360 4526 σά

100 4555 131 4624 τὸ
149 4554 324 4650 ὸπρόςιτον
343 4557 402 4628 καὶ
423 4553 534 4626 σ’ῐίὸισν
553 4553 813 4637 κατοπτεύοντες
835 4562 918 4647 φώς,
941 4551 1201 4624 άκατάπαυστύν
1221 4582 1278 4627 σοι
1299 4557 1360 4647 τὴν

100 4655 330 4752 ἐξομολόγησιν,
350 4659 409 4730 καὶ
429 4653 637 4750 εὐχαριστίαν
659 4654 920 4746 ἀναπέμπωμεν,
941 4661 989 4750 τῷ
1010 4653 1141 4750 άνάρχηι
1155 4659 1278 4752 Πατρλ,
1299 4659 1362 4730 σύν
