3336 5302
911 417 983 492 374

312 601 439 684 μᾶλλον
458 603 525 666 τῶν
546 591 655 665 ἁλίαν
677 594 868 682 ἀνθρώπων
888 595 1064 688 ὀφείλουσι
1084 603 1143 687 τῆς
1162 594 1396 686 καθαρότητος
1413 597 1577 684 ἐπιμελεῖ-

315 707 411 780 σθαι,
440 704 666 766 commcndatur
687 703 785 784 primo
809 705 963 767 Sacerdoti
993 705 1206 784 consessio,
1236 705 1427 784 potissimum
1459 705 1486 766 si
1512 724 1577 766 rens

313 815 360 868 est
381 807 495 886 peccati
520 802 653 867 mortalis
675 798 776 886 ὅμως,
799 797 872 869 dri
889 798 994 889 ἱερεὺς
1008 799 1220 891 λαιτοαρμήσῃ
1236 797 1515 891 ἁνιξομοίόγηιος
1524 801 1579 869 καί

311 900 355 988 μὰ
375 898 567 987 θανάσιμον
583 899 757 990 ἁμαρτίαν,
780 899 889 989 σμίγει
904 899 1068 990 ἁμαρτίαν
1082 901 1131 983 εἰς
1145 900 1309 991 ἁμαρτίαν
1321 902 1379 970 καὶ
1393 899 1578 985 κοίὰζιιται

313 1000 466 1086 αίωνίως,
489 1016 564 1070 teste
586 1007 747 1070 Nicolao
771 1007 921 1084 bulgari
945 1009 975 1070 in
990 1008 1137 1084 nutricis,
1161 1028 1235 1089 quas
1261 1009 1381 1071 assidua
1398 1028 1576 1072 commemo-

312 1109 428 1171 ratione
451 1108 658 1171 excitabimus.
691 1109 784 1170 Porro
807 1109 1016 1188 antiquissima
1040 1108 1199 1189 disciplina
1221 1119 1277 1181 cst,
1300 1118 1334 1171 ut
1354 1110 1505 1172 Sacerdos
1519 1110 1576 1171 ileo
1659 1159 1660 1162 ,

313 1210 500 1283 conciliatus,
524 1211 613 1272 etiam
637 1209 808 1290 proximo
832 1209 1065 1272 concilietur
1087 1210 1189 1272 blatth.
1212 1213 1241 1282 5,
1258 1213 1310 1274 23.
1353 1211 1429 1272 item
1452 1211 1522 1273 inde
1543 1211 1576 1272 ab

313 1311 442 1392 Vespera
466 1311 663 1390 praecedente
685 1309 833 1372 Sacerdos
856 1311 944 1372 debet
966 1329 1033 1372 esse
1056 1310 1210 1380 ieiunus
1232 1319 1262 1373 et
1282 1311 1435 1374 abstinere
1458 1330 1517 1374 uon
1532 1330 1577 1372 so·

313 1413 372 1474 lum
402 1413 517 1474 scibis
545 1421 576 1473 et
604 1421 675 1492 potu
704 1412 756 1474 sed
780 1431 795 1472 a
819 1411 925 1492 copula
947 1387 1036 1474 e'tiam
1059 1411 1219 1492 coniugali.
1263 1411 1399 1492 lienique
1421 1412 1579 1476 consulunt

313 1513 450 1575 rubricae
466 1513 659 1586 celebraturo,
683 1521 715 1574 ut
738 1521 883 1574 noctem
906 1513 1018 1574 ducat
1040 1513 1261 1586 insomnem,
1285 1515 1321 1576 ad
1339 1523 1458 1595 tempus
1474 1515 1576 1576 llissae

313 1634 407 1694 usque
437 1615 457 1674 i.
480 1633 507 1674 e.
529 1613 565 1675 ad
590 1615 690 1676 horam
713 1613 772 1674 diei
798 1613 924 1687 tertiam,
953 1633 1040 1695 qnam
1065 1631 1120 1674 nos
1144 1633 1253 1676 nonam
1276 1630 1426 1678 vocamus.
1472 1617 1577 1678 Sallen

312 1735 398 1777 orare
421 1716 510 1778 debet
529 1709 568 1778 τὸ
588 1706 829 1794 μεσόνυκτικόν,
858 1709 897 1779 τὸ
918 1703 1045 1799 ἁρθρον
1073 1723 1103 1776 ct
1124 1715 1232 1778 liuram
1255 1715 1396 1796 primam:
1427 1725 1498 1779 ante
1519 1715 1577 1778 Pri·

313 1835 390 1880 mam
413 1817 491 1878 enim
515 1815 625 1878 dictatu
649 1818 733 1878 nolas
756 1816 879 1880 Graecis
902 1817 1066 1895 biturgiam
1091 1817 1223 1896 aggredi.
1232 1817 1253 1893 ¹)

397 1952 545 2031 Tempore
568 1950 708 2012 sacrificii
732 1950 845 2013 iaciunt
859 1951 1007 2014 Sacerdos
1031 1961 1060 2013 et
1082 1951 1231 2014 liiaconus
1254 1949 1421 2030 praesidi¹l
1443 1969 1578 2014 revereo-

312 2053 393 2127 tiam‚
414 2044 592 2134 ματὰνοιαν
614 2061 644 2114 et
664 2051 806 2131 templum
823 2052 952 2130 ingressi
968 2053 1112 2114 orientem
1129 2071 1231 2114 versus
1246 2052 1301 2114 tria
1316 2045 1578 2138 προςκυνήματα.

312 2155 393 2217 llaec
420 2153 591 2214 alliciuntur
619 2153 756 2231 corporis
785 2154 988 2228 incurvatione
1015 2153 1178 2234 profunda,
1207 2171 1294 2234 qurum
1323 2172 1453 2235 corpore
1483 2163 1577 2217 erecto

311 2255 448 2335 sequitur
469 2253 567 2315 crucis
590 2253 750 2332 impressio
772 2254 869 2316 tribus
892 2254 1011 2316 dextrae
1035 2274 1140 2317 manus
1162 2255 1314 2336 prioribus
1338 2254 1419 2316 inter
1440 2273 1474 2317 se
1490 2255 1576 2317 unitis

311 2355 413 2436 capiti,
448 2356 571 2416 humero
601 2354 705 2415 dextro
729 2365 757 2416 et
779 2355 901 2417 sinistro
925 2355 1071 2419 iacienda.
1115 2359 1151 2418 At
1173 2375 1242 2418 roro
1263 2348 1435 2437 μετάνοια,
1465 2365 1578 2437 praeter

311 2475 438 2537 genuum
462 2455 661 2528 inflexionem,
684 2455 709 2516 si
734 2473 840 2535 magna
860 2457 957 2526 luerit
973 2456 1107 2520 osculum
1122 2466 1219 2520 terrae
1235 2457 1312 2536 sugit:
1336 2456 1362 2519 si
1377 2475 1468 2539 parra
1484 2459 1577 2532 luerit,

313 2557 404 2620 totius
426 2555 564 2637 corporis
587 2557 747 2635 prostratio
771 2557 898 2620 dicenda
920 2567 978 2621 est.

396 2693 458 2756 lam
481 2690 646 2754 recitantur
668 2690 773 2753 breves
795 2711 830 2756 ao
852 2693 1014 2756 sollemnes
1037 2693 1193 2766 formulae,
1216 2711 1290 2774 quas
1312 2693 1393 2756 omui
1417 2693 1515 2780 cultus
1534 2693 1576 2756 di·

312 2793 372 2855 vini
409 2791 520 2854 actioni
550 2792 740 2872 praemittere
774 2793 888 2856 solent:
925 2787 1109 2876 Trisagium,
1144 2795 1312 2876 Antiphone
1339 2791 1491 2858 Bentleii
1524 2786 1578 2858 ori-

312 2885 415 2978 ρὰνιτ,
449 2893 552 2956 Oratio
584 2893 758 2974 Dominica„
780 2895 867 2976 llyrie
900 2895 1025 2976 eleison,
1054 2895 1216 2975 Doxologia
1250 2895 1357 2969 minor,
1385 2896 1497 2960 beatae
1516 2895 1576 2958 llir·

313 2996 390 3075 ginis
419 2995 672 3058 commemoratio.
717 2995 832 3060 Dehinc
859 2995 989 3060 salutant
1011 2997 1156 3076 imagines
1180 2996 1291 3060 Christi
1313 3007 1344 3060 et
1365 2996 1521 3080 Doiparae,
1547 2999 1575 3060 in

313 3095 477 3158 iconostasi
505 3095 686 3175 conspicuas
721 3129 762 3142 —
791 3087 984 3178 ἁτίχνιαντας
1014 3094 1064 3178 μὲν
1082 3099 1181 3163 τοῦτο
1208 3092 1266 3160 τὸν
1293 3089 1473 3164 ἓαυτιίντινν
1499 3093 1576 3164 κατὰ

313 3189 426 3262 πάντα
448 3188 636 3281 ὀρθόδοξον
655 3191 712 3261 καὶ
732 3198 797 3260 τῶν
818 3196 999 3264 συναδικῶν
1019 3192 1203 3276 διατάξεων
1224 3188 1365 3262 ὀπαδόν.

399 3450 424 3510 ll
446 3451 534 3502 lisdem
552 3452 695 3516 praeceptis,
720 3465 748 3501 es
772 3459 839 3515 parts
857 3452 1021 3515 rigidioribus,
1040 3467 1067 3502 sa
1086 3453 1237 3514 adstringunt
1254 3459 1341 3502 semaa.
1377 3452 1403 3502 ln
1423 3460 1491 3503 casto
1509 3453 1575 3502 luisse

312 3536 468 3586 Sacerdotem
492 3543 562 3586 uncte
588 3536 740 3598 praecedeuti
764 3544 805 3586 aut
828 3537 907 3588 triduo
925 3545 1030 3601 oportet,
1047 3539 1068 3588 si
1092 3539 1233 3600 coniugatus
1251 3537 1336 3590 luerit:
1360 3538 1381 3588 si
1399 3551 1446 3601 per
1463 3538 1575 3590 intonsis

314 3619 444 3670 ludibrium
470 3633 556 3683 passus
583 3627 628 3679 ost,
654 3620 778 3670 celebrare
796 3621 945 3684 prohibetur.
981 3621 1116 3686 lispropter
1133 3621 1214 3672 solent
1231 3623 1374 3672 Sacerdotes
1393 3621 1514 3686 Coptitso,
1537 3625 1574 3672 le·

312 3703 408 3768 tbiopes
432 3717 453 3752 e.
471 3717 493 3751 a.
518 3711 622 3762 nocturn,
648 3718 709 3769 quaa
733 3703 862 3766 liturgiam
886 3706 1005 3755 antecedit
1028 3706 1051 3754 in
1076 3706 1179 3756 ccclesia
1204 3706 1335 3768 transigere
1354 3720 1515 3772 magnamque
1531 3708 1575 3756 eius

312 3793 404 3850 partem
423 3785 573 3838 orationibus
591 3795 614 3837 et
631 3803 715 3840 sacrae
734 3787 830 3839 lectioni
849 3804 939 3838 uacare.
975 3790 1093 3840 Sacerdos
1111 3791 1186 3856 pedus
1204 3799 1228 3840 et
1245 3805 1330 3840 manus
1348 3789 1427 3840 latera
1445 3791 1530 3841 debet:
1546 3792 1575 3840 ia·

313 3871 410 3920 iunasse
433 3870 504 3920 etiuru
529 3871 567 3922 die
591 3871 743 3938 praecedeuti
762 3880 786 3922 et
803 3873 833 3922 ad
852 3888 974 3938 vesperam
993 3874 1139 3924 abstinuisse
1156 3875 1209 3926 rint
1229 3881 1255 3924 et
1269 3883 1327 3939 potu
1346 3875 1421 3935 omni,
1446 3891 1495 3940 quo
1513 3879 1576 3940 caput

312 3956 398 4005 tentari
416 3955 502 4021 possit.
532 3955 617 4007 Postea
635 3956 707 4006 debet
724 3971 822 4008 examen
841 3957 964 4008 instituere
983 3959 1044 4008 iutra
1061 3974 1089 4010 se
1107 3961 1196 4026 ipsum,
1214 3973 1269 4009 uum
1288 3959 1389 4008 alicuius
1413 3961 1507 4024 peccati
1526 3973 1576 4010 reus

312 4039 352 4100 ait,
370 4053 418 4106 qno
437 4054 484 4090 nou
502 4040 581 4090 solnm
600 4056 614 4090 u
632 4041 794 4092 celebratione
812 4041 970 4093 eucharistias
992 4043 1036 4094 sed
1054 4043 1126 4096 etism
1144 4044 1174 4094 ab
1192 4043 1244 4096 eius
1259 4043 1429 4095 commuuione
1446 4053 1575 4094 arceretur:

313 4137 369 4173 unm
388 4123 459 4174 alloni
478 4124 589 4177 iniuriam
607 4132 647 4175 nut
664 4125 776 4176 domuum
796 4127 888 4178 lecerit.

398 4241 423 4298 2)
448 4243 524 4304 Κίαρ
543 4243 558 4291 l.
571 4258 590 4293 c
612 4259 634 4307 ρ.
647 4241 710 4294 tls:
734 4245 805 4304 „llsn
825 4245 881 4296 nird
901 4246 979 4298 dieses
997 4246 1132 4306 serutatur,
1155 4260 1224 4298 αντα
1242 4260 1296 4300 roso
1315 4245 1366 4298 siob
1385 4247 1502 4307 sriuuert.
1526 4246 1574 4298 dass

311 4323 361 4376 slla
384 4326 450 4378 diese
467 4328 640 4388 doneisungeu
665 4328 703 4378 tur
721 4329 759 4378 die
778 4329 872 4378 llloster
890 4331 1012 4380 bestimmt
1028 4331 1091 4400 sind.
1128 4329 1371 4392 clermontanum,
1395 4331 1419 4384 d.
1438 4331 1454 4384 i.
1478 4333 1521 4384 der
1536 4333 1573 4380 dr

312 4410 456 4460 cbimsndrit
481 4411 528 4460 unul
552 4411 590 4462 die
615 4412 716 4474 tbrigeu
734 4413 842 4470 boucha,
865 4413 910 4462 arie
934 4417 969 4464 sia
993 4417 1016 4464 iu
1041 4416 1095 4466 dero
1113 4415 1249 4468 lielecturis
1267 4415 1421 4466 reresmuselt
1438 4414 1500 4466 siud
1535 4415 1574 4464 tter

313 4492 426 4552 Prienen
445 4495 550 4546 uelcber
568 4497 611 4548 das
626 4499 679 4548 dmt
698 4497 755 4554 buit,
773 4497 868 4546 runchet
884 4499 950 4548 scius
969 4498 1124 4560 llerbaugnug
1142 4513 1216 4562 aegeo
1235 4498 1281 4548 deu
1300 4499 1515 4557 drcbiuusndriteu,
1532 4495 1573 4546 uui

313 4576 405 4708 :jozsnn
424 4580 495 4640 colret
513 4595 540 4630 er
558 4581 582 4630 lu
599 4582 639 4632 dia
656 4582 756 4642 llircba;
781 4580 853 4632 ullaiu
877 4583 944 4634 diosa
961 4585 1102 4644 inuoluunt
1119 4585 1180 4636 lssrm
1200 4585 1223 4634 io
1243 4583 1411 4634 l’lnrriircbau
1431 4585 1495 4634 oicln
1511 4587 1573 4632 ststt·

331 4673 344 4706 n
362 4661 420 4709 en.“
