3394 5308
936 439 980 510 10

318 636 379 688 erat
402 624 620 706 opportunitas.
670 625 709 686 lis
737 623 843 704 igitur,
875 623 923 702 qui
954 643 988 685 ea
1010 631 1187 704 tempestate
1207 623 1387 704 reipublicae
1408 623 1596 687 Christianae

316 735 528 808 praeerant-
545 727 624 788 inter
644 745 719 806 quos
740 725 907 805 complures
922 741 958 787 ex
973 724 1128 805 apostolis,
1150 725 1195 786 vel
1210 733 1329 805 praeter
1343 725 1484 787 loannem
1499 726 1597 790 luisse

315 847 378 892 uon
400 837 624 891 conuenersum
647 837 756 890 ost-
777 827 1013 888 boemanilesto
1036 827 1211 908 impositum
1233 835 1295 900 ast,
1325 835 1358 889 ut
1384 827 1494 890 cultum
1516 827 1596 890 divi-

317 948 389 992 num
417 937 539 992 vereat
567 929 753 1009 peculiariter
780 929 981 990 Christianum
1009 928 1197 990 adornarent.
1251 928 1353 1008 ltaque
1375 938 1532 1004 curarunt,
1560 939 1598 994 ut

317 1049 409 1094 coena
437 1049 519 1094 saara
546 1030 582 1092 ab
602 1031 709 1111 hgapis
737 1031 943 1110 seiungeretur
970 1039 999 1093 et
1026 1031 1063 1092 ad
1090 1039 1252 1092 conventus
1275 1031 1469 1110 synagogicos
1490 1040 1596 1094 trans-

317 1135 452 1196 ferretur.
463 1133 484 1209 ¹)
514 1133 631 1194 Etcum
648 1131 785 1195 universa
800 1132 959 1212 antiquitas
974 1149 1065 1193 uncam
1081 1139 1194 1194 tantum
1216 1130 1333 1193 noverit
1354 1132 1474 1206 cultum,
1498 1133 1595 1195 sacri·

318 1235 416 1298 hoium
438 1254 503 1297 cum
526 1233 665 1314 precibus
687 1233 888 1308 coniunctum,
920 1233 1008 1295 simul
1030 1233 1127 1295 induit
1152 1231 1287 1294 sacrificii
1318 1234 1504 1296 eucharistici
1526 1237 1595 1297 lor·

317 1355 395 1399 mam
423 1344 551 1398 testante
578 1337 701 1397 irenaeo
729 1335 844 1415 Fragm.
873 1335 957 1396 Plall'.
980 1335 1006 1396 ll
1028 1354 1058 1415 p.
1077 1338 1118 1399 25
1152 1331 1185 1397 ol
1218 1341 1293 1410 ταῖς
1326 1333 1493 1418 δευτέραις
1526 1337 1595 1400 τῶν

318 1430 517 1502 ἀποστόλων
540 1433 710 1514 dmentem
730 1431 1063 1522 πορηκολοοθηκότες
1084 1433 1180 1502 'innoc
1193 1431 1251 1499 τὸν
1268 1431 1379 1518 κύριον
1395 1433 1470 1503 redu
1485 1457 1596 1521 προσ-

318 1535 425 1625 φορὰν
454 1533 488 1602 ἒν
515 1539 554 1622 τῇ
581 1539 677 1623 καινῇ
707 1535 852 1623 διαθήκῃ
884 1539 1124 1622 καθεστηκέναι
1155 1533 1239 1602 κατὰ
1265 1534 1305 1601 τὸ
1325 1538 1505 1620 Malo-plna
1533 1541 1595 1604 τοῦ

317 1637 493 1724 προφήτου
514 1640 544 1713 l,
565 1643 613 1703 11.
651 1640 766 1702 Pariter
788 1640 856 1702 inde
878 1641 923 1702 rcl
945 1640 1003 1701 boc
1023 1638 1192 1702 necessario
1215 1640 1410 1720 sequebatur,
1441 1650 1475 1703 ut
1496 1641 1594 1704 cultus

318 1740 486 1822 synagogici
514 1752 630 1822 partes,
665 1760 739 1822 quae
761 1743 858 1804 adhuc
878 1742 993 1804 ratione
1015 1741 1133 1802 fortuita
1162 1759 1324 1822 parumque
1351 1743 1429 1806 inter
1456 1763 1489 1805 se
1517 1761 1594 1806 oon-

318 1851 416 1905 stante
438 1843 515 1904 inter
537 1861 571 1904 se
592 1843 744 1922 copulatae
759 1843 904 1917 luissent,
927 1843 1085 1906 incertum
1105 1843 1239 1905 ordinem
1254 1863 1380 1923 eumque
1394 1853 1428 1905 ut
1440 1845 1480 1906 ita
1494 1844 1593 1906 dicam

317 1945 487 2024 organicum
509 1943 750 2025 disponerentur.
779 1943 850 2006 Erat
864 1945 1077 2018 necessarium,
1100 1955 1133 2007 ut
1148 1946 1323 2007 eucharistia
1339 1947 1369 2007 in
1384 1947 1442 2008 line
1457 1945 1594 2026 liturgiae

315 2054 492 2128 poneretur,
519 2054 623 2124 utpote
652 2046 741 2107 totius
763 2046 840 2107 sacri
863 2045 951 2108 officii
974 2046 1089 2107 culmen
1112 2055 1140 2108 et
1162 2045 1326 2126 lastigium:
1350 2065 1384 2110 ea
1405 2065 1495 2128 quum
1518 2065 1593 2128 pro-

316 2147 460 2210 cedebant
480 2165 517 2208 eo
539 2147 752 2226 dirigerentur,
776 2155 810 2207 ut
831 2163 884 2208 eos
906 2146 995 2208 animi
1018 2154 1118 2208 motus
1141 2145 1317 2221 excitarent,
1347 2148 1452 2227 quibus
1475 2149 1593 2212 animus

315 2249 441 2311 idoneus
464 2255 494 2309 et
515 2247 610 2308 alacer
631 2247 806 2308 redderetur
833 2247 868 2308 ad
892 2247 1076 2310 offerendum
1098 2247 1170 2310 illud
1191 2250 1314 2310 devotae
1335 2249 1519 2313 adorationis
1542 2271 1593 2313 sa-

316 2349 468 2412 crificium.
511 2347 566 2410 llio
586 2349 677 2428 igitur
698 2347 788 2410 divini
811 2348 899 2411 officii
921 2349 1044 2411 emersit
1066 2349 1156 2412 ordo:
1184 2351 1361 2423 Psalmodia,
1384 2350 1487 2414 Lectio
1509 2353 1593 2414 Scri-

314 2459 486 2533 pturarum,
509 2449 631 2522 Sermo,
658 2450 765 2512 Preces
794 2469 967 2512 communes
995 2451 1152 2525 ecclesiae,
1187 2452 1382 2514 eucharistiae
1404 2454 1593 2516 sacrificium.

315 2553 401 2615 Hunc
430 2571 501 2614 vero
528 2553 663 2614 ordinem
692 2552 722 2613 in
751 2553 971 2632 antiquissima,
1009 2571 1084 2633 qnae
1112 2562 1183 2632 post
1209 2554 1421 2633 Apostolorum
1456 2565 1594 2636 tempora

315 2655 352 2716 ad
374 2673 430 2716 nos
458 2653 591 2728 devenit,
625 2653 719 2715 cultus
748 2654 824 2716 sacri
852 2654 1064 2729 delineatione,
1098 2655 1175 2736 apud
1197 2656 1340 2718 lustinum
1362 2657 1518 2736 Martyrem
1539 2677 1592 2720 re-

315 2756 458 2838 perimus.

401 2858 484 2931 Quae
499 2857 631 2937 disputat
644 2856 771 2918 Rothius
794 2856 824 2918 in
846 2859 1104 2920 commentationis
1121 2858 1252 2938 epilogo:
1274 2858 1459 2937 disciplinam
1481 2862 1592 2935 arcani,

315 2967 453 3038 vergente
475 2959 592 3022 saeculo
616 2958 747 3020 secundo
771 2959 876 3020 officiis
904 2960 1012 3021 divinis
1045 2959 1216 3034 obtrusum,
1250 2947 1384 3022 elle'oisse
1413 2969 1445 3023 ut
1473 2961 1593 3040 liturgia

315 3062 345 3123 in
368 3061 440 3124 duas
462 3061 587 3133 missas,
611 3059 889 3121 catechumenorum
913 3061 1026 3124 scilicet
1047 3070 1076 3122 et
1097 3061 1226 3122 fidelium
1242 3062 1447 3124 diffinderetur
1468 3070 1498 3123 et
1519 3062 1592 3124 binc

314 3163 477 3226 increvisse
499 3161 628 3224 studium
650 3160 903 3242 coenam'pompa
925 3160 1047 3239 mystica
1069 3170 1099 3224 et
1123 3162 1277 3243 splendida
1292 3163 1466 3224 exornandi:
1489 3163 1520 3226 in
1542 3164 1591 3226 his

316 3273 446 3346 optatam
467 3273 576 3327 metam
598 3263 719 3324 minime
742 3263 875 3342 contigit.
909 3263 974 3324 Non
991 3281 1065 3342 opus
1081 3273 1129 3324 est
1150 3264 1303 3344 disciplina
1326 3266 1425 3326 arcani
1440 3285 1497 3346 qua
1512 3265 1592 3328 illam

314 3367 344 3428 in
368 3385 428 3427 uno
452 3365 549 3428 officio
572 3363 746 3426 divisionem
770 3365 960 3446 explicemus.
1014 3364 1153 3426 Servabat
1174 3365 1281 3446 duplex
1302 3365 1437 3445 liturgiae
1460 3368 1590 3446 partitio,

314 3485 376 3552 nou
399 3467 520 3528 lortuito
544 3485 598 3527 nec
621 3474 733 3526 temere
762 3467 851 3542 lacta,
884 3466 1002 3546 pristini
1038 3467 1180 3546 temporis
1208 3466 1398 3540 memoriam,
1433 3468 1591 3548 gemellum

315 3566 490 3630 ostendebat
510 3567 585 3628 ritus
601 3565 762 3628 Christiani
784 3568 905 3638 iontem,
930 3566 1122 3628 adumbrabat
1136 3577 1237 3648 aperte
1253 3587 1287 3630 ac
1300 3569 1459 3648 symbolice
1473 3570 1590 3634 utrius·

313 3687 371 3748 que
385 3666 553 3730 testamenti
569 3659 803 3729 cohaerentiam:¹
825 3674 859 3728 ut
879 3667 1006 3747 denique
1021 3670 1119 3730 omnia
1134 3669 1322 3749 complectar,
1342 3670 1482 3750 bipartita
1497 3672 1590 3732 missa

313 3769 519 3831 brevissimam
547 3769 600 3829 sed
629 3767 769 3848 grandem
797 3776 827 3830 et
853 3769 1041 3850 perspicuam
1071 3771 1201 3832 continet
1227 3769 1293 3833 τῶν
1320 3771 1501 3855 μεγαλεῖον
1529 3773 1590 3836 τοῦ

312 3869 397 3936 θεοῦ
419 3869 615 3948 ὴίοιοιὶοοι’).

385 4110 408 4170 l)
426 4110 499 4160 liecta
516 4108 588 4158 docet
606 4109 720 4169 liotbius,
746 4109 854 4173 lgapas,
874 4109 981 4172 quamvis
999 4109 1061 4159 ratio
1086 4121 1167 4158 aarum
1192 4108 1259 4158 valde
1278 4109 1401 4161 immutata
1425 4118 1504 4171 asset,
1530 4125 1589 4176 par·

314 4193 424 4256 durasse,
443 4202 466 4244 et
485 4201 562 4256 negat,
580 4195 757 4258 separationem
777 4207 866 4244 coenae
884 4193 913 4242 ab
932 4195 1018 4259 lgapis
1036 4195 1132 4244 demum
1150 4200 1207 4257 post
1224 4195 1376 4246 interdictum
1394 4195 1556 4246 hastariorum
1576 4209 1589 4246 a

315 4277 418 4328 'l'reiauo
437 4280 564 4338 sancitum,
582 4279 669 4328 lectam
687 4293 748 4328 asse.
769 4294 792 4343 p.
805 4279 882 4344 lbaq.

382 4362 408 4424 2)
426 4363 495 4413 done
518 4363 650 4413 latrium
669 4363 758 4425 griech.
778 4363 871 4414 blesseu
888 4378 913 4428 p.
926 4364 988 4415 10³:
1016 4363 1076 4424 „llio
1094 4362 1171 4414 hlesaa
1198 4365 1229 4414 iat
1253 4365 1291 4414 ein
1316 4364 1475 4416 historischen·
1492 4367 1591 4416 (lottes-

314 4447 394 4498 dienst
417 4448 475 4498 dh.
494 4450 528 4498 sie
547 4449 586 4497 bat
610 4447 661 4496 sich
686 4449 814 4510 organisch
838 4465 881 4498 aus
906 4450 1042 4512 gegebeuen
1060 4447 1199 4498 Elameuten
1224 4449 1359 4499 antniclrelt
1386 4449 1433 4500 und
1457 4451 1490 4500 ist
1513 4449 1591 4500 daher

314 4531 384 4580 heire
401 4531 559 4581 willlurlicha
579 4533 715 4594 Erllndung.
758 4534 799 4583 lla
822 4534 860 4582 ein
878 4534 1037 4584 historischer
1054 4533 1218 4584 Gottesdienst
1241 4535 1314 4596 bauga
1331 4535 1367 4584 sia
1385 4535 1428 4584 mit
1445 4534 1500 4584 dem
1519 4533 1589 4584 lltan

314 4617 467 4666 Testamenta
484 4630 622 4667 zusammen
642 4619 690 4667 und
709 4618 748 4667 hat
766 4633 810 4668 aua
828 4619 882 4668 dcrn
900 4618 983 4668 Nenen
1009 4619 1130 4690 disjepiga
1149 4619 1172 4670 iu
1192 4619 1269 4668 elnam
1288 4617 1421 4682 parallelen
1439 4617 1590 4681 Stulangang

313 4699 475 4764 hinzugeldgt,
493 4715 541 4752 uas
560 4701 598 4752 die
616 4702 779 4766 Ollenbarung
796 4702 884 4754 Christi
903 4703 1011 4756 balabl.“
1047 4704 1117 4763 Quod
1140 4704 1225 4755 suadet
1242 4704 1313 4754 blonii
1337 4703 1455 4766 doctrina,
1473 4701 1497 4752 id
1515 4715 1589 4768 praa-
