3314 5304
447 1607 501 1670 nn
529 1607 682 1670 arunas
711 1558 992 1673 unaecunuu
1014 1607 1418 1672 uccensrasrrcrs.

383 1805 482 1912 Quod
501 1823 593 1914 supra
614 1834 652 1898 de
674 1851 804 1898 onerosa
826 1833 1009 1900 Graecorum
1031 1834 1154 1915 pietate,
1177 1833 1294 1898 difficili
1317 1845 1409 1915 atque
1430 1829 1559 1914 perplexa

292 1937 403 2004 rituum
426 1935 543 2000 ratione
565 1955 601 1999 ex
623 1935 856 2000 occidentalium
876 1935 1032 1998 hominum
1054 1945 1155 2000 mente
1177 1935 1325 2016 prolatum
1347 1943 1411 1998 cst:
1439 1933 1471 1996 iu
1491 1929 1559 1993 cadit

292 2037 419 2102 maxime
442 2037 474 2100 in
495 2035 641 2098 librorum
664 2055 819 2100 sacrorum
843 2035 1061 2101 oeconomiam.
1089 2035 1175 2110 Nam,
1197 2046 1232 2100 ut
1252 2046 1335 2100 recte
1351 2042 1454 2099 mouet
1467 2031 1559 2096 atla-

292 2139 320 2202 ti
327 2159 380 2212 us,
402 2145 484 2201 tanta
507 2147 554 2200 est
575 2139 711 2219 ipsorum
733 2157 795 2201 aon
818 2139 908 2201 modo
924 2139 1020 2202 moles
1036 2139 1065 2200 in
1078 2139 1256 2200 immensum
1271 2139 1408 2214 adaucta,
1424 2135 1476 2199 sed
1491 2135 1559 2197 inter

293 2258 327 2303 se
350 2239 518 2314 diversitas,
541 2247 575 2301 ut
596 2239 740 2320 cognosci
762 2237 857 2320 probe
880 2259 941 2302 nou
964 2240 1092 2321 possint,
1115 2237 1175 2302 nisi
1198 2237 1235 2302 ab
1258 2240 1382 2302 homine
1403 2237 1556 2315 utlinguae

293 2341 339 2404 sic
360 2341 472 2404 rituum
501 2339 633 2404 omnium
657 2341 738 2404 iilius
761 2342 857 2421 gentis
880 2340 1108 2415 callentissimo,
1137 2342 1239 2422 quiin
1262 2341 1367 2406 intima
1389 2340 1558 2402 Graecorum

293 2441 380 2524 adyta
413 2441 625 2523 penetraverit.
668 2441 737 2522 ipae
773 2443 955 2524 conscripsit
982 2442 1293 2506 Dissertationes
1314 2442 1354 2505 11.
1384 2441 1428 2504 de
1454 2435 1558 2502 libris

292 2541 597 2606 Ecclesiasticis
620 2541 851 2606 Graecorum
874 2543 1013 2624 (Parisiis
1032 2527 1123 2610 1646ss
1146 2549 1177 2608 4.
1201 2547 1260 2609 351
1278 2543 1421 2625 pagg.)‚¹)
1443 2550 1473 2603 at
1491 2536 1558 2620 proh

294 2644 382 2708 dolor
408 2643 575 2723 stupendae
604 2643 660 2705 riri
693 2643 854 2706 eruditioni
883 2646 962 2708 hand
992 2648 1170 2728 aequiparat
1197 2645 1347 2708 sermonis
1369 2640 1557 2726 perspicuitas

294 2755 325 2808 et
356 2743 515 2808 evidentia.
559 2745 635 2807 Post
661 2745 802 2808 Aliatium
825 2745 970 2808 Carens
1000 2747 1030 2810 in
1052 2747 1271 2811 Dissertatione
1299 2747 1441 2822 secunde,
1468 2743 1557 2806 Histo-

293 2847 356 2910 riae
377 2845 543 2908 Liteaariae
565 2846 654 2908 affixa
677 2846 744 2926 (Ed.
768 2845 863 2909 Oxou.
887 2846 972 2910 Tam.
988 2851 1019 2912 2.
1041 2868 1073 2930 p.
1088 2851 1227 2927 au-tm
1248 2857 1339 2929 atque
1354 2845 1511 2926 Kiagius
1530 2841 1557 2901 ia

293 2947 372 3012 libro
401 2946 524 3028 saepius
552 2957 787 3011 commemorato
821 2948 900 3010 hano
926 2950 1111 3031 provinciam
1139 2957 1348 3031 susceperunt
1392 2951 1430 3012 tt
1457 2945 1556 3008 Cuneus

293 3047 395 3114 ultani
420 3047 530 3129 premit
543 3049 679 3129 vestigia,
701 3049 828 3129 liingius
846 3059 953 3113 tractat
967 3049 1236 3132 implicatissimam
1253 3051 1460 3132 quaestionem
1475 3037 1516 3120 ὥς
1527 3037 1562 3132 ia

293 3142 448 3236 παρόδῳ.
489 3148 531 3210 Ea
560 3169 618 3230 qua
641 3150 769 3230 insignis
793 3163 838 3214 eet
859 3151 1016 3232 diligentia
1038 3169 1134 3232 nuper
1154 3151 1180 3214 N
1188 3151 1315 3216 aelius
1337 3151 1369 3214 in
1393 3153 1448 3212 hac
1468 3143 1556 3210 crudi·

295 3253 387 3316 tionis
411 3250 560 3314 curriculo
584 3251 750 3315 elaborarit
771 3253 1077 3332 (tractaremus
1100 3254 1133 3315 oi
1152 3253 1204 3316 the
1220 3253 1296 3334 uoty
1310 3253 1436 3315 Eastern
1451 3244 1556 3313 Church

293 3355 314 3418 l.
335 3373 362 3416 c.
383 3353 422 3416 11.
444 3371 474 3433 p.
490 3353 682 3431 saa-890).
725 3353 830 3435 Neque
863 3353 960 3417 detuit
989 3352 1165 3418 doctissimo
1197 3355 1260 3417 aiau
1292 3354 1390 3435 ipsius
1422 3347 1556 3416 ecclesiae

295 3450 436 3526 Graecae,
464 3460 498 3516 ut
518 3453 560 3515 ita
583 3453 690 3527 dicam,
713 3456 888 3534 suffragium
909 3465 1000 3538 atquc
1022 3454 1180 3518 auxilium:
1214 3463 1297 3536 grata
1318 3463 1418 3519 mente
1439 3467 1556 3515 comme-

294 3561 393 3614 morat
413 3553 580 3633 Eugenium
601 3553 756 3635 Papot't,
779 3556 927 3620 ecciesiae
949 3557 1094 3620 Russicae
1117 3575 1193 3638 quae
1207 3554 1339 3620 Londini
1362 3566 1407 3620 est
1428 3549 1556 3616 sacerdu-

294 3662 355 3716 tem
378 3653 429 3734 qui
451 3653 600 3717 dubitanti
628 3655 675 3718 rel
702 3656 865 3720 haesitanti
898 3657 1014 3720 calamo
1042 3659 1154 3740 optime
1182 3657 1377 3720 consuluerit
1426 3656 1556 3720 Nostrum

298 3753 357 3816 erit
378 3773 529 3835 exponere
557 3754 697 3831 breviter,
726 3776 803 3839 quae
825 3759 1002 3838 gravissima
1024 3768 1093 3822 suut
1115 3760 1151 3822 ad
1175 3757 1331 3822 orientalis
1354 3754 1494 3822 ecciesiae
1514 3764 1555 3808 su·

295 3873 378 3919 cram
400 3854 616 3937 supellectilem
638 3859 877 3939 perlustrandam
900 3870 931 3924 et
951 3859 1204 3942 perspiciendam.

380 3957 405 4020 i.
427 3957 568 4022 Summae
590 3959 776 4022 auctoritatis
793 3970 840 4024 est
853 3961 1110 4040 Litnrgiarum
1126 3961 1243 4024 Liber
1263 3962 1351 4024 Russ.
1367 3947 1553 4023 Schiubesch·

295 4057 357 4133 nii,
381 4058 412 4121 iu
428 4077 487 4140 quc
502 4059 662 4123 missarum
677 4061 923 4126 celebrandarum
938 4063 1035 4128 series
1049 4062 1192 4126 habetur:
1215 4061 1338 4125 ioannis
1353 4046 1553 4140 chrysostomi.

295 4159 400 4223 Basilii
415 4159 515 4241 Magni
536 4161 677 4242 illiusque
699 4182 788 4245 quam
809 4173 917 4228 vocant
937 4157 1223 4250 προηγιασμένων.
1254 4163 1332 4226 Sunt
1353 4161 1440 4225 etiam
1460 4146 1553 4220 noeti,

202 4281 207 4292 ·
296 4261 329 4324 in
356 4261 466 4342 quihus
487 4261 579 4326 Missa
602 4263 806 4346 chrysostomi
836 4267 1016 4330 continetur.
1059 4265 1092 4330 si
1120 4263 1268 4329 accedunt
1294 4264 1331 4327 ad
1358 4251 1553 4326 missorius

383 4515 407 4576 1)
425 4517 686 4571 PrimaDissertaticne
702 4519 784 4583 viginti
801 4521 1007 4572 treaGraeccrnm
1026 4519 1102 4572 libras
1120 4521 1298 4572 ecclesiastices
1316 4498 1554 4584 perscrutamini·

298 4599 414 4663 singulari
438 4605 534 4664 negotio
559 4603 665 4668 disputet
691 4603 721 4653 do
739 4603 847 4665 Triodia,
871 4603 1053 4657 Pentecostario
1077 4613 1101 4657 et
1119 4603 1275 4668 inrecisum,
1300 4601 1457 4655 recentiorum
1473 4587 1556 4641 attitu-

298 4685 385 4736 mentia
403 4685 494 4752 passim
512 4685 689 4741 haereticarum
708 4686 763 4740 labe
781 4688 914 4754 adspersis.
