3388 5304
736 427 810 502 625

214 608 300 685 ’Ότι
332 607 380 684 σὺ
412 607 444 682 εἰ
468 607 490 704 ή
517 608 614 710 πηγὴ
639 619 718 686 τῶν
743 610 929 706 ἰαμάτων,
957 610 1096 708 Χριστί
1123 611 1143 688 5
1172 612 1260 699 Θεὸς
1283 613 1406 711 ήμῶν,

132 708 198 786 καί
225 710 284 785 σοί
308 709 384 806 τήνι
403 707 519 794 δόξαν
545 712 825 808 ἀναπέμπομεν,
850 723 906 812 τῷ
926 714 1051 813 πατρί,
1077 715 1213 812 καὶτῷ
1231 717 1316 814 υἱῷ,
1342 715 1408 792 καί

131 820 189 908 τῶ
221 810 320 913 ἁγίῳ
352 809 549 904 πνεύμων,
581 822 655 890 νῦν
686 816 750 889 καὶ
781 816 852 904 ἀεί,
885 815 949 889 καί
974 820 1025 900 εἰς
1048 815 1136 901 τοὺς
1162 822 1305 902 αἰῶνας
1327 826 1407 894 τῶν

133 910 297 988 αἰῶνων.

217 1027 317 1119 Λάτη
344 1025 365 1118 ή
394 1023 470 1116 εάχή
498 1029 629 1116 λέγεται
655 1027 735 1116 παρ’
764 1027 838 1111 ἑνὸς
866 1027 1006 1100 ἑκάστου
1033 1039 1101 1101 τῶν
1128 1029 1242 1120 ίερέων
1261 1033 1347 1120 μετὰ
1366 1033 1407 1103 τὸ

132 1128 243 1199 εἰπεῖν
269 1130 309 1197 τὸ
336 1125 537 1216 εὐαγγέλιον,
563 1129 621 1198 καί
646 1131 707 1220 τήν
734 1129 839 1220 εάχήν,
865 1129 1025 1219 χριόνσων
1051 1132 1122 1221 ἅμα
1148 1141 1197 1226 τῷ
1224 1133 1326 1224 ἐλαίῳ
1346 1133 1407 1203 τάν

131 1237 304 1301 νοσοῦντα.
345 1228 467 1300 Ἰστέον
489 1231 527 1300 ἀί
548 1228 602 1299 ὅτι
623 1227 642 1300 5
661 1227 869 1315 Ἀπόστολος
888 1235 984 1322 παρὰ
1003 1243 1065 1304 τοῦ
1087 1235 1242 1306 διακόνου
1263 1237 1406 1326 λέγεται.

653 1366 887 1454 Προκείμενου.

210 1465 330 1567 Ἰσχάς
353 1498 429 1566 μου
454 1466 518 1544 καί
543 1469 701 1568 ὕμνησίς
725 1500 800 1560 μου
827 1471 847 1547 5
872 1469 1008 1569 κύριος.

218 1585 345 1670 Σιίχος.
393 1569 598 1648 Παιάεύων
623 1571 820 1648 ἐπαίδευσέ
840 1602 886 1669 με
914 1574 934 1648 5
958 1571 1094 1673 κύριος.

218 1704 312 1793 Πρὸς
320 1700 501 1789 Ῥωμαίους
514 1703 696 1793 ἐπιστολῆς
704 1701 845 1774 Παύλου
859 1705 898 1776 τὸ
914 1702 1113 1795 ἀνάγνωσμα
1126 1714 1212 1778 Rom.
1224 1718 1304 1790 ο.15,
1315 1717 1407 1780 1-7.

211 1805 435 1905 Ἀλληλούϊα.

218 1922 345 2010 Στίχος.
396 1908 450 1986 Τὰ
476 1909 553 2004 ε’λέη
580 1934 662 1997 σου,
687 1907 812 2008 Κύριε.

217 2039 421 2130 Εάαγγέλιον
440 2038 594 2128 δεύτερον
615 2039 651 2110 ἐκ
671 2049 732 2110 τοῦ
752 2043 837 2110 κατὰ
857 2049 999 2112 Λουκᾶν
1019 2051 1246 2126 ο.19,1-10.

211 2148 380 2242 Ἐλέησον
403 2145 502 2240 ἡμᾶς
527 2145 548 2220 5
576 2146 663 2230 θεὸς
687 2145 782 2220 κατὰ
807 2146 851 2220 τὸ
876 2147 972 2248 μέγα
998 2143 1095 2232 ἔλεός
1120 2172 1200 2223 σου.

207 2250 284 2321 Ἔτι
302 2245 468 2340 δεόμεθα
484 2245 577 2343 ὑπέρ
595 2249 726 2335 ἐλέους,
749 2246 856 2344 ζωῆς,
877 2248 1034 2347 εἰρήνης,
1051 2248 1191 2351 ὑγείας,
1210 2247 1404 2345 σωτηρίας.

212 2348 317 2446 Ὑπέρ
341 2357 410 2423 τοῦ
436 2351 728 2449 συγχωρηθῆναι
755 2349 870 2448 αὐτῷ.

207 2451 291 2530 Ὅτι
318 2448 491 2548 ἐλεήμων.

651 2561 690 2632 Ὁ
712 2563 874 2648 διάκονος.

222 2675 298 2746 Τοῦ
325 2667 467 2767 Κυρίου
494 2667 703 2766 ἀεηθῶμεν.

497 2815 535 2886 ‘0
558 2815 710 2906 δεύτερος
732 2815 838 2906 ἱερεὺς
857 2819 918 2908 τήν
938 2792 1043 2910 εάχήν.

131 3022 374 3116 κακούμενος,
406 3023 430 3122 ή
462 3032 527 3120 τῆς
560 3022 694 3123 σοφίας
726 3051 835 3126 πηγη,
867 3053 890 3120 η
923 3053 987 3119 της
1019 3023 1255 3126 αγαθότητος
1288 3029 1406 3110 ὅντως

133 3125 409 3221 ἀνεξιχνίαστσς
443 3125 621 3221 ἄβυσσος,
657 3124 721 3198 καί
752 3131 817 3221 τῆς
849 3122 1120 3227 εὐσπλαγχνίας
1146 3123 1405 3224 ἀπεριόριστον

132 3229 301 3329 πέλαγος.
351 3226 476 3311 Αὐτὸς
508 3224 755 3326 φιλάνθρωπε
788 3223 961 3314 δέσποτα,
996 3225 1016 3302 ὃ
1049 3235 1127 3302 τῶν
1165 3226 1405 3322 προαιωνίων

131 3331 196 3406 καὶ
229 3329 462 3418 θαυμασίων
491 3328 590 3417 Θεὸς,
626 3327 671 3402 ἀν
704 3325 826 3411 οὐδεὶς
858 3324 1078 3424 ἀνθρώπων
1110 3331 1253 3406 ἐννοῶν
1286 3325 1404 3425 ἰσχύει

131 3429 435 3530 καταλαβέσθαι·
476 3432 698 3526 ἐπίβλειμον,
740 3426 955 3512 εἰςάκουσον
985 3429 1095 3528 ἡμῶν
1127 3437 1205 3504 τῶν
1238 3431 1405 3516 ἀναξίων

134 3531 283 3610 δούλων
317 3557 399 3622 σου,
431 3531 495 3608 καί
529 3531 622 3608 ὅπου
655 3529 714 3605 ἐπὶ
747 3539 802 3628 τῶ
828 3527 986 3626 ὀνόματί
1011 3559 1079 3608 σου
1105 3539 1160 3629 τῷ
1185 3534 1335 3634 μεγάλῳ
1360 3532 1405 3608 τὸ

134 3638 258 3712 ἔλαιον
290 3643 402 3710 τοῦτο
434 3631 680 3735 προςάγομεν,
717 3631 963 3729 κατάπεμψον
994 3641 1059 3729 τῆς
1091 3642 1159 3730 σῆς
1189 3633 1332 3733 δωρεᾶς
1356 3634 1405 3708 τά

133 3735 298 3833 ἰάματα,
337 3736 402 3812 καὶ
435 3737 570 3834 ἄφεσιν
604 3733 811 3833 ἁμαρτιῶν.
864 3734 939 3808 Καὶ
969 3739 1074 3810 ἰἀσαι
1107 3735 1244 3822 αὐτοὺς
1277 3739 1318 3812 ἐν
1350 3743 1404 3834 τῷ

132 3837 268 3931 πλήθει
300 3845 369 3913 τοῦ
401 3837 522 3922 ἐλέους
553 3862 633 3913 σου.
685 3836 774 3924 Ναί,
806 3833 920 3933 Κύριε
953 3835 1203 3926 εάἀιάλλακτε,
1245 3837 1264 3914 ὃ
1290 3835 1405 3933 μόνος

134 3941 300 4037 ἐλεήμων
333 3938 398 4014 καὶ
433 3935 725 4038 φιλάνθρωπος,
764 3937 783 4013 5
818 3945 1015 4032 μετανοῶν
1049 3939 1107 4013 ἐπὶ
1143 3945 1224 4023 ταῖς
1259 3939 1405 4023 κακίαις

132 4041 256 4140 ἡμῶν,
284 4040 304 4116 5
331 4038 439 4124 εἰάῶς
465 4038 521 4116 ὅτι
547 4041 702 4142 ἔγκειται
728 4038 750 4136 ή
777 4036 926 4114 διάνοια
956 4047 1025 4114 τοῦ
1051 4039 1262 4140 ἀνθρώπου
1280 4040 1338 4114 ἐπί
1354 4039 1403 4113 τά

6 4170 14 4206 ⁵
133 4141 278 4240 πονηρά
311 4147 351 4217 ἐκ
382 4138 552 4238 νεότητος
583 4143 714 4228 αὐτοῦ,
749 4140 769 4215 ὁ
801 4140 854 4236 μὴ
885 4140 1011 4216 θέλων
1043 4141 1111 4218 τὸν
1135 4139 1309 4217 θάνατον
1334 4149 1403 4216 τοῦ

9 4276 16 4287 ·
133 4245 374 4342 ἀμαρτωλοῦ,
401 4243 452 4328 ῶς
475 4242 518 4317 τὸ
544 4245 759 4338 ἐπιπρέψαι
784 4242 848 4318 καὶ
874 4242 942 4338 ζῆν
964 4243 1094 4330 αὐτὸν,
1122 4241 1223 4316 ὃάιά
1239 4240 1308 4337 τὴν
1324 4249 1403 4316 τῶν

134 4346 371 4445 ἁμαρτωλῶν
396 4343 584 4441 σωτηρίαν
609 4341 917 4440 ε’νανθρωπήσας,
948 4343 1034 4427 Θεὸς
1050 4345 1118 4431 ἀέν,
1142 4341 1206 4416 καὶ
1223 4341 1403 4426 πλασθείς

133 4448 199 4525 διὰ
224 4447 267 4523 τὸ
292 4443 444 4542 πλάσμα
471 4473 551 4521 σου.
578 4445 642 4520 Σὺ
667 4445 698 4518 εἰ
724 4445 744 4518 5
771 4443 901 4519 εἰπών·
929 4447 998 4520 οὐκ
1022 4441 1144 4540 ἦλθον
1168 4443 1317 4518 καλέσαι
1343 4441 1402 4517 (ἰν-

7 4605 9 4628 ,
132 4549 275 4640 ναίους,
308 4549 402 4624 ἀλλὰ
435 4547 678 4646 ἁμαρτωλοὺς
709 4552 759 4631 εἰς
782 4543 998 4643 μετάνοιαν.
1051 4544 1115 4620 Σὺ
1140 4543 1171 4618 εί
1197 4543 1216 4619 5
1241 4543 1284 4620 τὸ
1310 4542 1402 4639 πρό-

8 4689 16 4707 »
131 4653 256 4750 βατον
282 4646 438 4748 ζητήσας
462 4649 505 4726 τὸ
532 4645 729 4733 ἀπολωλός.
779 4647 843 4724 Σὺ
869 4648 890 4724 5
915 4647 985 4745 τὴν
1016 4645 1273 4744 ἀπολλυμένην
1305 4644 1400 4746 ἀρα-
