3378 5302
763 1371 989 1465 CAPUT
1026 1373 1099 1465 llI.

701 1579 923 1644 nrruners
954 1580 986 1644 s.
1013 1507 1160 1644 nauci.

388 1778 439 1870 Ut
460 1807 569 1870 vitetur
597 1808 740 1872 orationis
762 1809 915 1888 longitudo
938 1807 1039 1890 operis
1060 1807 1158 1870 nostri
1181 1808 1305 1872 consilio
1327 1809 1489 1873 admodum
1511 1809 1576 1876 ini-

293 1911 379 1984 mica,
403 1910 434 1972 id
455 1929 516 1972 non
531 1911 723 1990 repetendum
745 1911 861 1974 videtur
883 1910 1138 1990 eProlegomenis
1152 1909 1287 1974 lacobaei
1309 1912 1407 1986 officii,
1431 1911 1513 1992 quod
1535 1913 1577 1976 ad

292 2013 423 2074 Marcum
445 2030 563 2092 quoque
584 2012 724 2093 pertinet.
769 2011 875 2074 Restat
894 2019 929 2074 ut
949 2011 987 2073 de
1007 2011 1199 2075 Alexandriae
1220 2012 1355 2092 liturgiae
1377 2013 1577 2092 editionibus,

294 2112 390 2192 deque
412 2111 476 2174 eius
499 2112 529 2174 in
551 2113 684 2175 Africana
707 2112 874 2176 Christiana
894 2113 1058 2195 propagine
1077 2132 1171 2194 pauca
1191 2132 1449 2194 praemoneamur.

378 2213 542 2275 loannes
556 2233 573 2276 a
589 2214 619 2276 S.
634 2213 781 2276 Andrea
795 2213 963 2276 eanonicus
972 2214 1160 2290 Parisieusis,
1174 2234 1239 2278 cum
1252 2215 1311 2290 „ad
1323 2224 1498 2278 novatorum
1511 2217 1578 2280 im-

291 2324 380 2397 petus
395 2314 622 2376 retundendos“
643 2313 830 2394 liturgiarum
846 2315 1030 2394 antiquarum
1046 2315 1200 2378 moliretur
1214 2317 1385 2392 editionem,
1408 2318 1521 2380 curavit
1536 2317 1575 2381 G.

293 2416 461 2478 Sirletus
471 2415 643 2489 Cardinalis,
660 2423 692 2477 ut
702 2415 830 2478 S.blarci
845 2435 964 2498 quoque
979 2417 1109 2479 officium
1118 2436 1154 2480 ex
1161 2416 1268 2480 Codice
1275 2418 1468 2493 llossanensi,
1481 2437 1577 2498 quem

294 2537 384 2597 supra
400 2516 696 2579 commemoravimus
710 2518 791 2597 pen
806 2517 1028 2581 describeretur
1042 2526 1072 2581 et
1094 2537 1181 2598 quam
1202 2518 1425 2598 diligentissime
1437 2538 1504 2582 cum
1516 2539 1574 2582 ex-

294 2619 417 2699 emplari
439 2619 587 2692 collatum,
609 2619 673 2680 viro
695 2619 810 2681 erudito
827 2627 856 2682 et
871 2619 929 2682 sibi
943 2619 1038 2682 amico
1053 2620 1230 2684 mitteretur.
1260 2620 1310 2682 Sic
1323 2619 1434 2701 prodiit
1447 2620 1579 2686 Parisiis

294 2739 374 2784 anno
387 2721 518 2786 1583.8.
532 2719 665 2800 Liturgia
680 2720 807 2783 S.llarci
822 2740 888 2784 cum
903 2721 1040 2784 versione
1055 2721 1154 2797 latina,
1171 2729 1307 2802 excerpta
1322 2740 1358 2783 ex
1369 2721 1575 2786 Clementina-

294 2841 361 2884 rum
373 2821 619 2885 constitutionum
634 2820 710 2884 libro
726 2830 830 2884 octavo
840 2841 874 2885 ac
886 2815 1090 2908 διασαφήσει
1100 2823 1159 2908 τῆς
1170 2814 1378 2898 ἀκολουθίας
1388 2825 1453 2886 τῶν
1464 2817 1575 2910 ὡρῶν.

293 2922 389 2985 Poma
406 2923 547 2986 translata
563 2932 609 2986 est
624 2923 654 2985 in
669 2922 868 2986 Bibliothecae
883 2924 1014 2998 Petrum,
1039 2923 1149 2986 Graece
1164 2933 1195 2985 et
1208 2922 1312 2984 Latine
1327 2923 1357 2985 in
1373 2925 1502 2988 'l'omurn
1518 2945 1573 2990 se·

109 3049 113 3062 ·
217 3039 218 3042 ’
294 3025 421 3087 cundum
435 3025 564 3088 Auctarii
578 3024 735 3098 Ducaeani,
758 3025 885 3087 Tamum
908 3025 1114 3088 duodecimum
1134 3023 1333 3088 Bibliothecae
1347 3025 1405 3088 PP.
1420 3027 1577 3091 llorellia-

293 3145 359 3189 nae.
374 3126 504 3190 Posthac
518 3125 709 3189 Eusebius
724 3125 971 3190 lienaldotius
986 3129 1185 3192 Romael'lOl
1204 3127 1234 3189 in
1249 3125 1428 3190 bibliotheca
1441 3127 1572 3192 Basilia-

292 3247 399 3290 norum
414 3229 627 3291 blonachorum
643 3227 822 3290 Graecorum
838 3228 969 3291 codicem
984 3227 1205 3290 hossanensem
1221 3227 1328 3290 iterum
1344 3230 1480 3291 hactavit
1502 3231 1574 3304 „is-

292 3347 349 3410 que
372 3330 512 3410 optimus,
534 3329 742 3410 integerrimus
759 3338 788 3392 et
802 3348 948 3392 annorum
962 3331 1078 3393 circiter
1092 3337 1301 3392 sexcentorum
1316 3330 1398 3392 visus
1414 3335 1481 3393 est“
1498 3331 1575 3394 Viro

290 3429 396 3492 Docto.
439 3430 565 3512 Agnovit
592 3431 622 3492 in
651 3430 769 3511 liturgia
797 3429 829 3492 S.
858 3431 947 3494 hlarci
976 3432 1159 3494 orthodoxae
1187 3431 1328 3494 ecclesiae
1356 3431 1576 3497 Alexandrinae

291 3529 448 3610 liturgiam,
476 3550 515 3593 ne
536 3530 658 3593 verbulo
682 3531 801 3612 quidem
823 3540 1012 3613 spargentem
1032 3533 1306 3613 hlonophysitarum
1328 3531 1485 3595 haeresin:
1516 3543 1579 3610 „et

292 3631 357 3693 talis
383 3631 488 3710 procul
516 3630 605 3694 dubio
628 3630 754 3696 debebat
775 3652 843 3696 esse
861 3633 1003 3715 Liturgia,
1026 3653 1100 3714 quae
1122 3634 1200 3715 apud
1216 3633 1345 3697 Graecos
1366 3635 1397 3696 in
1418 3633 1577 3698 Calabriae

291 3733 481 3794 monasteriis
503 3734 682 3796 constitutos
705 3743 793 3814 atque
807 3735 882 3798 adeo
897 3736 1081 3798 orthodoxos
1096 3735 1296 3816 usurpabatur
1310 3737 1415 3810 forma,
1431 3735 1461 3796 in
1477 3736 1572 3799 rebus

291 3835 328 3896 ad
350 3834 438 3895 fidem
461 3835 673 3915 spectantibus,
697 3836 754 3898 etsi
774 3836 851 3899 ritus
874 3845 904 3899 et
925 3837 1086 3912 orationes,
1110 3844 1192 3900 esset
1212 3837 1291 3899 inter
1313 3855 1377 3899 eam
1400 3844 1429 3898 et
1443 3837 1576 3902 usitatas

290 3935 322 3997 in
349 3935 471 3998 ecclesia
493 3934 818 4019 Constantinopolitano
846 3938 1005 4002 discrimen
1032 3957 1093 4000 non
1122 3938 1270 4000 mediocre
1298 3938 1352 4000 sed
1379 3937 1573 4002 innoxium.“

290 4035 406 4099 Excusa
429 4045 476 4099 est
496 4037 560 4100 Divi
582 4039 671 4102 Marci
692 4039 825 4120 Liturgia
847 4040 879 4102 in
901 4040 996 4102 roma
1017 4037 1449 4102 RenaldotianaeCollectionis
1471 4040 1575 4104 Priori

290 4157 323 4218 p.
340 4141 507 4206 rao-148
530 4142 577 4202 ed.
600 4145 631 4205 2.
675 4140 808 4204 Retinuit
837 4141 1008 4204 versionem
1034 4141 1155 4203 loannis
1183 4160 1209 4203 a.
1239 4140 1271 4203 S.
1292 4141 1408 4204 Andrea
1437 4141 1573 4218 latinam,

290 4239 345 4302 sed
373 4240 508 4321 pluribus
529 4241 605 4304 locis
633 4243 834 4319 emendatam,
862 4242 893 4305 in
922 4261 1027 4322 graeco
1051 4243 1139 4306 etiam
1161 4251 1242 4306 textu
1263 4241 1406 4305 nonnulla
1427 4246 1573 4306 correxit.

291 4339 458 4403 llenaldotii
481 4343 642 4406 editionem
666 4344 1091 4425 expresseruntFabricius
1113 4346 1143 4407 in
1159 4344 1276 4407 Codicis
1291 4343 1573 4425 Apocrypbi'l'omo

291 4441 379 4504 tertio
401 4447 613 4523 paee-312
636 4453 665 4508 et
686 4445 712 4508 N
718 4446 839 4508 ealius
862 4445 893 4508 in
909 4445 1075 4527 Tetralogia
1095 4446 1238 4528 liturgica.
1282 4446 1386 4510 Exstat
1411 4453 1571 4526 praeterea

290 4543 322 4604 in
342 4541 534 4606 Bibliothecis
556 4545 688 4611 Petrum.
730 4547 807 4611 Edit.
829 4547 923 4629 Lugd.
940 4546 977 4609 ll.
998 4566 1028 4628 p.
1045 4551 1161 4618 9-14.
1203 4549 1323 4612 Auctor.
1345 4546 1454 4610 Ducaei
1477 4546 1572 4612 Tum.
