3388 5304
701 434 770 508 641

626 611 666 682 ‘O
686 615 851 697 διάκονος.

179 701 254 774 Ἔτι
279 699 343 776 καὶ
368 701 432 774 ἔτι·
477 715 548 784 Καί
568 715 611 784 τὸ
633 717 730 807 ἕτερα
744 720 807 788 οιαὶ
826 719 912 806 μετὰ
933 721 992 810 τήν
1013 719 1209 814 ὐκφυίνησιν.

638 851 834 924 Κοντάκιον.

185 953 299 1030 Μετὰ
330 962 409 1031 τῶν
442 953 563 1057 ἆγίων
594 954 829 1048 ἀνάπαυσον,
865 955 1018 1056 Χριστέ,
1052 957 1123 1060 τὴν
1154 966 1280 1060 ψυχὴν
1306 969 1375 1038 τοῦ

100 1053 241 1132 ὸοιίλου
275 1081 357 1146 σου,
391 1058 489 1132 ἔνθα
515 1057 585 1132 οὐκ
610 1060 686 1135 ἔστι
712 1057 837 1150 πόνος,
870 1062 915 1137 οὐ
942 1059 1050 1160 λύπη,
1084 1063 1130 1139 οὐ
1156 1063 1374 1165 στεναγμὸς,

99 1158 194 1234 ἀλλὰ
222 1158 297 1257 ζωῆ
325 1156 569 1256 ἃτελεύιητος.
900 1169 902 1172 ’

640 1306 679 1376 Ὁ
701 1303 831 1394 οἶκοςλ)

183 1413 308 1498 Αὐτὸς
331 1409 448 1508 μόνος
471 1409 648 1507 ὑπάρχεις
673 1411 880 1503 ἀθάνατος,
918 1412 938 1489 ὸ
963 1412 1119 1513 ποιήσας
1142 1417 1207 1492 καὶ
1230 1413 1376 1502 πλάσας

98 1514 169 1592 τὸν
196 1516 417 1612 ἄνθρωπον.
462 1515 509 1592 Οἱ
533 1514 667 1611 βροτοί
691 1511 761 1590 οὐν
785 1519 827 1592 ἐκ
851 1525 919 1616 γῆς
943 1514 1225 1616 ὸιεπλάσθημεν
1243 1518 1309 1594 καὶ
1324 1524 1376 1604 ελς

97 1626 172 1719 γῆν
197 1615 267 1713 τὴν
292 1615 412 1713 αὐτὴν
437 1612 714 1712 πορευσόμεθα,
742 1617 875 1701 καθώς
899 1620 1089 1703 ἐκέλευσας
1115 1620 1135 1695 ὸ
1160 1617 1304 1705 πλάσας
1328 1648 1375 1712 με

97 1719 163 1794 καί
195 1715 310 1794 εἰπάν
341 1746 424 1814 μοι·
459 1717 519 1792 ὅτε
544 1725 591 1819 γῆ
618 1716 650 1792 εί
674 1716 738 1793 καὶ
763 1723 813 1803 ελς
837 1727 910 1821 γῆν
935 1718 1130 1817 ἀπελεόση,
1158 1719 1252 1798 ὅπου
1278 1721 1375 1798 πάν-
1444 1763 1447 1771 ·

97 1849 156 1906 τες
181 1819 314 1918 βροτοὶ
339 1817 617 1918 πορευσόμεθα,
642 1817 839 1918 ἐπιτάφιον
865 1823 1015 1922 θρῆνον
1039 1831 1231 1908 ποιοῦντες
1257 1822 1375 1921 ᾠὸὴν,

96 1922 140 1998 τὸ
169 1917 379 2019 ἀλληλοάϊα.
892 1949 893 1952 ’
1190 1963 1194 1970 ’

184 2037 256 2106 Καὶ
276 2035 380 2107 πάλιν
400 2035 440 2106 τὸ
469 2020 582 2098 Μετὰ
607 2030 686 2098 τῶν
711 2019 832 2125 ἁγίων
857 2019 1092 2114 ἀνάπαυσον,
1120 2023 1270 2122 Χριστί.

606 2157 698 2261 Ὦιὸὴ
728 2168 864 2264 ἑβδόμη.

184 2275 458 2372 Λυτρωθίντες
496 2284 551 2374 τῷ
591 2284 647 2373 σῷ
680 2278 810 2373 αἵματι
844 2275 880 2352 οἱ
911 2273 1098 2376 μάρτυρες
1129 2285 1195 2375 τῆς
1226 2274 1375 2377 πρώτης

98 2376 362 2477 παραβάσεως,
396 2377 658 2474 ῥαντισθίντες
691 2375 733 2453 ὸί
765 2385 820 2476 τῷ
844 2377 932 2476 ἰὸίῳ
958 2381 1089 2476 αἵματι
1112 2379 1182 2477 τὴν
1208 2379 1279 2476 σὴν
1305 2404 1374 2456 σα-

98 2490 183 2580 φῶς
209 2479 438 2570 ελκωνίζουσι
465 2477 652 2582 σφραγὴν,
679 2479 875 2582 εὐλογητὸς
900 2479 932 2554 εί
958 2480 977 2556 ὸ
999 2479 1088 2567 Θεὸς
1113 2480 1133 2556 ὸ
1157 2489 1238 2557 τῶν
1263 2481 1375 2558 πατί-

99 2611 181 2680 ρων
207 2581 328 2678 ἡμῶν.

188 2678 477 2776 Θρασυνόμενον
493 2681 562 2758 τὸν
586 2679 760 2759 θάνατον
786 2684 1003 2780 ἐνίκρωοας,
1029 2680 1132 2786 Λόγε
1159 2681 1375 2784 ζωαρχικιό-

98 2815 201 2874 τατε,
227 2784 295 2861 τὸν
311 2787 352 2861 ἐν
369 2785 488 2859 πίστει
505 2783 546 2860 ὸὸ
563 2786 794 2880 κοιμηθέντα
812 2785 1007 2884 πρόςὸεξαι
1025 2795 1073 2882 τῇ
1091 2795 1152 2882 σῇ,
1178 2785 1375 2882 ὑμνοῦντα

97 2887 163 2963 καὶ
196 2887 351 2991 λέγοντα
375 2886 526 2986 Χριστέ.
579 2887 787 2988 Εὐλογητὸς
818 2887 850 2962 εί
885 2886 904 2961 ὸ
934 2887 1021 2972 Θεὸς
1054 2887 1177 2963 ὁτῶν
1203 2889 1376 2989 πατέρων

96 2989 220 3088 ἡμῶν·

121 3159 122 3164 ,
179 3090 224 3167 ‘0
247 3085 429 3188 ψυχαίσας
460 3117 507 3184 με
532 3087 610 3166 τὸν
627 3089 837 3182 ἄνθρωπον
863 3084 1057 3186 φυσήματι
1084 3089 1191 3186 θείῳ,
1218 3091 1374 3188 θεαρχι-

96 3189 254 3280 καίτατε,
280 3190 348 3266 τὸν
372 3187 609 3288 μεταστάντα
634 3188 838 3287 βασιλείας,
872 3189 1047 3280 ιίίσποτα,
1079 3199 1144 3286 τῆς
1171 3198 1236 3288 σῆς
1261 3191 1374 3276 ἀξίω-

99 3322 170 3372 σον
196 3289 352 3392 ψάλλειν
377 3316 436 3367 σοι
462 3287 597 3391 σωτήρ.
650 3289 858 3393 Εὐλογητὸς
886 3289 917 3366 εί
950 3289 970 3366 ὸ
1001 3290 1087 3378 Θεὸς
1113 3290 1133 3366 ὸ
1159 3300 1238 3367 τῶν
1262 3291 1372 3366 πατί-

98 3424 181 3497 ρων
210 3393 331 3491 ἡμῶν.

627 3505 835 3578 ’Θεοτόκιοα

180 3611 374 3711 Ὑπερτίρα
391 3608 510 3710 πάσης
525 3611 689 3702 κτίσεως,
715 3609 937 3708 πανάμωμε,
960 3611 1116 3714 γέγονας
1133 3613 1375 3710 συλλαβοῦσα

103 3715 198 3795 Θεὸν
222 3714 291 3792 τὸν
317 3714 577 3813 συντρίψαντα
602 3723 671 3790 τοῦ
696 3712 872 3790 θανάτου
890 3711 1008 3797 πάλας
1023 3712 1087 3787 καὶ
1103 3713 1265 3808 μοχλοὺς
1283 3741 1374 3792 συν-

99 3815 314 3896 θλάσαντα.
331 3815 453 3894 Ὅθεν
479 3815 533 3906 σί,
558 3815 668 3919 ἁγνὴ,
693 3814 978 3918 ὑμνολογοῦμεν
1003 3815 1039 3889 οἱ
1055 3819 1190 3904 πιστοί,
1217 3813 1268 3901 ὥς
1284 3819 1374 3892 θεο-

99 3918 258 4019 μίμορα.

191 4195 214 4257 1)
233 4195 314 4260 Τηρίι.
325 4189 498 4244 Consi.1851:
516 4178 619 4256 ,Οἶκος
634 4187 750 4258 λέγεται,
768 4183 864 4250 ἐπειδὴ
881 4180 975 4244 καθιὸς
992 4178 1008 4238 ὸ
1025 4177 1100 4244 ολκος
1117 4187 1237 4255 περιέχει
1254 4179 1304 4250 τὴν
1321 4199 1375 4238 πε-

102 4280 231 4347 ριουσίαν
249 4275 296 4328 τοῦ
313 4267 433 4343 ἔχοντες,
458 4266 528 4324 οὕτω
552 4271 600 4322 κοιλ
615 4267 638 4328 ,ὸ
662 4264 737 4329 οἶκος
753 4274 873 4338 περιέχει
892 4269 923 4324 ἐν
940 4269 1028 4336 ἐαυτῷ
1046 4269 1157 4321 ἅπαντα
1176 4266 1208 4321 ιὰ
1228 4270 1276 4321 τοῦ
1292 4264 1376 4338 ἁγίου

101 4361 151 4412 καλ
168 4358 213 4425 τῆς
229 4357 336 4426 ἑορτῆς·
355 4350 371 4426 ἢ
387 4351 482 4416 καθείς
498 4355 526 4408 οί
535 4347 655 4422 Ιἀστέρες
671 4359 867 4424 περιφέρονται
885 4355 932 4406 καλ
949 4357 1088 4406 κινοῡνιαι
1104 4351 1135 4405 ἐν
1152 4357 1208 4412 τοῖς
1218 4349 1273 4406 καί
1287 4349 1375 4421 οὐρα·

103 4439 156 4497 νὸν
176 4444 356 4512 καλουμένας
377 4444 464 4501 οἴκοις
485 4435 586 4504 αὐτῶν,
611 4437 682 4491 οὕτω
705 4438 754 4490 κιιλ
776 4439 803 4491 οί
826 4433 901 4506 ἅγιοι
919 4438 1012 4504 νοητολ
1029 4429 1115 4503 ὄντες,
1132 4441 1249 4508 μένουσι
1265 4438 1314 4490 κιιλ
1330 4455 1375 4488 κι-

102 4531 220 4582 νοῦνται
241 4525 273 4583 λν
295 4527 351 4586 τοῖς
372 4528 459 4586 οἴκοις
480 4525 529 4578 τοῦ
551 4520 739 4593 στερειόμοτος
761 4523 806 4590 τῆς
829 4522 981 4590 ἐκκλησίας,
1003 4509 1021 4588 ἦ
1043 4522 1091 4573 κιιλ
1107 4521 1140 4574 ἐν
1157 4525 1216 4580 ταῖς
1232 4519 1376 4592 οὐρανίαις

103 4611 235 4678 μσνιιῒς.“
270 4612 333 4662 Bone
357 4621 481 4678 εοωριειι
505 4615 597 4664 (ἔσεται
623 4610 737 4662 Italorum
757 4611 886 4671 sunzo,
911 4619 1011 4675 propter
1028 4611 1188 4675 stropharum
1211 4611 1258 4660 sibi
1282 4609 1374 4660 ελοοι-

104 4699 209 4750 ειοιλιισι
227 4698 346 4760 ordinem,
364 4699 433 4764 quasi
450 4699 528 4750 ιιιλιε
546 4698 616 4748 unius
634 4689 788 4748 λιιίιίιιιίοοῑι
804 4695 853 4745 εἰσι
870 4697 1070 4758 continuamus.
