3394 5308
947 403 1013 508 Ιω

353 675 356 682 ,
427 592 487 667 IV·
520 601 590 694 Ἐφ’
614 600 741 691 ἑκάστῳ
764 598 959 683 delenitum,
981 590 1027 668 τόν
1048 595 1067 667 ό
1090 592 1243 678 διάκονος
1257 599 1460 688 προςφωνεῖ,
1482 591 1529 676 ὡς
1542 619 1638 683 προ-

351 705 502 794 είπομεν,
530 707 652 793 λεγέτω
673 699 692 772 ό
714 701 811 783 λαός·
836 685 950 785 Κύριε
976 687 1123 783 ἐλέησον
1149 699 1207 768 καί
1232 698 1301 786 πρὸ
1322 696 1459 766 πάντων
1477 696 1522 766 τὰ
1543 721 1639 766 παι-

352 809 449 894 ‹llud›
493 804 683 876 Κλινόντων
705 805 743 876 δὲ
764 801 873 872 αὐτῶν
893 803 954 884 τὰς
974 801 1134 894 κεφαλὰς,
1157 797 1332 889 εὐλογείτω
1354 798 1475 880 αὐτοὺς
1488 796 1639 885 όχειρο-

349 908 506 1000 πονηθεὶς
527 905 714 987 ἐπίσκοπος
736 902 887 996 εῦλογίαν
907 902 1059 976 τοιόνδε·
1081 889 1125 966 Ὁ
1153 888 1241 972 Θεὸς
1258 887 1277 962 ὅ
1295 883 1581 986 παντοκράτωρ,
1614 883 1637 962 ὅ

351 999 552 1099 ἀγέννητος
576 995 639 1072 καί
665 990 871 1092 ἇπρόςιτος,
898 992 918 1070 ὃ
944 990 1059 1084 μόνος
1079 990 1261 1087 ἀληθινὸς
1285 988 1384 1082 Θεὸς,
1411 989 1431 1065 ὃ
1456 987 1544 1072 Θεὸς
1565 986 1639 1064 καὶ

351 1098 472 1196 πατὴρ
507 1105 576 1172 τοῦ
601 1102 770 1194 Χριστοῦ
804 1120 873 1170 σου
904 1103 974 1170 τοῦ
1006 1121 1100 1190 μονο
1127 1099 1233 1176 ενοῦς
1257 1092 1344 1167 υἱοῦ
1371 1115 1453 1180 σου,
1491 1091 1511 1167 ὁ
1541 1088 1640 1175 Θεὸς

350 1208 419 1275 τοῦ
452 1195 701 1296 παρακλήτων,
735 1196 799 1272 καὶ
829 1204 907 1272 τῶν
934 1193 1032 1270 ὅλων
1056 1221 1199 1291 κυριος·
1236 1191 1346 1268 ὸδιδι
1372 1197 1543 1291 Χριστοῦ
1569 1189 1638 1268 δι-

352 1298 561 1384 δασκάλους
585 1299 673 1383 τοῦς
696 1297 873 1395 μαθητὰς
898 1294 1095 1394 ἐπιστήσας
1120 1294 1212 1392 πρὸς
1237 1290 1409 1391 μάθησιν
1433 1301 1498 1390 τῆς
1523 1293 1639 1368 εῦσε-

350 1403 472 1500 βείας·
508 1400 619 1485 αῦτὸς
643 1401 706 1474 καὶ
732 1407 805 1476 νῦν
830 1398 930 1475 ἔπιδε
956 1398 1015 1473 ἐπὶ
1036 1397 1124 1482 τοὺς
1148 1394 1306 1480 δούλους
1331 1419 1413 1485 σου,
1447 1394 1535 1480 τοῦς
1560 1423 1638 1470 κα·

351 1503 601 1600 τηχουμένους
626 1501 669 1576 τὸ
695 1501 910 1603 εῦαγγέλιον
933 1509 1002 1577 τοῦ
1016 1504 1185 1594 Χριστοῦ
1212 1523 1297 1572 σου·
1324 1497 1387 1572 καί
1414 1495 1479 1581 δὸς
1501 1497 1640 1581 αὐτοῖς

351 1604 514 1702 καρδίαν
538 1603 684 1700 καινὴν,
716 1604 779 1678 καὶ
804 1610 952 1699 πνεῦμα
978 1599 1088 1685 eunte
1112 1598 1325 1702 ἐγκαίνισον
1350 1601 1391 1675 όν
1415 1604 1493 1683 τοῖς
1517 1595 1640 1702 ἐγκοί-

352 1735 429 1789 τοις
462 1705 602 1794 αὐτῶν,
635 1703 727 1803 πρὸς
758 1703 801 1779 τὸ
834 1703 971 1780 εἰδέναι
996 1702 1059 1779 καὶ
1084 1707 1203 1777 ποιεῖν
1227 1701 1271 1776 τὸ
1296 1697 1444 1799 θέλημά
1471 1725 1554 1789 σου,
1592 1703 1641 1776 έν

352 1807 490 1904 καρδίᾳ
523 1804 649 1905 πλήρει
681 1805 745 1882 καὶ
777 1813 879 1905 ψυχῇ
913 1800 1095 1900 Θελοόσῃ·
1129 1802 1362 1888 καταξίωσον
1395 1801 1533 1886 αὐτοὺς
1566 1809 1641 1898 τῆς

353 1909 463 2011 ἁγίας
494 1905 676 2004 μυήσεως,
708 1907 772 1982 καὶ
808 1908 951 1983 ἔνωσον
984 1905 1121 1989 αὐτοὺς
1153 1913 1198 2002 τῇ
1233 1903 1323 2006 ἁγίᾳ
1350 1927 1419 1979 σου
1445 1901 1639 2000 ἐκκλησίᾳ,

352 2011 416 2086 καὶ
448 2007 627 2106 μετόχους
659 2009 815 2104 ποίησον
840 2017 919 2083 τῶν
944 2009 1064 2082 Θείαν
1088 2004 1319 2104 μυστηρίων,
1356 2004 1420 2081 διδι
1446 2010 1639 2103 Χριστοῦ,

352 2121 418 2208 τῆς
442 2109 589 2194 ἐλπίδος
611 2111 734 2206 ἡμῶν,
760 2119 828 2184 τοῦ
854 2109 945 2206 ὑπὲρ
974 2110 1103 2186 αὐτῶν
1122 2104 1401 2191 ἀποθανόντος·
1429 2105 1480 2182 δι’
1504 2100 1550 2181 οὗ
1573 2131 1640 2180 σοι

355 2212 446 2340 δόξμ
474 2210 549 2355 2καί
590 2211 633 2285 τὸ
668 2211 799 2308 σέβας,
839 2213 880 2286 ἐν
912 2209 1009 2312 ἁγίῳ
1044 2204 1240 2306 πνεύματι,
1274 2214 1325 2292 είς
1356 2208 1444 2294 τοῦς
1478 2213 1638 2294 αἰῶνας.

354 2319 498 2410 ανον)

442 2553 466 2612 ll
484 2551 687 2603 cotelerius:
706 2549 763 2612 „Vel
783 2551 852 2615 pueri
871 2564 964 2611 omues,
983 2549 1186 2616 quemadmodum
1205 2550 1268 2615 apud
1287 2549 1409 2611 Basiliam,
1428 2548 1533 2600 Humilia
1553 2549 1578 2599 iu
1600 2552 1642 2599 ίε-

356 2651 419 2689 tuem
438 2645 462 2687 et
479 2637 611 2686 siceitatem
628 2637 733 2700 itemque
752 2635 949 2698 Cbrgsostumum
969 2633 1101 2684 numittt
1120 2633 1305 2692 inllnttbneum‚
1324 2633 1358 2683 nel
1378 2634 1445 2698 pueri
1463 2647 1550 2683 eneme
1568 2649 1642 2698 sym-

355 2723 470 2787 pinnulae,
488 2721 518 2770 de
537 2722 623 2785 quilius
642 2720 710 2770 multi
729 2719 871 2776 docuerunt,
889 2719 977 2784 quique
996 2719 1019 2768 in
1037 2717 1220 2770 Euchellluuni
1238 2717 1322 2784 punt
1341 2717 1494 2782 appellantur
1510 2713 1645 2786 ὀρφανοί

357 2806 442 2872 procul
460 2805 534 2856 (lubin
554 2804 618 2868 quod
636 2803 758 2868 upupillis
768 2812 791 2854 et
804 2804 925 2854 destitutis
933 2804 1051 2854 ecclesiae
1061 2804 1213 2867 eleemosyna
1224 2803 1384 2865 indigentibus
1396 2803 1485 2852 assumi
1495 2803 1641 2854 solerent.“

357 2891 454 2942 l’lncent
471 2891 540 2956 pueri
559 2889 643 2938 musici
660 2889 831 2950 Augustioz
849 2903 893 2950 ego
912 2903 976 2948 τοτο,
996 2902 1049 2938 eum
1069 2888 1202 2950 refragetur
1221 2886 1286 2938 illius
1303 2887 1353 2936 ueni
1372 2886 1516 2952 simplicitas
1529 2903 1558 2937 τε
1571 2889 1641 2938 intre

356 2976 466 3029 hortetur
484 2975 602 3023 [lincunus
628 2979 726 3033 matres,
753 2980 779 3021 ut
805 2981 930 3022 assumunt
947 2964 979 3020 τὰ
1003 2966 1111 3032 παιδία,
1136 2971 1216 3021 malim
1241 2971 1375 3034 intelligere
1399 2972 1513 3036 purvulos
1536 2972 1640 3023 breuem

355 3047 422 3108 illum
442 3058 571 3107 formulam
590 3055 697 3106 eductos.
721 3055 779 3106 Nutu
798 3056 929 3121 plurimum
948 3055 1009 3105 ναίει
1027 3069 1108 3106 cunum
1122 3057 1169 3104 [teo
1189 3057 1351 3105 innocentium
1371 3055 1524 3120 parvulorum
1545 3056 1642 3120 depre-

357 3143 428 3194 ετῑίο.
463 3141 592 3192 Nobiscum
612 3141 668 3191 lecit
687 3139 902 3204 chrysostom.
922 3139 1009 3190 llomil.
1029 3139 1061 3189 tn
1086 3141 1109 3191 in
1129 3140 1223 3190 Μυσίαι
1248 3133 1264 3202 ή
1289 3131 1404 3204 πρώτη
1431 3135 1524 3202 δέησις
1542 3135 1643 3198 ἐλέους

356 3225 445 3296 γέμει,
470 3221 537 3276 ὅταν
562 3219 633 3292 ὑπὲρ
651 3223 706 3274 τῶν
724 3219 935 3292 ἐνεργουμένων
952 3221 1166 3290 παρακαλῶμεν,
1194 3221 1241 3272 καλ
1258 3217 1274 3286 ή
1293 3219 1311 3272 δ
1317 3223 1441 3292 ευτέρα
1458 3212 1546 3272 πόλιν
1563 3217 1641 3289 ὑπὲρ

356 3307 456 3375 ἑτέρων
475 3305 530 3358 τῶν
547 3303 578 3357 έν
594 3309 738 3373 μετανοίᾳ,
766 3303 837 3358 nolti
855 3300 885 3358 τὸ
903 3305 978 3363 ἔλεος
995 3305 1170 3370 ἐπιζητοῦσα·
1198 3305 1246 3358 καί
1263 3299 1278 3369 ἡ
1297 3307 1393 3374 τρίτη
1411 3303 1442 3356 δὲ
1460 3299 1547 3358 πόλιν
1564 3301 1642 3378 ὑπὲρ

356 3383 437 3460 ἡμῶν
462 3387 554 3442 abnue
576 3390 623 3440 καλ
646 3385 714 3454 αῦτη
738 3387 777 3441 τό
801 3388 928 3440 παιδία
946 3391 994 3440 τοῦ
1010 3384 1102 3459 δήμου
1120 3385 1314 3458 προβαλλήται,
1339 3383 1472 3442 τὸνθεόν
1490 3388 1539 3442 tut
1556 3388 1643 3442 ίλεον

357 3475 582 3538 παρακαλοῦντα·
602 3469 697 3537 ἐπειδὴ
715 3469 769 3543 γὰρ
787 3471 865 3524 αὐτοὶ
881 3465 1096 3542 κατεγνιόιιαμεν
1112 3472 1218 3525 ἑαυτῶν
1235 3467 1419 3546 ἁμαρτήματα
1432 3468 1502 3539 ὑπὲρ
1513 3471 1643 3542 uirtute

357 3551 444 3608 πολλὰ
462 3551 660 3627 ἡμαρτηκότων
677 3557 724 3606 καί
742 3555 908 3623 έγκληθῆναι
927 3549 1096 3624 ὀφειλόντων
1113 3553 1192 3609 αὐτοὶ
1208 3557 1332 3626 βοωμεν·
1351 3553 1421 3626 ὑπὲρ
1439 3555 1470 3610 δέ
1486 3554 1570 3627 ήμῶν
1581 3557 1643 3610 αῦ-

357 3641 412 3692 τιῦν
438 3641 464 3692 οἱ
490 3638 597 3704 παῖδες,
623 3625 664 3690 ὧν
687 3640 733 3701 τῆς
755 3632 907 3701 ἁπλότητος
930 3633 993 3696 τοὺς
1010 3635 1158 3706 ζηλωτάςή
1182 3642 1307 3708 βασιλεία
1326 3643 1382 3692 mir
1399 3637 1528 3711 οὐρανῶν
1543 3645 1642 3712 μένει.

357 3727 490 3788 intelliges,
507 3727 789 3791 tempouucbrgeontumi
808 3727 912 3774 inientes
931 3725 1087 3776 interlocutus
1106 3743 1160 3778 esse
1178 3729 1327 3780 emtionibus
1345 3745 1390 3794 peu
1408 3729 1642 3782 lldelibustnntum.

443 3809 468 3872 2)
495 3810 619 3861 llrnbbe
638 3810 684 3861 λε.
703 3824 726 3875 p.
737 3809 801 3860 242:
819 3809 923 3871 „blesen
937 3810 1013 3862 Gebet
1031 3811 1110 3862 intlnr
1129 3813 1167 3866 die
1185 3813 1271 3865 llirebe
1290 3817 1313 3864 in
1332 3813 1405 3864 nieler
1421 3814 1558 3876 lieziebung
1577 3817 1643 3866 sehr
1688 3853 1689 3868 ι

358 3893 532 3958 nuerltwbrdig3
550 3909 576 3946 es
595 3896 626 3944 ist
643 3895 682 3943 ein
702 3895 832 3954 muliebus,
851 3895 1008 3946 wbrdemllen
1027 3897 1075 3946 und
1094 3897 1339 3957 christlicbesnebet,
1357 3899 1404 3950 und
1415 3899 1463 3948 luet
1472 3899 1516 3949 dm
1526 3899 1641 3964 liiuuige,

358 3995 407 4030 was
425 3981 449 4029 iu
468 3979 548 4028 dieser
566 3979 606 4028 brt
624 3980 666 4028 nul
682 3993 728 4029 unu
745 3979 887 4041 gelommen
905 3979 945 4030 ist.
971 3981 1003 4030 Es
1020 3981 1079 4031 wind
1098 3981 1156 4031 eben
1172 3982 1306 4032 besontlere
1324 3982 1399 4034 durch
1418 3984 1471 4032 eine
1485 3983 1642 4036 uullnlleude

358 4064 610 4124 lJebeneinstimmuug
628 4063 670 4112 mit
688 4063 741 4112 dem
754 4063 938 4128 chrysostomus
958 4064 1124 4126 merlwbrdig.
1149 4065 1234 4116 iliener
1250 4065 1425 4128 giebtntmlicb
1436 4069 1458 4116 in
1469 4069 1551 4118 seiner
1562 4071 1641 4118 uwel-

358 4155 398 4198 ten
416 4147 520 4198 Humilia
545 4147 603 4196 bber
621 4145 666 4198 den
685 4147 781 4197 zneiten
800 4149 867 4198 uriel
883 4149 968 4199 nudie
988 4149 1114 4198 llunintbeu
1133 4150 1186 4198 eine
1203 4149 1338 4216 Erlltrnng
1354 4153 1397 4202 des
1416 4153 1518 4203 Gebeteu
1536 4153 1577 4202 ltin
1596 4153 1641 4202 die

359 4233 561 4292 llnteebumeueu‚
585 4230 689 4281 welches
713 4232 736 4280 in
760 4233 805 4282 (len
823 4233 927 4295 liturgie
944 4235 1025 4284 selber
1043 4233 1128 4284 llinelne
1146 4233 1267 4286 eutbulten
1285 4235 1360 4285 καί*
1397 4227 1469 4291 Τοὸς
1486 4228 1605 4291 πιστοῦς
1624 4229 1642 4287 ὁ

359 4304 447 4381 νόμος
463 4310 593 4382 διεγείρει
610 4307 679 4380 πρὸς
696 4307 745 4376 τὴν
762 4314 817 4364 τῶν
834 4308 967 4383 ἀμυήτων
983 4315 1136 4386 ι’κετηρίιτν·
1154 4312 1222 4367 ὅταν
1238 4311 1319 4384 γδρό
1333 4309 1543 4388 διόκονοςλέγη,
1562 4313 1640 4386 ὑπὲρ

359 4396 415 4445 τῶν
439 4396 654 4466 κατηγεομένων
679 4393 795 4456 έκτενῦς
811 4395 968 4468 δεηθιῑμεν,
994 4397 1078 4451 οὐδὲν
1094 4391 1160 4452 ἄλλο
1176 4395 1193 4464 ἢ
1210 4396 1258 4452 τόν
1274 4399 1366 4470 δῆμον
1382 4395 1493 4452 ἅπαντα
1511 4401 1567 4452 τῶν
1584 4419 1642 4452 πι-

360 4477 433 4529 στιῦν
458 4477 630 4544 διανίστησιν
654 4481 693 4538 είς
716 4475 763 4539 τὰς
786 4475 856 4552 ὑπὲρ
874 4481 989 4534 έκείναν
1005 4479 1097 4550 εὐχὰς,
1124 4486 1212 4536 καίτοι
1228 4499 1261 4553 γε
1278 4481 1416 4554 ἀλλότριοι
1432 4487 1499 4543 τέως
1514 4485 1589 4538 §inlr
1609 4487 1643 4538 ολ

359 4557 571 4648 καιτιργοόμενοι·
590 4559 700 4616 οὐδέπω
717 4564 773 4636 γὰρ
791 4567 840 4618 τοῦ
858 4559 986 4636 σιόματός
1002 4569 1054 4618 είσι
1067 4568 1115 4620 τοῦ
1124 4569 1258 4638 Χριστοῦ,
1276 4565 1386 4621 οὐδέπω
1392 4571 1554 4638 μυστηρίων
1563 4566 1641 4622 exoa.

359 4653 497 4712 νωνησαν,
522 4639 576 4700 btt‘
603 4645 642 4700 ἔτι
660 4647 821 4722 διῃρημένοι
838 4646 1002 4720 τυγχάνουσι
1021 4652 1067 4718 τῆς
1083 4647 1182 4722 ἀγέλης
1199 4653 1245 4720 τῆς
1261 4652 1455 4722 πνευματικῆς.
1482 4682 1516 4696 -
1532 4679 1568 4695 -·
1586 4651 1641 4708 διὰ
