3360 5304
165 627 279 702 Gratia
306 627 441 701 Domini
476 629 581 704 nostri
609 629 685 703 lesu
711 629 854 704 Christi:
889 641 922 704 et
948 629 1156 706 caritasllei
1181 630 1301 724 Patris,
1337 643 1371 706 et

97 731 347 804 communicatio
373 730 510 827 spiritus
538 733 657 823 sancti,
684 732 728 806 sit
754 755 830 806 oum
856 734 1011 808 omnibus
1037 729 1146 804 nohis.

171 831 342 906 Sacerdos
369 833 480 927 sipuot
506 858 543 906 se
566 835 689 932 ipsum,
716 845 747 908 et
775 834 883 910 eleuat
907 859 1042 910 omnum
1066 859 1162 908 urum
1187 858 1290 930 super
1307 859 1370 906 co-

94 947 149 1033 put
174 959 286 1022 suum,
312 945 351 1006 ut
378 935 423 1006 sit
449 936 485 1006 iu
511 946 590 1007 utre
617 946 650 1010 et
671 937 819 1034 populus
835 940 1015 1036 ‘particeps
1041 937 1086 1010 eit
1113 935 1322 1033 sipontiouic.

165 1035 258 1110 Dicit
284 1035 466 1110 Diaconus.
501 1037 625 1110 Omnes
652 1061 714 1110 uos
741 1061 817 1112 oum
843 1041 982 1114 timore:
1010 1050 1041 1112 et
1068 1038 1114 1112 od
1139 1038 1221 1110 daec
1246 1038 1368 1112 uerbo:

97 1138 181 1210 dedit
207 1136 306 1211 uobis
333 1137 490 1233 mysteria
516 1165 587 1212 sua.

163 1255 290 1354 Incipit
317 1255 484 1330 Sacerdos
516 1261 675 1356 froaperc
707 1281 850 1355 corpus:
887 1269 918 1331 et
945 1259 1038 1332 dicit.
1091 1256 1276 1354 Propitiare
1302 1259 1369 1332 Do·

95 1357 178 1430 miue
205 1383 267 1455 per
293 1357 504 1431 clementiam
530 1369 621 1432 tuam
647 1363 791 1456 peccatis
818 1370 852 1432 et
878 1361 1079 1458 insipientiis
1106 1383 1277 1432 serrorum
1296 1371 1368 1432 tuo·

95 1483 174 1552 rum,
203 1470 239 1531 et
264 1460 433 1532 sanctifica
461 1460 546 1532 labia
573 1471 687 1534 nostra
712 1483 773 1557 per
800 1463 939 1556 gratiam
959 1475 1060 1556 tuam,
1088 1473 1125 1534 ιιι
1144 1461 1223 1535 dont
1239 1462 1368 1536 fructus

96 1563 214 1656 gloriae
254 1572 288 1633 et
319 1561 428 1636 laudis
463 1562 624 1635 diuinitati
663 1573 752 1655 tuae,
788 1586 863 1636 oum
898 1564 1053 1638 omnibus
1087 1565 1211 1638 sanctis
1238 1564 1304 1636 tuis
1332 1563 1366 1636 in

95 1685 193 1759 reguo
223 1673 293 1735 tuo.

165 1781 212 1854 Et
250 1781 385 1854 elevares
411 1806 523 1856 uocem
549 1781 642 1856 dicit.
695 1781 738 1854 Et
769 1782 823 1854 lae
855 1806 917 1855 nos
951 1783 1070 1878 dignos
1103 1784 1245 1858 Domine
1279 1784 1369 1857 Deus

98 1892 219 1975 noster,
254 1894 293 1954 ut
324 1895 485 1980 perpetuo
519 1884 644 1982 absque
670 1884 810 1976 macula,
846 1908 957 1958 coram
983 1895 1017 1957 te
1045 1887 1266 1958 consistamus
1293 1909 1369 1958 cum

97 1984 190 2057 corde
224 2009 323 2081 puro,
357 1984 442 2056 iacie
476 1997 589 2083 aperte
616 1996 750 2058 etcum
778 1986 899 2058 fiducia
926 2010 1010 2083 quae
1035 2011 1054 2058 a
1081 1997 1114 2059 te
1141 1999 1203 2079 est,
1238 1986 1369 2060 miseri·

97 2086 236 2160 corditer
261 2086 360 2160 uobis
387 2087 479 2159 data:
514 2099 549 2160 at
574 2111 690 2160 omues
715 2089 841 2183 pariter
866 2090 1058 2160 invocemus
1085 2101 1117 2162 te
1145 2089 1253 2160 etsie
1279 2088 1368 2162 dica·

97 2211 174 2260 mus.
227 2187 327 2260 Pater
353 2201 468 2260 noster
494 2199 558 2261 eto.
789 2237 793 2244 ι

164 2289 316 2386 Populus
344 2290 436 2362 dicit.
489 2289 587 2363 Pater
613 2300 738 2362 noster.
801 2323 803 2326 ·

167 2406 347 2480 Sacerdos.
401 2409 542 2482 Domine
579 2409 671 2482 Deus
704 2419 843 2505 potens,
880 2407 1023 2481 Domine
1057 2421 1091 2482 et
1126 2410 1217 2484 Deus
1252 2421 1367 2484 noster

100 2508 190 2602 boue,
218 2513 276 2606 qui
304 2534 341 2582 es
367 2510 487 2607 plenus
513 2511 756 2602 misericordia,
784 2532 941 2605 rogamus
968 2521 1000 2584 ta
1027 2511 1169 2585 Domino
1190 2513 1280 2586 Deus
1308 2537 1367 2584 no·

100 2622 160 2682 ster
193 2621 227 2683 et
259 2611 479 2709 deprecamur
513 2613 722 2700 clementiam
756 2613 915 2685 bonitatis
942 2622 1035 2685 tuac:
1071 2638 1201 2688 nenos
1228 2614 1368 2688 inducas

99 2711 231 2784 Domine
266 2713 302 2784 iu
337 2715 565 2810 tentationem,
597 2716 656 2789 sed
690 2714 795 2788 libera
828 2726 863 2786 et
887 2713 975 2787 salva
1002 2740 1063 2788 uos
1090 2741 1109 2788 a
1135 2718 1233 2810 malo,
1268 2727 1302 2789 et
1326 2716 1368 2790 alc

100 2813 291 2887 exercitibus
318 2817 403 2909 eius,
430 2818 507 2912 quia
534 2827 628 2892 tuum
654 2827 706 2890 est
732 2839 885 2911 regnum,
919 2818 1035 2910 virtus,
1064 2818 1177 2912 robur,
1205 2819 1365 2906 fortitudo

101 2926 130 2986 et
151 2917 328 3014 imperium
355 2919 389 2989 in
417 2919 509 2991 coelo
538 2929 572 2991 et
596 2920 631 2990 iu
660 2930 758 3010 terra,
786 2940 876 2992 nunc
903 2927 936 2990 et
961 2943 1104 3017 semper.

167 3019 287 3112 Sipnm
314 3043 350 3092 se
376 3021 507 3117 ipsum:
535 3031 569 3093 et
593 3021 804 3119 respoudeat.
856 3019 972 3092 nmen.

168 3203 251 3278 XIX.
293 3205 339 3276 Et
362 3205 591 3302 prosequitur.
645 3205 728 3279 Pax
753 3207 983 3280 vobiscum.

166 3306 388 3403 Respondent.
442 3307 594 3379 Tecum
624 3319 665 3380 et
689 3332 781 3382 cum
807 3309 969 3404 spiritu
997 3316 1077 3378 tuo.

166 3407 400 3504 Prosequitur.
454 3410 612 3482 Sancta
639 3412 805 3484 sanctis
836 3409 959 3482 decet
984 3409 1024 3480 in
1052 3405 1339 3505 perfectione.

165 3509 210 3580 Et
238 3510 364 3582 dicunt.
418 3509 531 3584 Unus
566 3511 691 3584 Peter
725 3523 919 3584 sanctus:
958 3535 1066 3583 unus
1093 3508 1234 3582 Filius
1270 3533 1368 3581 san·

98 3619 203 3682 ctus:
232 3634 341 3683 unus
368 3611 564 3709 Spiritus
591 3625 780 3688 sanctus.
831 3611 977 3686 Gloria
1004 3605 1142 3706 ratri,
1169 3624 1209 3684 et
1234 3611 1367 3706 Filio,

97 3722 134 3783 et
157 3711 346 3809 Spiritui
374 3724 523 3787 sancto
552 3713 594 3786 in
622 3718 794 3789 saecula
821 3716 1104 3789 saeculorum.
1156 3717 1294 3788 Amen.

165 3813 348 3888 diaconus.
402 3815 559 3888 Laudate.
610 3817 656 3889 Et
683 3819 798 3890 dicunt
823 3816 1092 3914 Respousorr'urn.

176 4119 234 4185 Cup.
251 4119 312 4170 xix.
349 4119 540 4170 Theodorus
565 4127 588 4169 et
612 4119 785 4172 Nestorius
810 4121 833 4170 in
857 4120 1030 4170 distributione
1055 4131 1078 4170 et
1102 4120 1131 4170 iis
1155 4133 1216 4183 quae
1233 4122 1368 4181 sequuntur

96 4204 225 4254 concordes
242 4212 300 4253 sunt
318 4219 373 4254 cum
392 4205 498 4267 Litorgia
516 4202 695 4268 Apostolorum.
731 4204 861 4254 Adiicimos
886 4206 1021 4254 orationem
1039 4203 1143 4254 Nestorii
1156 4211 1212 4266 post
1229 4200 1367 4263 susceptio·

7 4283 8 4338 j
95 4299 145 4336 uem
163 4286 347 4350 triariorum:
372 4289 432 4348 Quia
456 4289 593 4353 accepimus
618 4301 708 4353 eorpus
730 4296 797 4340 tuom
822 4289 956 4350 manifeste.
979 4289 1070 4340 habitat
1094 4288 1118 4338 in
1142 4286 1213 4336 uobis
1235 4286 1309 4336 ιἰιιιιι
1327 4291 1369 4336 tua

7 4437 8 4440 Ἴ
95 4379 193 4433 umato,
211 4380 238 4422 ut
255 4387 370 4422 exeamus
388 4374 412 4422 in
431 4385 558 4423 occursum
577 4380 644 4425 ιιιιιιιι
663 4373 789 4434 laetanter,
807 4381 893 4439 terque
909 4374 952 4424 tibi
970 4387 1084 4424 conamus
1102 4371 1214 4435 gloriam,
1233 4383 1287 4420 cum
1305 4369 1368 4420 reris

7 4447 8 4450 ’
96 4453 146 4503 iliis
170 4458 340 4520 mysteriorum
366 4465 471 4519 tuorum,
495 4457 597 4508 Domine
614 4457 730 4508 omnium.
766 4457 861 4523 Corpus
879 4467 945 4509 tuum
964 4458 1065 4508 ltomioe
1083 4457 1157 4506 uirum
1177 4453 1241 4520 quod
1259 4453 1369 4504 comedi·

97 4549 153 4598 uus,
176 4547 199 4590 et
222 4540 323 4604 sanguis
347 4549 402 4591 ιιιιιι
426 4557 503 4607 puros
526 4556 597 4606 quem
620 4539 734 4606 iiibimue,
759 4557 789 4591 ue
813 4544 843 4592 sit
867 4543 937 4592 nobis
961 4542 1061 4592 Domine
1086 4541 1110 4590 in
1134 4545 1304 4590 nocumentum
1328 4543 1370 4588 rut

97 4618 265 4688 immitium,
296 4625 340 4676 sed
365 4625 395 4676 ad
420 4626 579 4691 expiationem
603 4625 746 4678 delictorum
771 4633 795 4676 et
818 4629 987 4678 remissionem
1011 4611 1166 4690 peccatoium
1188 4623 1290 4676 Domino
1314 4638 1369 4674 our-

7 4715 8 4722 *
114 4703 118 4712 .

97 4715 166 4756 ΙΙΕΙ.
