3360 5304
810 1375 1037 1468 CAPUT
1076 1377 1128 1466 ll.

591 1583 645 1646 oe
669 1582 948 1646 eaaseoauu
970 1581 1348 1660 ueoauonoemd

420 1783 605 1874 Hebdomas
628 1808 740 1874 Graeca
770 1810 987 1891 aliquantulum
1018 1811 1120 1874 differt
1147 1810 1184 1872 ab
1211 1811 1326 1873 Latina.
1371 1809 1474 1874 Taceo
1502 1811 1595 1873 leriam

331 1925 464 2000 quartam
498 1925 528 1976 et
560 1923 672 1974 sextam
704 1922 800 1975 statos
834 1933 901 1975 esse
929 1913 995 1975 dies
1018 1913 1235 1976 abstinentiae:
1270 1911 1382 1974 etenim
1404 1912 1483 1976 haec
1503 1911 1550 1993 pie
1571 1912 1596 1972 io

330 2021 417 2094 „dies
440 2017 623 2079 stationum“
646 2014 835 2076 observantia
863 2033 962 2094 neque
984 2014 1022 2077 ab
1044 2015 1177 2078 Romana
1200 2012 1330 2076 ecclesia
1351 2013 1451 2076 aliena
1473 2023 1526 2077 est.
1565 2015 1596 2074 tt

329 2120 492 2203 peculiaris
522 2125 568 2178 est
590 2116 713 2178 Graecis
734 2116 858 2179 Sabbeti
887 2115 1059 2192 eminentia,
1093 2116 1173 2197 quod
1200 2114 1333 2197 propriis
1355 2115 1467 2180 officiis
1489 2114 1596 2192 insigna

330 2233 376 2285 est
399 2232 430 2283 et
451 2221 583 2280 immune
606 2215 643 2277 ab
666 2216 778 2307 ieiunio
802 2219 874 2292 (uno
898 2216 1029 2280 Sabbato
1052 2229 1178 2298 excepto
1200 2227 1268 2280 ente
1290 2217 1480 2280 dominicam
1496 2219 1596 2280 Resur-

330 2321 497 2397 rectionis),
530 2317 654 2380 alterius
677 2318 851 2380 [dominicae
878 2319 984 2382 instar.
1028 2319 1089 2383 Neo
1122 2318 1343 2402 praetermittes
1371 2319 1403 2380 in
1427 2319 1511 2382 teriia
1532 2335 1596 2380 enu-

330 2423 483 2487 merandis
513 2418 726 2481 diversitatem.
771 2419 888 2481 Latinis
915 2420 1030 2500 primus
1054 2421 1120 2484 dies
1143 2420 1340 2482 hebdomadis
1361 2429 1409 2482 eet
1433 2421 1483 2501 qui
1505 2419 1595 2482 bomi-

330 2526 430 2588 nicem
458 2515 654 2600 subsequitur
681 2531 711 2582 et
744 2529 803 2582 tota
833 2521 883 2582 illa
912 2521 1076 2584 hebdomas
1104 2521 1142 2584 ab
1165 2520 1217 2583 illo
1239 2522 1343 2584 eodem
1368 2521 1525 2584 dominico
1545 2517 1595 2582 sihi

329 2643 441 2688 nomen
472 2624 571 2685 sumit.
615 2621 785 2684 hebdomas
814 2621 895 2684 enim
919 2634 978 2684 tota
1001 2624 1157 2685 Passionis
1181 2623 1299 2691 dicitur,
1328 2621 1398 2702 quia
1421 2622 1595 2702 praecedens

330 2725 506 2790 Dominicus
529 2723 685 2784 Passionis
707 2731 755 2786 est
776 2733 833 2786 etc.
877 2726 961 2804 Apud
981 2725 1113 2788 Graecos
1136 2724 1223 2786 aliter
1243 2725 1286 2785 lit.
1330 2723 1502 2786 Hebdomas
1523 2739 1596 2784 nam·

331 2847 390 2917 que
412 2826 450 2888 ab
472 2825 674 2905 subsequente
687 2825 852 2896 [lominica.
878 2837 1018 2906 tanquam
1040 2825 1180 2898 termino,
1202 2844 1312 2887 nomen
1335 2835 1366 2886 et
1381 2843 1536 2888 numerum
1550 2824 1594 2885 ha·

329 2930 390 3001 bet,
421 2927 553 3008 exeeptis
581 2927 789 2996 hebdomadis,
819 2947 895 3006 quae
924 2927 1111 2990 aPaschate
1139 2929 1175 2990 ad
1199 2928 1400 2990 Pentecosten
1432 2933 1594 2990 excurrunt:

329 3031 400 3094 illae
422 3029 502 3091 enim
524 3048 541 3091 a
563 3028 660 3108 prima
683 3037 714 3089 et
735 3029 945 3108 praecedente,
967 3047 1028 3090 non
1051 3029 1253 3108 subsequente
1275 3029 1481 3092 nominentur.

415 3136 517 3194 Annus
542 3130 721 3192 Graecorum
745 3129 999 3206 ecclesiasdeus't
1024 3149 1082 3191 non
1106 3130 1222 3192 orditur
1244 3129 1281 3192 ab
1304 3140 1442 3210 tempore
1456 3132 1594 3193 Adventus

328 3234 423 3315 (qnod
445 3249 570 3313 prorsus
592 3231 753 3310 ignorant),
781 3233 835 3294 sed
858 3251 874 3293 a
899 3231 1052 3312 paschalis
1074 3231 1287 3294 sollemnitatis
1309 3231 1483 3313 longinqua,
1509 3240 1541 3294 ut
1560 3229 1594 3290 ita

329 3337 437 3407 dicam,
461 3332 697 3410 meditatione.³)
726 3333 829 3414 ltaque
853 3353 887 3396 ex
911 3333 1009 3414 amplo
1032 3333 1175 3396 librorum
1193 3333 1466 3396 ecclesiasticorum
1481 3347 1594 3396 nomem

417 3587 441 3646 i)
465 3586 606 3637 dllntins
634 3587 667 3636 lle
692 3585 823 3636 [lominicis
847 3595 871 3636 et
893 3586 1088 3637 Hebdomadibus
1113 3587 1280 3638 decentiorem
1299 3589 1447 3637 Graecorum
1465 3584 1594 3637 Dissertatio

329 3679 387 3737 post
410 3670 514 3720 librum:
540 3669 574 3719 lle
600 3671 691 3720 Eecles.
710 3669 793 3720 occid.
819 3679 843 3720 et
860 3670 952 3721 orient
979 3678 1096 3736 perpetua
1114 3671 1280 3722 consensione
1299 3672 1386 3722 Coton.
1406 3669 1479 3723 tots.
1496 3687 1519 3737 p.
1538 3667 1595 3719 lldd

414 3839 440 3899 2)
468 3837 627 3902 Proponimus
655 3837 717 3887 inira
736 3838 790 3887 enni
810 3839 943 3900 cuiusdam,
971 3847 996 3889 ut
1013 3840 1046 3890 ite
1063 3840 1181 3903 dianna,
1207 3840 1280 3890 airam
1298 3839 1436 3902 imaginem.
1470 3837 1595 3900 serratam

329 3933 409 3978 autem
428 3937 517 3973 anuum
535 3923 575 3987 qui
595 3923 670 3972 currit
682 3921 755 3974 1853.

415 4007 441 4066 3)
459 4007 573 4057 liuralt
591 4007 607 4056 l.
620 4023 641 4058 e.
659 4022 684 4073 p.
695 4007 789 4072 bilem:
816 4007 862 4070 „ln
880 4007 1012 4070 Wabrheit,
1030 4010 1069 4060 die
1086 4009 1174 4060 llirehe
1192 4008 1233 4059 hrt
1251 4010 1274 4059 in
1293 4008 1374 4059 dieser
1391 4006 1546 4068 ilauemorsse
1561 4003 1595 4052 ldr

329 4095 374 4145 das
392 4093 444 4144 tteit
468 4093 533 4142 ihrer
551 4091 639 4142 ltinder
665 4092 741 4142 durch
760 4093 798 4142 die
816 4093 900 4142 slehen
918 4093 1024 4146 Wochen
1043 4094 1086 4145 der
1103 4109 1205 4158 grossen
1224 4094 1309 4144 Postea
1329 4093 1377 4143 und
1395 4093 1435 4142 die
1452 4093 1502 4142 drei
1519 4090 1593 4141 diesen

330 4177 551 4240 rorhergehendem
570 4190 639 4226 wenn
657 4176 695 4226 iob
714 4176 778 4227 mich
795 4192 824 4227 ao
843 4177 992 4228 ausdrt'relren
1011 4179 1080 4240 dart(
1091 4179 1135 4229 des
1153 4179 1219 4243 Eoos
1236 4179 1280 4228 der
1297 4193 1388 4240 genuen
1397 4175 1542 4228 blenschbeit
1557 4185 1594 4234 ae·

329 4261 456 4312 sehrieben
475 4263 498 4311 in
517 4260 594 4310 ihrcm
611 4260 673 4321 retr,
691 4260 757 4311 ihrer
767 4261 887 4325 Erldsnng
904 4263 953 4313 und
972 4265 1047 4314 ihrem
1064 4265 1178 4327 jungeten
1189 4258 1313 4315 Gerichtel
1333 4262 1383 4312 lien
1401 4276 1490 4325 genneo
1502 4257 1595 4316 ilminat

331 4346 411 4396 dieses
429 4345 566 4395 rdhreuden
586 4345 698 4396 Gedichts
715 4346 756 4396 hat
773 4347 808 4396 sie
826 4347 957 4410 rusgelr'rllt
972 4347 1030 4398 bald
1047 4349 1090 4400 mit
1107 4349 1162 4399 dem
1180 4347 1377 4399 bittemWeinen
1393 4339 1594 4406 tardauerat

332 4431 376 4480 mit
384 4429 427 4478 der
435 4429 587 4493 Vendebang
604 4429 648 4481 des
658 4429 772 4492 Pselters,
790 4431 847 4482 bold
865 4432 908 4482 mit
926 4431 1176 4496 deuoffenharungen
1195 4433 1239 4484 der
1248 4431 1384 4497 Propheten
1395 4432 1455 4482 ntea
1464 4431 1503 4482 die
1512 4429 1593 4478 tema-

332 4513 443 4563 habende
460 4513 589 4577 Erldsom
607 4513 662 4564 hald
681 4515 776 4566 endlich
795 4517 898 4566 mittier
916 4516 1069 4581 [lantellnng
1087 4518 1131 4568 der
1146 4516 1236 4568 beiden
1256 4518 1299 4568 des
1317 4515 1440 4577 bellende,
1462 4515 1520 4564 eber
1536 4508 1594 4562 nieht

332 4598 401 4648 mehr
419 4597 486 4646 bloet
503 4599 527 4648 in
546 4599 686 4661 geistticheo
705 4601 838 4662 (testacea,
856 4600 962 4652 sondern
980 4602 1041 4652 auch
1060 4602 1083 4652 in
1101 4601 1205 4665 heiligen
1223 4601 1380 4654 Gehrtaehen
1397 4597 1594 4658 sardeieetignnt

332 4681 389 4732 brae
406 4677 548 4732 Eiudruclrs.
586 4684 633 4735 lter
650 4697 725 4747 geute
743 4693 843 4737 tessere
861 4685 958 4738 hensch
976 4686 1025 4736 soll
1043 4687 1086 4737 mit
1104 4684 1159 4737 dem
1177 4686 1266 4738 lanera
1283 4700 1314 4737 aa
1332 4685 1387 4736 dem
1399 4683 1484 4736 werla
1500 4677 1593 4732 tertr-
