3388 5304
923 363 999 440 608

322 569 393 630 gare
414 549 559 614 rideatur.
603 548 642 612 Et
662 563 735 614 saue
758 546 891 612 officium
914 557 963 612 est
983 549 1156 614 tremendae
1177 548 1355 624 maiestatis,
1376 548 1469 614 morti
1491 567 1605 612 coure-

322 653 420 726 niens,
449 667 540 732 quam
568 650 635 732 ipsa
664 649 812 730 scriptura
839 649 1001 726 ‚toruum
1023 656 1146 732 regem‘
1169 651 1354 726 denominat,
1381 651 1424 714 ita
1446 661 1549 716 umen
1571 664 1605 716 ut

322 752 421 816 minus
442 751 585 830 morienti
613 769 703 833 quam
730 750 919 816 adstantibus
948 751 1095 816 consulet
1138 751 1240 816 Latini
1260 753 1476 816 moribundum
1497 753 1604 834 piissi-

322 857 381 922 mis
409 866 440 920 et
461 855 649 920 suavissimis
671 852 814 935 precibus
836 851 1039 926 consolentur,
1063 851 1186 916 Graecis
1207 855 1315 936 agonia
1335 854 1440 918 miseri
1458 855 1603 928 hominis,

322 960 410 1024 cuius
438 975 547 1022 sensus
576 957 636 1020 ianr
664 955 818 1018 iunctione
846 954 983 1018 destituti
1004 963 1084 1028 sunt,
1113 954 1371 1020 circumstantium
1393 957 1516 1022 animos
1538 975 1602 1020 om·

321 1061 406 1125 nium
432 1059 540 1124 mortis
562 1067 597 1136 ,et
619 1057 709 1120 inferi
731 1056 898 1120 terroribus
921 1056 1128 1120 commorandi
1151 1066 1267 1132 utens,
1295 1067 1330 1120 ut
1350 1057 1391 1120 ita
1414 1058 1518 1120 dicam
1541 1065 1602 1120 ter·

322 1161 411 1226 rendi
433 1169 481 1223 est
501 1179 592 1224 causa
614 1169 704 1241 atque
727 1159 878 1224 materies.
891 1158 913 1236 ¹)

406 1283 438 1346 4.
467 1279 602 1342 Simuiac
623 1278 830 1360 exspiraverit,
863 1276 942 1340 oculi
964 1285 1056 1359 atque
1077 1296 1112 1340 oa
1134 1276 1321 1351 clauduntur,
1351 1296 1465 1360 eorpus
1487 1277 1603 1340 lavatur

322 1391 412 1462 atque
432 1379 567 1444 reatibus
589 1379 733 1444 induitur.
774 1379 945 1443 adseratur
965 1378 1119 1454 sacerdos,
1148 1379 1199 1459 qui
1227 1378 1382 1442 thuribulo
1404 1387 1529 1442 mortuo
1551 1379 1602 1440 ad·

321 1491 404 1548 moto
434 1481 595 1544 nonnullas
623 1479 777 1544 orationes
798 1481 907 1546 recitat
926 1489 1015 1562 atque
1037 1480 1179 1564 tropario,
1201 1479 1282 1542 inira
1302 1481 1415 1562 scripta
1438 1479 1473 1544 in
1496 1479 1601 1542 ordine

321 1577 644 1662 coniecturarum.
686 1583 726 1645 Et
752 1583 802 1645 bic
827 1581 925 1646 thuris
953 1592 985 1646 et
1005 1582 1153 1646 orationis
1175 1583 1275 1646 honor
1294 1581 1437 1644 omnibus
1462 1580 1601 1644 tribuitur

322 1683 463 1747 mortuis.
504 1686 543 1747 tt
574 1703 718 1765 proceres
752 1693 783 1748 et
810 1683 937 1747 ditiores
964 1685 1104 1748 homines
1131 1684 1322 1764 magnificum
1349 1691 1461 1746 curant
1488 1681 1599 1746 funeris

322 1794 509 1868 apparatum,
542 1784 595 1848 ubi
628 1801 738 1866 eorpus
767 1785 947 1850 collocatum
969 1797 1017 1848 est
1036 1787 1069 1848 in
1090 1785 1191 1850 loculo
1213 1793 1328 1866 aperto,
1349 1783 1494 1848 menibus
1509 1801 1598 1863 snpra

322 1896 428 1968 peetus
450 1886 630 1950 decussatis.
658 1886 775 1950 intrant
795 1888 971 1950 sacerdotes
993 1888 1096 1968 piures
1119 1885 1339 1952 cumbiaconis
1362 1895 1393 1948 et
1408 1884 1598 1958 Lectoribas,

293 1988 403 2054 *baud
430 1987 569 2052 destitori
598 1986 636 2050 ab
665 1987 772 2050 diurna
800 1999 832 2052 et
858 1997 1004 2051 nocturna
1025 1988 1214 2052 Psalmorurn
1236 1989 1471 2068 orationumque
1493 1985 1599 2050 recita·

321 2091 407 2152 tione
434 2108 531 2169 usque
559 2090 629 2152 dum
656 2089 773 2152 venerit
798 2089 969 2170 sepulturae
997 2098 1127 2172 tempus.
1169 2091 1321 2154 Vocantur
1347 2090 1405 2152 hse
1427 2089 1549 2168 vigiliae
1568 2087 1598 2148 in

322 2191 458 2254 Muncti
479 2191 624 2254 honorem
647 2197 807 2270 susceptae
827 2185 1025 2272 maanaim

409 2312 439 2373 5.
468 2308 531 2370 lam
553 2307 667 2389 aliquid
689 2307 850 2372 dicendum
873 2317 919 2372 est
941 2310 978 2373 da
1000 2309 1173 2374 humatione
1196 2317 1228 2372 et
1241 2309 1408 2392 sepultura.
1439 2308 1525 2372 Diem
1541 2320 1597 2367 ter·

325 2412 398 2475 tium
424 2409 538 2472 habeut
564 2408 778 2490 sepulcralem.
821 2409 961 2474 Defertur
990 2429 1077 2474 mane
1105 2429 1216 2492 corpus
1244 2411 1281 2473 ad
1305 2410 1468 2474 ecelesiam
1492 2415 1595 2489 aperto

322 2511 433 2587 loculo,
457 2511 618 2592 deponitur
639 2510 670 2572 in
692 2511 849 2586 Narthece‚
877 2511 1027 2575 interdum
1049 2512 1081 2575 in
1103 2514 1170 2576 navi
1192 2513 1350 2576 ecciesiae.
1388 2511 1543 2593 incipiunt
1562 2509 1597 2570 ii·

320 2669 640 2685 -..---

411 2767 436 2826 ii
458 2765 825 2816 biourawieti·biouralt
843 2767 890 2816 hc
909 2781 933 2831 p.
946 2765 996 2817 ³08
1015 2767 1145 2817 nonnullas
1163 2769 1233 2818 affert
1256 2765 1370 2831 strophas
1395 2782 1410 2816 a
1435 2779 1528 2816 annue
1551 2761 1595 2812 aiio

324 2849 470 2918 paracletico
488 2849 659 2916 depromptae:
678 2851 780 2912 „Gieich
802 2852 978 2915 Regentropien
999 2851 1137 2900 scbwinden
1156 2855 1235 2902 meina
1258 2851 1335 2901 bosen
1359 2849 1408 2900 und
1428 2851 1519 2900 barren
1538 2850 1595 2910 rape

324 2937 349 2987 in
373 2935 510 2986 0bnnracbt
532 2935 575 2986 mit
598 2935 653 2985 dem
677 2935 753 2988 Lauta
777 2937 924 2997 dardahe,
948 2934 996 2985 und
1019 2935 1097 2998 gehen
1121 2939 1180 2999 jerat
1202 2935 1326 2987 schonau
1348 2934 1417 2986 Euda
1436 2959 1472 2972 -
1490 2933 1594 2996 inrisio,

326 3029 389 3074 retra
407 3017 508 3072 orientu

409 3105 488 3166 „ietm
505 3104 537 3154 ist
553 3104 633 3156 meina
649 3104 720 3154 Secia
738 3106 762 3156 in
780 3119 879 3168 prosaer
897 3104 993 3165 Furcbt,
1012 3103 1061 3154 nnd
1079 3105 1237 3156 schmerciicb
1257 3107 1288 3158 iet
1306 3105 1352 3156 mir
1369 3105 1414 3156 dea
1433 3101 1594 3154 nuansweicb-

323 3189 387 3242 tiene
406 3189 485 3252 Zapen
504 3191 597 3240 rneioer
615 3189 670 3239 haid
688 3189 850 3240 scheidendan
869 3189 940 3239 Seeie
958 3215 990 3225 -
1008 3189 1174 3252 Aiierreiaete,
1193 3198 1268 3240 trosta
1286 3187 1362 3240 siet“

410 3273 476 3337 „Das
494 3276 525 3323 ist
543 3273 581 3323 die
599 3271 650 3323 zen
668 3273 711 3323 der
730 3274 809 3335 butte,
828 3273 871 3323 das
889 3273 927 3323 dic
945 3273 998 3325 Zsit
1014 3273 1097 3324 deioes
1115 3275 1240 3336 Sebutzes,
1258 3275 1310 3334 das,
1328 3289 1343 3326 o
1362 3274 1476 3337 decipio,
1493 3269 1594 3330 diazeit,

325 3357 368 3410 ani
383 3357 474 3410 welche
492 3359 532 3408 hin
551 3359 589 3408 ich
607 3358 657 3421 Tea
675 3357 722 3408 und
740 3358 817 3408 Naeht
834 3359 889 3408 dieh
908 3359 1027 3421 anpedeht
1045 3359 1106 3408 habe
1124 3359 1148 3408 in
1168 3359 1264 3410 heisacu
1282 3359 1419 3410 Gebetau.“

410 3443 525 3504 ,dionamt
542 3445 603 3494 auch
621 3444 667 3505 ihr,
687 3444 764 3493 meina
782 3443 886 3505 heiligen
904 3442 988 3504 Boset,
1007 3444 1046 3493 ihr
1063 3445 1125 3494 mich
1144 3459 1172 3494 au
1190 3445 1275 3494 atehen
1295 3457 1337 3493 ror
1355 3444 1411 3494 dem
1425 3437 1595 3494 Richterstnbis

325 3527 424 3588 Christi,
442 3527 491 3578 nnd
509 3528 589 3580 todem
607 3528 644 3578 ihr
663 3529 693 3578 tm
713 3527 793 3578 (beista
811 3542 869 3577 euro
886 3526 961 3576 linies
979 3528 1060 3592 haupt,
1078 3530 1128 3580 ruit
1145 3529 1188 3580 mit
1205 3529 1305 3580 Weinen
1322 3543 1351 3578 aa
1370 3529 1421 3580 ihus
1440 3529 1497 3579 ant:
1522 3525 1594 3575 Scho-

324 3613 381 3677 pter
398 3611 441 3662 dea
459 3610 504 3672 ttt,
523 3612 633 3663 erbarme
651 3612 705 3662 dieb
725 3612 817 3662 meiner
836 3611 883 3662 und
902 3612 998 3662 rerwiri
1014 3614 1080 3664 oiebt
1097 3613 1141 3664 das
1159 3613 1230 3664 Wori
1247 3614 1331 3664 deicer
1350 3611 1475 3664 iitnda!“

411 3695 491 3757 „bisin
509 3696 580 3747 biund
598 3696 713 3758 schweipt
730 3695 778 3746 nod
798 3696 877 3748 neira
895 3695 996 3748 Stimma
1013 3698 1082 3749 redet
1099 3697 1173 3760 nicht,
1192 3698 1251 3750 ther
1269 3699 1312 3749 das
1330 3698 1391 3751 biara
1409 3698 1518 3764 sprieht;
1537 3695 1594 3746 dett

325 3781 365 3832 ein
383 3781 461 3830 Fruar
478 3779 521 3831 der
538 3781 731 3844 Zerknirschunp
748 3780 857 3832 rereehrt
874 3795 909 3842 es,
930 3781 978 3832 oud
996 3782 1039 3832 mit
1057 3783 1311 3848 noaumpreehlichem
1325 3783 1416 3834 Fieben
1435 3783 1486 3834 rntt
1502 3797 1529 3833 es
1546 3777 1593 3829 dirh

324 3881 365 3928 an,
384 3880 398 3914 n
415 3861 571 3928 loopiraaP‘

409 3949 435 4010 2)
459 3950 617 4001 Sacerdotem
641 3964 744 4015 corpora
767 3966 780 4000 t
803 3951 971 4002 sacerdotibus
995 3967 1057 4016 puro
1082 3953 1239 4016 deterguntur
1262 3952 1317 4002 obeo
1342 3961 1366 4002 et
1388 3955 1467 4004 sacris
1485 3959 1593 4003 ornantur

325 4035 439 4088 autibus.
458 4035 552 4086 Feriam
570 4034 684 4098 operiant
701 4035 752 4084 reio
771 4035 861 4096 calicia,
879 4037 972 4101 pectori
989 4039 1192 4102 superimponunt
1210 4037 1387 4100 evangeiiorum
1406 4037 1524 4088 codicem.
1556 4035 1594 4084 Et·

324 4121 404 4172 tertur
421 4135 434 4170 a
451 4119 633 4171 sacerdotibus:
657 4119 681 4168 iu
705 4118 807 4170 erotesis
826 4121 970 4172 caudelabra
988 4122 1012 4172 in
1031 4122 1128 4173 modurn
1147 4122 1226 4174 crucia
1243 4124 1322 4187 posita
1340 4123 1515 4174 emendantur.
1547 4119 1593 4170 Ιο-

325 4205 396 4256 nachi
414 4205 517 4268 spongia
535 4204 625 4269 tepenti
643 4219 705 4269 aqua
722 4204 866 4256 abluantur:
884 4207 985 4270 spongia
1004 4205 1045 4256 itt·
1065 4209 1144 4258 crucia
1162 4209 1257 4270 signnm
1276 4207 1418 4272 exprimitur
1437 4209 1462 4259 iu
1480 4205 1591 4258 demortui

325 4289 415 4348 tronto,
439 4287 462 4338 in
481 4295 588 4352 pectore,
612 4288 774 4348 inmanibus,
798 4291 821 4340 ic
840 4289 952 4354 pedibus.
977 4291 1000 4340 in
1019 4291 1136 4352 genubus.
1172 4291 1281 4342 induitur
1305 4291 1436 4344 defunctos
1460 4292 1592 4342 vestimento

325 4373 460 4426 mootstioo
479 4387 548 4431 noro.
567 4373 598 4423 ita
617 4380 781 4438 utnusquam
801 4375 964 4437 conspiciatur
982 4389 1070 4440 corpus
1089 4375 1188 4430 nudum.
1223 4375 1256 4426 Ει
1275 4375 1387 4440 biaudpac
1405 4377 1468 4428 toris
1484 4373 1592 4426 amussis

327 4465 378 4508 tres
397 4457 554 4507 edormaotnr
572 4473 656 4508 crocea
674 4457 704 4506 ad
723 4465 794 4521 capnt
811 4472 895 4519 nuum,
916 4459 946 4508 nd
964 4468 1048 4522 peetus
1066 4460 1178 4522 aiter-orn,
1201 4460 1267 4510 abiud
1285 4476 1368 4511 tersus
1386 4476 1481 4525 penna:
1501 4457 1591 4511 residua

326 4539 375 4591 lori
393 4549 461 4604 parte
478 4541 554 4607 pedes
572 4542 776 4606 circnmtipantnr.
811 4541 943 4609 iieportaot
962 4544 1073 4596 monachi
1091 4545 1193 4598 cadaver
1209 4545 1238 4598 ad
1256 4545 1395 4610 ecetesiam,
1417 4549 1443 4598 in
1460 4562 1506 4614 qua
1522 4541 1592 4596 nutu

326 4625 490 4690 accenduntur
507 4626 604 4680 lumina.
