3388 5304
581 1329 805 1422 CAPUT
848 1335 919 1425 lV.

345 1535 400 1596 os
429 1533 737 1600 sacnnnnnro
766 1537 1157 1618 eorumeorurn)
1242 1533 1251 1552 ·

200 1792 228 1850 1.
265 1767 362 1892 Extra
387 1795 602 1860 dubitationem
626 1809 680 1874 est,
705 1799 863 1863 ecclesiam
886 1801 1061 1864 orientalem
1077 1801 1155 1864 baud
1172 1803 1333 1866 dissentire
1349 1805 1387 1867 ab

108 1898 204 1960 latina
229 1897 258 1958 in
283 1897 417 1960 doctrina
440 1899 478 1960 de
499 1900 702 1978 poenitentiae
724 1914 922 1980 sacramento,
945 1903 1024 1964 haud
1040 1903 1206 1966 examinata
1222 1906 1268 1966 rel
1284 1915 1386 1967 notata

108 2001 141 2062 in
165 1999 295 2062 concilio
319 1999 535 2076 Florentino.²)
580 2002 667 2074 Quod
697 2002 722 2063 si
754 2003 888 2066 nonnulli
912 2022 946 2066 ex
970 2002 1204 2066 Protestentium
1227 2005 1386 2084 theologo-

109 2119 177 2164 rum
206 2117 331 2162 numero
359 2109 501 2162 vocarunt
529 2102 559 2164 in
588 2101 848 2182 disceptationem,
877 2123 968 2168 causa
997 2124 1030 2166 ea
1056 2117 1111 2176 est,
1142 2104 1221 2186 quod
1245 2106 1386 2188 antiquae

108 2203 202 2264 buius
232 2201 409 2263 sacramenti
433 2200 588 2276 formulae,
619 2203 724 2266 obviae
746 2205 777 2268 in
799 2206 1013 2271 vetustioribus
1038 2207 1219 2269 Graecorum
1242 2208 1386 2270 eucholo-

110 2303 179 2384 giis‚
209 2302 369 2364 admodum
392 2303 498 2364 breves
523 2313 602 2376 sunt,
632 2305 707 2367 adeo
730 2307 852 2370 mutilae
875 2317 963 2388 atque
986 2307 1113 2370 hiantes.
1158 2307 1282 2370 Videtur
1304 2310 1384 2372 enim

108 2404 238 2468 ecclesia
262 2403 291 2464 in
314 2403 372 2466 hoc
394 2405 537 2484 mysterio
561 2405 651 2468 multa
674 2407 835 2488 reliquisse
858 2410 1025 2472 sacerdotis
1051 2409 1176 2472 arbitrio
1199 2418 1289 2490 atque
1305 2410 1384 2474 iudi·

108 2507 157 2568 oio
180 2524 236 2585 pro
259 2504 443 2584 poenitentis
466 2516 570 2568 natura
594 2518 625 2580 et
646 2510 838 2583 conditione;
861 2529 919 2590 quo
942 2510 1130 2584 factumest,
1153 2510 1384 2574 utneccont'es·

109 2607 208 2669 sionis
237 2595 339 2686 neque
363 2606 562 2670 absolutionis
584 2610 711 2672 lormula
734 2620 810 2676 stata
834 2610 893 2672 illis
917 2611 1002 2674 libris
1026 2612 1137 2674 ineerta
1160 2611 1210 2674 sit.
1253 2615 1292 2676 At
1312 2631 1383 2674 vero

108 2727 176 2770 cum
206 2707 326 2770 saeculo
357 2709 474 2770 decimo
498 2717 581 2772 sexto
605 2730 640 2773 ac
662 2713 805 2792 deinceps
828 2732 861 2773 ex
885 2713 1023 2776 universa
1047 2713 1278 2776 christianorum
1304 2715 1384 2776 occi-

108 2809 273 2872 dentalium
308 2809 359 2869 lite
386 2811 555 2872 exstiterint
583 2813 671 2874 etiam
699 2815 736 2875 de
760 2814 944 2893 poenitentia
978 2815 1219 2888 controversiae,
1257 2815 1385 2878 ecclesia

109 2913 223 2974 Graeca
252 2910 419 2992 perlectum
447 2923 478 2973 et
505 2913 625 2992 plenum
648 2914 737 2976 ritune
760 2915 964 2994 poenitentiae
985 2915 1071 2977 libris
1094 2915 1309 2978 ecclesiasticis
1331 2916 1383 2978 ed-

107 3012 213 3084 iunxit,
244 3013 335 3074 multa
366 3032 399 3073 ex
423 3012 532 3092 priscis
554 3013 640 3075 libris
662 3015 794 3093 privatae
816 3015 986 3076 devotionis
1008 3024 1150 3092 mutuata,
1173 3015 1204 3080 in
1228 3016 1381 3080 nonnullis
1487 3065 1492 3073 ,

108 3114 234 3176 uocibus
257 3133 293 3176 ac
316 3113 453 3176 formulis
475 3113 600 3176 llomani
623 3115 738 3176 ritualis
762 3115 944 3190 imitatrix.³)

194 3219 226 3280 2.
257 3214 435 3278 Necessario
459 3215 536 3294 apud
561 3217 691 3278 Graecos
714 3217 869 3298 praecedit
890 3217 1093 3280 communioni
1116 3216 1313 3296 poenitentia.
1346 3217 1386 3280 Et

108 3318 247 3400 postulat
273 3315 410 3388 ecclesia,
440 3326 471 3376 ut
500 3324 604 3396 quater
632 3335 687 3397 per
714 3336 821 3380 annum
852 3318 996 3380 accedant
1021 3317 1126 3378 fideles
1153 3316 1189 3380 ad
1214 3317 1382 3379 consessio-

109 3438 179 3482 nem
203 3427 232 3480 et
255 3417 464 3480 eucharistiam
489 3417 597 3500 (quoad
621 3419 793 3480 sacerdotes
816 3438 845 3500 p.
862 3421 946 3496 374),
970 3419 1109 3480 nimirum
1132 3419 1163 3480 in
1186 3418 1275 3480 natali
1291 3428 1321 3479 et
1335 3437 1382 3480 re-

109 3521 298 3583 surrectione
312 3518 443 3591 Domini,
466 3519 495 3580 in
520 3519 610 3614 natali
627 3521 706 3582 l’etri
729 3530 759 3582 et
773 3521 857 3583 Pauli
881 3530 910 3583 et
931 3521 961 3582 in
983 3519 1197 3600 Assumptione
1217 3519 1382 3598 virginie.⁴)

196 3708 221 3766 1)
246 3705 314 3765 Quod
335 3707 418 3756 Graeci
439 3706 547 3756 moderni
565 3715 650 3755 uocant
668 3695 847 3770 ἔξαγὸρευσιν
864 3705 897 3756 rel
918 3704 1058 3772 ξηγορίαν.

194 3793 219 3852 2)
240 3793 307 3841 Patet
323 3793 465 3840 senteutiam
485 3791 647 3854 accipiendum
667 3805 721 3839 esse
739 3791 762 3840 iu
783 3791 890 3840 maximis
909 3798 932 3839 et
948 3791 1104 3852 grauissimis.
1131 3789 1162 3841 lit
1179 3791 1382 3842 olleremdiecre·

108 3877 207 3942 pontiae
225 3871 370 3938 exemplum,
389 3889 450 3939 quae
469 3875 568 3938 scripsit
585 3875 718 3925 Germanus
735 3873 870 3938 Episcopus
889 3875 912 3923 io
931 3873 1091 3936 indulgentiae
1110 3875 1212 3938 epistole
1229 3877 1304 3933 (Goer
1322 3874 1384 3936 oet)

110 3985 185 3998 --
207 3951 271 4010 ὅσα
290 3955 325 4010 di
345 3949 522 4022 drdlidnari
540 3951 625 4010 erro
644 3951 935 4022 ἀνιξομολόγητα
953 3953 1034 4008 ἔασε
1052 3949 1281 4023 συγχωρήσαι
1297 3952 1384 4025 αὐτῇ

111 4041 126 4096 ὁ
148 4041 238 4100 Θεός
252 4069 287 4079 -
306 4044 369 4096 baud
387 4058 487 4108 prorsas
506 4043 645 4107 conspirent
663 4057 716 4094 cum
735 4043 967 4094 doetrinallcmene.
985 4042 1089 4108 Excepto
1106 4041 1162 4094 loeo
1180 4042 1384 4092 usnrtstacrtoue

110 4131 172 4181 baud
193 4129 295 4180 multum
314 4128 393 4178 differt
411 4127 614 4179 eeclesieGreeea
632 4128 661 4176 ab
680 4129 779 4178 vetustis
789 4128 979 4177 lutheranorum
998 4128 1027 4178 de
1046 4127 1381 4192 confessiouepriretepree·

109 4215 193 4280 ceptis.

196 4296 222 4356 3)
249 4297 320 4346 flecta
343 4303 425 4347 monet
443 4297 545 4357 Gnarus,
568 4297 639 4347 etiam
664 4297 688 4346 in
705 4295 788 4346 Latina
812 4296 913 4346 eeclesia
933 4297 1053 4361 antiquam
1072 4293 1232 4344 absolutionis
1250 4290 1380 4344 lordrulem

106 4384 185 4434 verbis
209 4381 366 4444 deprecativis
390 4382 549 4446 compositam
568 4380 652 4440 luisse,
676 4381 816 4431 modernam
835 4381 897 4430 bend
916 4395 1033 4445 superero
1050 4377 1173 4430 saecolum
1192 4377 1312 4428 decimum
1330 4385 1380 4428 ter·

107 4468 164 4518 tium
183 4463 220 4516 rel
240 4464 417 4525 duodecimum,
436 4466 524 4530 opinor
541 4465 674 4515 Concilium
693 4465 854 4515 baterenense
873 4463 948 4516 teto.

197 4547 225 4610 l)
243 4547 401 4599 Armenorum
421 4563 502 4600 mores
520 4561 632 4601 enarrant
650 4551 752 4600 Smilla
771 4558 794 4600 et
811 4549 948 4612 liniant:
967 4545 1100 4610 ‚‚⁰baleleb
1119 4548 1142 4598 in
1161 4546 1224 4596 allen
1237 4545 1381 4611 Sprsngeln

109 4634 200 4684 releba
225 4632 263 4682 dle
289 4632 449 4697 hinltnplirlre
465 4634 554 4686 lnrebl
572 4647 616 4686 rou
634 4633 756 4686 Priestern
775 4634 862 4698 beben,
886 4635 924 4686 die
943 4633 1019 4683 lleeee
1036 4631 1124 4695 naueh
1143 4633 1243 4695 pelelert
1259 4631 1327 4694 vird,
1351 4643 1380 4684 so
