3336 5302
572 619 574 626 ⁴
651 595 835 690 Ἔκφώνυς.

187 700 262 776 Καὶ
287 699 398 786 δὸς
377 707 470 800 ημῖν
495 705 536 778 ἐν
562 701 618 777 ἑνὶ
644 700 815 793 στόματι,
852 703 915 778 καλ
940 712 1008 802 μιᾷ
1034 702 1191 832 καρδίᾳ
1198 703 1380 797 δοξάζειν,

104 805 166 879 καὶ
192 806 376 901 ἀνυμνεῒν
400 803 444 879 τὸ
469 800 657 900 πάντιμον
681 804 745 880 καὶ
771 805 1090 934 μεγαλοπρεπίς”
1070 803 1191 903 ανσμαί
1218 833 1287 883 σου
1312 817 1381 884 τοῦ

104 906 253 1006 πατρὸς,
290 905 353 980 καὶ
389 914 457 982 τοῦ
493 906 592 994 υἱοῦ,
627 905 691 982 καὶ
727 915 796 981 τοῦ
807 905 934 1033 ἁγίου
960 904 1183 1005 πνεύματος,
1220 919 1292 987 νῦν
1317 909 1380 985 καὶ

104 1009 172 1098 ἀεὶ,
197 1007 262 1084 καὶ
287 1011 338 1092 εἰς
363 1006 450 1092 τοὺς
476 1013 617 1092 αλῶνας
642 1016 721 1081 τῶν
746 1004 907 1084 αλαίνων.

594 1169 691 1248 Ἐκ

188 1275 299 1350 Καὶ’
286 1281 388 1350 ε’σται
414 1273 460 1348 τὰ
487 1275 564 1372 ἒλέη
591 1284 658 1350 τοῦ
641 1197 850 1404 ίίίυγναίλίλί
871 1281 976 1368 Θεοῦ,
1001 1277 1065 1365 καὶ
1092 1285 1254 1376 σωτῆρος
1268 1277 1379 1376 ἡμῶν

96 1379 217 1476 Ιησοῦ
243 1383 412 1474 Χριστοῦ
437 1375 530 1474 μετὰ
556 1375 712 1454 ποίντων
736 1377 854 1476 ἡμῶν.

189 1581 326 1654 XXXII.
360 1591 398 1659 ‘O
421 1590 575 1673 διάκονος
596 1594 707 1680 λαβὼν
728 1595 844 1683 καιρὸν
866 1595 961 1683 παρὰ
982 1599 1044 1664 τοῦ
1065 1594 1188 1684 λερέως,
1211 1597 1378 1680 1666-

102 1695 186 1776 θὼν,
208 1697 265 1762 καὶ
287 1695 369 1774 στὰς
389 1693 424 1762 έν
445 1699 493 1783 τῷ
514 1691 662 1784 συνήθει
675 1693 781 1785 τόπῳ,
804 1696 908 1784 λέγει·

187 1796 356 1874 Πάντων
382 1806 460 1873 τῶν
487 1797 607 1897 ἁγίων
632 1797 969 1896 μνημονεύσαντες,
1004 1803 1056 1876 έτι
1081 1802 1145 1877 καὶ
1170 1803 1234 1890 ἔτι,
1262 1805 1302 1877 ἐν
1328 1808 1379 1877 ελ-

103 1898 196 2028 ρήνη
223 1909 291 1975 τοῦ
318 1899 415 2026 Κυρί
416 1928 461 1975 ου
488 1897 698 1998 δεηθῶμεν.

182 2002 307 2100 ’Υπὲρ
334 2010 426 2077 τῶν
452 2003 912 2100 προςκσμισθέντων,
939 2001 1016 2079 καὶ
1043 1999 1378 2107 ἆγιασθέντῳν

103 2103 272 2198 τιμίων
298 2100 484 2203 δαίρων,
511 2133 593 2180 του
574 2103 790 2202 Κυρίου
817 2104 1075 2202 δεηθῶμεν.

176 2205 369 2289 Ὅπως“
351 2237 371 2280 υ
397 2201 738 2302 φιλάνθρωπος
766 2205 918 2292 Θεὸς“
896 2213 1048 2334 ημῶν,
1075 2235 1095 2280 ο
1081 2203 1377 2333 ’προςδεξοί-

101 2336 241 2404 μενος
278 2306 395 2382 αὐτὰ
432 2313 497 2391 ελς
521 2307 571 2382 τὸ
598 2305 755 2436 ἅγιον,
791 2308 868 2384 καί
893 2304 1263 2436 ῦπερουραίνιον,
1300 2307 1377 2383 καὶ

102 2407 269 2507 νοερὸν
314 2409 460 2485 αὐτοῦ
482 2408 855 2536 θυσιαστήριον
891 2410 1006 2494 εἰς’
990 2407 1140 2506 ασμὴν
1176 2407 1379 2494 εὐωδίας

103 2519 445 2640 πνευιιατικης,
473 2511 866 2638 ἀντικαταπέμψη
892 2511 1005 2609 ἡμῖν
1029 2510 1112 2607 τὴν
1138 2509 1278 2586 θείαν
1300 2507 1379 2606 χοί-

104 2641 198 2708 ριν,
235 2611 314 2687 καὶ
348 2611 431 2710 τὴν
458 2611 639 2710 δωρεὰν
665 2621 746 2688 τοῦ
773 2613 912 2716 ἁγίου
938 2609 1236 2724 πνεῦματως,
1274 2611 1379 2709 δεη-

104 2717 277 2841 θῶμεν
295 2716 409 2808 (Clem
424 2716 481 2789 16.
508 2717 671 2812 Ιει..3λ)

182 2813 308 2914 Ὑπὲρ
346 2822 427 2890 τοῦ
453 2813 736 2912 ῥυσθῆναι(
715 2823 834 2912 ημᾶς
860 2815 948 2891 ἀπὸ
974 2812 1121 2911 παίσης
1147 2814 1377 2914 θλίψεως,

104 2917 263 3018 ὀργῆς,
300 2914 531 2993 κινδύνου
566 2916 643 2994 καί
676 2914 902 3019 ἀνάγκης,
938 2925 1020 2993 τοῦ
1057 2915 1237 3014 Κυρίου
1273 2915 1378 3013 δεη-
1443 2933 1446 2945 ’

103 3022 266 3115 θιῦμεν
294 3021 368 3114 (lac.
391 3023 460 3116 12).

557 3147 627 3218 ‘⁸0
617 3149 723 3238 ιερεῦς
743 3147 928 3234 έπεῦχεται.

187 3253 263 3329 Σοὶ
288 3254 673 3382 παρακατατιθέμεθα
699 3252 767 3349 τὴν
794 3250 932 3379 ζωὴν
911 3259 1020 3349 ημῶν
1039 3251 1203 3340 ἅπασαν,
1230 3247 1292 3322 καὶ
1308 3248 1378 3343 τὴν

104 3353 249 3446 ἐλπίδα,
285 3354 446 3432 δέσποτα
482 3353 742 3455 φιλάνθρωπε,
778 3353 842 3430 καὶ
866 3361 1169 3449 παρακαλοῦμεν,
1205 3350 1268 3424 καὶ
1294 3347 1378 3424 δεό-

104 3459 208 3552 μεθα
217 3513 231 3547 ,
272 3457 335 3532 καὶ
369 3456 595 3554 ἱκετεύομεν·
640 3454 928 3542 καταξίωσον“
907 3464 1005 3552 ημᾶς
1040 3453 1265 3552 μεταλαβεῖν
1298 3459 1377 3527 τῶν

105 3557 338 3656 ἐπουρανίων
374 3583 456 3648 σου,
491 3588 554 3634 και
580 3566 749 3655 φρικτῶν
774 3558 991 3653 μυστηρίων
1016 3554 1153 3652 ταύτης
1188 3563 1251 3649 τῆς
1276 3553 1377 3651 ἱερᾶς

104 3661 166 3735 καὶ
202 3661 452 3787 πνευματικῆς
493 3658 696 3755 τραπέζης,
738 3658 832 3755 μετὰ
867 3661 1044 3755 καθαροῦ
1080 3655 1291 3740 συνειδότας
1327 3660 1377 3740 τίς

106 3763 241 3860 ἄφεσιν
265 3761 474 3859 ἁμαρτιῶν,
501 3766 551 3846 εἷς
577 3758 815 3861 συγχώρησιν
833 3755 1168 3857 πλημμελημάτων,
1196 3762 1246 3840 ελς
1266 3751 1377 3831 πνεῦ-

105 3891 221 3956 ματας
246 3861 356 3963 ἁγίου
381 3863 595 3952 κοινωνίαν,
623 3867 672 3946 ελς
696 3861 887 3960 βασιλείας
912 3861 1086 3960 οὐρανῶν
1112 3857 1374 3956 κληρονομίαν,

106 3969 153 4050 ελς
187 3965 395 4062 παρρησίαν
429 3963 498 4060 τὴν
533 3963 625 4064 πρὸς
660 3963 721 4054 σὲ,
764 3963 815 4060 μὴ
853 3969 902 4047 ελς
936 3967 1071 4062 κρῖμα,
1116 3961 1139 4058 6
1176 3966 1225 4044 ελς
1259 3959 1375 4034 κατοί-

106 4093 230 4164 κριμα

139 4249 153 4254 -
157 4250 186 4256 -.
190 4247 409 4255 .——-————

189 4337 249 4402 Cup.
267 4335 355 4388 mu.
391 4337 417 4388 C.
437 4345 493 4402 ροιι
511 4338 645 4388 orationem
664 4325 834 4400 πρίσχες-
851 4325 909 4386 εἶτα
928 4327 1014 4392 ουτως
1029 4331 1120 4401 θυμιᾳ
1138 4323 1170 4380 16
1189 4327 1255 4398 ἅγια
1272 4327 1375 4392 λέγων·

107 4411 211 4484 ῦψιλσιι
229 4431 261 4468 σε
278 4411 293 4470 6
314 4413 383 4476 Θεός
399 4435 463 4483 μου,
480 4413 504 4468 ὤ
519 4419 632 4484 βασιλεῦ
648 4433 706 4488 μου
723 4418 771 4468 καλ
787 4411 927 4486 εὐλογήσω
944 4413 974 4470 τὸ
991 4409 1080 4480 ὄνομα
1097 4427 1149 4466 σου
1165 4413 1205 4470 εις
1221 4407 1270 4462 τόν
1287 4409 1375 4460 αιῶια

108 4501 152 4552 τοῦ
168 4500 279 4559 αλιιλνος.
302 4504 367 4572 τρίς.
398 4496 544 4600 ‘Y6661111
567 4499 615 4554 λιιι
632 4497 694 4561 τοῦς
710 4495 877 4570 οὐρανοῦςὸ
899 4495 967 4559 Θεὸς
981 4499 1029 4550 καλ
1046 4496 1095 4549 ἐπὶ
1110 4497 1207 4547 πᾶσαν
1224 4495 1272 4592 την
1289 4487 1374 4594 γῆνῆ

108 4579 172 4644 eota
181 4599 244 4638 σου
261 4587 327 4654 τρίς.
360 4580 449 4636 Καλ“
436 4603 451 4638 α
469 4580 598 4644 διάκονος
614 4579 760 4654 ἔκφιίνως·
778 4581 954 4656 πρόσχωμιν.
975 4575 1110 4650 Ολερευς
1124 4573 1208 4648 υψῦν
1225 4575 1273 4631 τὸν
1289 4573 1374 4650 ἄρτον

107 4667 191 4736 λέγει·
210 4665 243 4721 16
261 4659 329 4737 ἅγια
347 4671 404 4730 τοῖς
420 4664 519 4740 ἁγίοις.
551 4664 697 4742 ‘0166-
715 4663 832 4741 1661·
820 4685 835 4723 ο
853 4668 883 4724 16
901 4661 1041 4737 πανέγιον
1057 4664 1115 4718 κτλ.
1134 4667 1161 4720 C.
1183 4691 1212 4706 ··
1229 4689 1263 4702 -
