3336 5302
902 393 979 480 Ὶ361
992 465 997 472 .

833 570 871 643 Ὁ
894 571 1057 653 διάκονος.

382 678 629 775 Ἀντιλαβου,
678 684 871 766 σῶσον,
918 677 1125 774 ἐλέησον
1165 675 1249 752 καὶ
1283 675 1563 776 διαφύλαξον

307 779 425 878 ἡμᾶς
451 778 470 854 ὁ
501 777 610 864 θεὸς
634 785 686 875 τῇ
713 786 764 874 σῇ
789 773 950 875 χάριτι
977 780 1052 874 (Iac.
1072 782 1145 876 22).
1388 798 1389 801 ’

394 897 484 994 Τὴν
509 896 686 996 ἡμέραν
710 905 865 972 πᾶσαν
891 895 1100 986 τελείαν,
1127 895 1288 998 ἁγίαν,
1315 897 1562 996 ελρηνικήν,
1648 949 1649 968 .

305 998 382 1075 καὶ
418 996 771 1098 ἀναμάρτητον,
808 997 931 1097 παρὰ
956 1007 1038 1074 τοῦ
1064 997 1243 1097 Κυρίου
1269 996 1562 1095 αἰτησαίμεθα

308 1105 384 1198 (Iac.
415 1105 485 1198 12).

380 1221 599 1322 Ἄγγελον
625 1214 832 1316 εἰρήνης,
858 1217 1025 1294 πιστὸν
1051 1216 1246 1319 ὁδηγὸν,
1274 1213 1461 1316 φύλακα
1484 1227 1562 1294 τῶν
1649 1219 1650 1266 ³

306 1328 490 1419 ψυχῶν,
528 1319 608 1395 καὶ
643 1327 734 1394 τῶν
770 1317 1001 1414 σωμάτων
1035 1319 1186 1418 ἡμῶν,
1221 1319 1344 1419 παρὰ
1379 1329 1461 1396 τοῦ
1486 1327 1560 1396 Κο-

307 1422 411 1520 ρίου
438 1417 742 1518 αἰτησαίμεθα
769 1423 929 1518 (Ιαο.12).

391 1534 689 1642 Συγγνώμην
735 1539 813 1616 καὶ
855 1541 1025 1638 ἄφεσιν
1067 1547 1161 1615 τῶν
1198 1539 1463 1637 ἁμαρτιῶν,
1498 1539 1563 1614 καὶ
1650 1543 1651 1576 ¹

305 1649 399 1716 τῶν
426 1637 832 1738 πλημμελημάτων
857 1641 1025 1738 ἡμῶν,.
1044 1639 1167 1739 παρὰ
1193 1650 1278 1716 τοῦ
1302 1641 1478 1740 Κυρίου
1503 1646 1563 1716 αλ-

306 1740 561 1838 τησαίμεθα
589 1745 663 1836 (Ιαο.
687 1746 757 1841 12).

396 1861 456 1935 Τὰ
492 1860 608 1935 καλὰ
642 1859 720 1935 καὶ
755 1859 1058 1959 συμφέροντα
1093 1865 1194 1946 ταῖς
1230 1865 1406 1960 ψυχαῖς
1431 1861 1562 1956 ἡμῶν,

305 1963 385 2040 καὶ
410 1959 603 2058 εἰρήνην
628 1971 691 2060 τῷ
714 1960 895 2061 κόσμῳ,
920 1962 1044 2060 παρὰ
1069 1969 1151 2038 τοῦ
1177 1961 1358 2063 Κυρίου
1385 1960 1563 2060 αλτησά

306 2069 429 2161 μιθα
457 2067 532 2159 (Iac.
558 2068 628 2162 12).

394 2182 483 2258 Τὸν
517 2181 780 2257 ὑπόλοιπον
813 2179 989 2279 χρόνον
1024 2189 1103 2278 τῆς
1139 2181 1257 2279 ζωῆς
1287 2182 1419 2280 ἡμῶν
1454 2185 1493 2258 ἐν
1523 2185 1565 2256 ελ-

307 2281 413 2384 ρήνῃ,
438 2281 502 2358 καὶ
518 2283 696 2380 μετανοίᾳ
716 2284 950 2359 ἐκτελέσαι
975 2282 1116 2381 ἡμᾶς,
1142 2283 1265 2384 παρὰ
1290 2291 1374 2359 τοῦ
1399 2281 1566 2382 Κυρίου
1652 2291 1653 2302 ’

307 2383 613 2484 αἰτησαίμεθα
640 2388 714 2482 (Iac.
736 2389 805 2483 12).
1449 2389 1456 2398 ’

388 2503 656 2598 Χριοτιανὰ
691 2503 744 2577 τὰ
778 2505 881 2599 τέλη
907 2511 985 2599 τῆς
1011 2503 1125 2600 ζωῆς
1150 2503 1298 2600 ήμῶν,
1336 2503 1565 2591 ἀνώδυνα,

308 2605 682 2700 ἀνεπαίσχυντα,
719 2605 896 2702 εἰρηνικὰ,
930 2605 1007 2680 καὶ
1041 2603 1185 2702 καλὴν
1209 2605 1473 2732 ἀπολογίαν
1496 2604 1566 2702 τὴν

307 2706 380 2782 ἐπὶ
415 2714 497 2781 τοῦ
534 2707 742 2803 φοβεροῦ
777 2706 1006 2804 βήματος,
1043 2707 1145 2805 παρά
1177 2715 1248 2782 τοῦ
1271 2714 1415 2806 Κυριου
1450 2713 1566 2804 αλτη-

307 2806 504 2902 σαίμεθα
532 2811 607 2903 (Iac.
632 2813 702 2906 12).

395 2925 471 3023 Τήν
497 2923 651 3022 ἑνότητα
677 2935 741 3022 τῆς
766 2924 932 3016 πίστεως,
965 2925 1029 3001 καί
1054 2926 1123 3023 τὴν
1148 2926 1351 3002 κοινωνίαν
1375 2935 1446 3002 τοῦ
1471 2925 1565 3027 ἁγίου

306 3025 517 3123 πνεύματος
553 3026 812 3122 αἰτησάμενοι,
852 3027 1066 3116 ἑαυτοὺς,
1102 3028 1180 3103 καί
1216 3026 1468 3124 ἀλλήλους,
1501 3027 1565 3102 καὶ

307 3137 461 3206 πᾶσαν
495 3131 578 3226 τὴν
615 3129 737 3226 ζωήν
772 3131 903 3226 ήμῶν
928 3135 1119 3228 Χριστῷ
1145 3138 1205 3228 τῷ
1235 3134 1327 3228 Θεῷ
1354 3127 1567 3224 παραθαλ-

307 3234 432 3322 μεθα
458 3233 571 3328 (clem.
594 3233 663 3328 16).

852 3345 1035 3437 Ἕκφαίνως.

391 3447 480 3522 Καὶ
504 3450 800 3534 καταξίωσον
824 3450 962 3546 ἡμᾶς,
999 3449 1224 3538 δέσποτα,
1260 3450 1373 3544 μετὰ
1407 3455 1566 3550 παρρη-

308 3547 412 3632 σίας
455 3551 781 3647 ἇκατακρίτως
822 3559 1001 3648 τολμᾷν
1044 3551 1378 3626 ἐπικαλεῖσθαί
1416 3577 1463 3627 σε
1497 3553 1567 3627 τὸν

307 3649 593 3749 ἐπουράνιον
622 3654 735 3728 Θεὸν
762 3654 957 3750 πατέρα,
983 3652 1060 3727 καὶ
1085 3653 1239 3754 λέγειν
1265 3656 1426 3752 (λοοῧὸ).

390 3779 428 3849 ‘0
450 3783 541 3868 λαὸς,
568 3785 607 3854 τὸ
636 3768 791 3865 Πάτερ
828 3771 968 3867 ἡμῶν.
1018 3782 1057 3853 ‘0
1079 3783 1195 3873 ἱερεύς.
1215 3769 1315 3848 Ὅτι
1342 3780 1426 3850 σοῦ
1452 3775 1566 3847 ἐστιν

306 3869 330 3968 ἡ
366 3871 607 3968 βασιλεία,
643 3874 720 3950 καὶ
755 3873 778 3970 ἡ
814 3872 1035 3964 δύναμις,
1072 3873 1150 3948 καὶ
1186 3873 1209 3968 ή
1246 3870 1358 3959 δόξα
1384 3882 1467 3950 τοῦ
1491 3901 1565 3948 τιο-

307 3971 435 4070 τρὺς,
461 3973 538 4049 καὶ
562 3983 644 4050 τοῦ
669 3975 793 4064 υἱοῦ,
820 3974 896 4050 καί
922 3983 1003 4050 τοῦ
1025 3974 1164 4077 ἁγίου
1182 3972 1467 4073 πνεύματος,
1493 3981 1565 4052 νῦν

306 4073 383 4148 καί
421 4074 511 4165 ἀεὶ,
547 4076 626 4152 καὶ
652 4081 716 4161 εἰς
740 4077 850 4161 τοὺς
875 4082 1049 4161 αἰῶνας
1074 4083 1167 4150 τῶν
1193 4073 1378 4154 αλοίναιν
1415 4081 1488 4175 (Iac.
1514 4077 1564 4152 38.

307 4177 368 4249 Μο.
399 4177 469 4272 18).

392 4363 547 4436 XXXIII.
588 4370 684 4460 Εἶτα,
713 4359 851 4463 Εἰρήνη
878 4371 978 4439 πᾶσι.
1006 4364 1011 4374 ’

832 4509 870 4580 Ὁ
892 4510 1055 4594 διάκονος.

395 4611 468 4695 Τὰς
492 4615 656 4712 κεφαλὰς
679 4615 790 4713 ὑμῶν
815 4625 868 4713 τῷ
896 4616 1024 4717 Κυρίῳ
1050 4615 1207 4694 κλίνατι.
