3378 5302
229 1167 240 1184 ’
333 1142 398 1218 καὶ
422 1141 616 1239 πρόςδεξαι
642 1146 772 1244 αὐτὴν,
799 1145 850 1230 ὥς
874 1175 1024 1240 προςεε

936 454 1008 528 106

332 634 440 730 τικὴν
465 633 606 734 ταύτην
631 637 695 712 καὶ
720 637 956 730 ἀναίαακτον
981 636 1185 726 θυσίαν,
1171 635 1220 734 ἠν
1244 633 1538 766 προεδεξάμενος
1563 643 1616 721 εὶς

333 735 376 810 τὸ
403 736 513 838 ἅγιον
537 738 602 813 καὶ
625 738 898 836 ὑπερουράνιον
923 768 987 814 και
974 736 1155 869 νοερόν
1161 763 1230 814 σου
1247 736 1535 868 θυσιαστήριον,
1563 744 1616 822 είς

333 839 456 935 ὀσμὴν
488 839 648 925 εὐωδίας
678 850 940 938 πνευματικῆς,
976 836 1307 969 ἀντικατάπεμηνον
1330 839 1423 937 ἡμῖν
1447 839 1517 938 τὴν
1540 838 1615 936 χά-

333 967 395 1068 ριν
427 949 496 1016 τοῦ
528 942 715 1071 πανργίου
749 967 819 1018 σου
852 940 1092 1038 Πνεόματος·
1127 940 1193 1018 ναὶ
1225 941 1245 1017 6
1281 942 1417 1026 Θεὸςέ
1419 941 1615 1072 πίβληριον

333 1042 393 1138 ἐφ’
423 1041 534 1138 ἡμᾶς,
560 1072 624 1118 και
612 1043 788 1172 666666'
776 1045 835 1119 επὶ
852 1044 928 1141 τὴν
953 1053 994 1119 λο
1019 1043 1104 1142 ικὴν
1128 1040 1347 1172 λατρείριν’
1326 1051 1437 1141 ημῶν
1454 1042 1614 1140 ταύτην,

984 1073 1046 1232 δέξ
1026 1151 1075 1232 ξω
1092 1147 1219 1273 ’Ἅβελ
1228 1175 1274 1219 τα
1260 1143 1415 1243 δῶρα,
1443 1151 1529 1220 Νῶε
1546 1145 1616 1274 τάς

332 1244 485 1334 θυσίας,
520 1247 693 1332 Μωσέως
723 1277 787 1323 και
774 1247 952 1376 Ἀαριδν
984 1247 1051 1332 τὰς
1082 1242 1299 1345 ἱερωσύνας,
1335 1245 1518 1343 Σαμουὴλ
1545 1247 1616 1374 τάς

333 1345 530 1443 εἰρηνικάς,
557 1347 749 1446 Δαβίδ
710 1379 779 1446 την
804 1346 1020 1480 μετάνοιαν,
1046 1348 1240 1446 Ζαχαρίου
1266 1349 1308 1424 τὸ
1334 1347 1533 1444 θυμίαμα·
1562 1348 1616 1476 τός

333 1447 577 1542 προςεδέξω’
562 1479 602 1524 εκ
623 1450 746 1550 χειρὸς
770 1459 848 1526 τῶν
874 1450 1093 1579 ἀποστόλων
1119 1477 1188 1526 σου
1213 1451 1283 1548 τὴν
1308 1449 1495 1546 ἀληθινὴν
1519 1447 1616 1524 ταύ-

332 1576 401 1645 την
428 1549 614 1648 λατρείαν,
642 1551 740 1627 οὕτω
766 1550 960 1650 πρόςδεξαι
976 1553 1040 1627 καί
1058 1557 1098 1628 ἐκ
1111 1561 1249 1651 χειρῶν
1264 1552 1374 1650 ἡμῶν
1390 1560 1470 1626 τῶν
1485 1551 1616 1682 ἁμαρ-

332 1658 466 1726 τωλῶν
498 1651 545 1726 τά
578 1651 800 1752 προκείμενα
832 1654 939 1754 δῶρα
970 1663 1092 1784 τριῦτα
1125 1659 1166 1729 εἰν
1196 1662 1241 1749 τῇ
1274 1651 1495 1750 χρηστότητί
1521 1677 1614 1728 σου·

333 1751 398 1826 καὶ
430 1751 497 1837 δὸς
519 1755 698 1854 γενέσθαι
724 1756 793 1853 τὴν
818 1756 1035 1856 προςφορόν
1058 1755 1168 1854 ἡμῶν
1193 1753 1524 1854 εὐπρόςδεκτον,“
1502 1783 1616 1857 ηγια-

334 1853 474 1950 σμένην
490 1858 532 1930 ἐν
547 1855 785 1950 Πνεύματι
762 1858 871 1984 αγίιρ,
898 1863 948 1943 ελς
973 1857 1172 1985 ἐξίλασμα
1174 1865 1254 1932 τιῦν
1277 1856 1466 1954 ἡμετέρων
1491 1866 1614 1954 πληιι-

333 1952 569 2051 μελημάτων,
595 1958 762 2035 καὶτῶν
786 1967 854 2035 τοῦ
880 1967 973 2035 λαοῦ
1000 1956 1267 2087 ἀγνοημάτων,
1289 1988 1353 2034 και
1340 1959 1457 2042 669¹
1438 1956 1617 2033 ανάπαυ-

334 2082 395 2132 σιν
428 2064 509 2136 τῶν,
538 2061 834 2188 προκεκοιρένων
866 2070 1020 2159 ψυχῶν·
1055 2064 1120 2137 ἵνα
1152 2060 1216 2136 καί
1246 2060 1351 2158 ἡμεῖς
1383 2061 1418 2135 06
1443 2059 1616 2136 ταπεινοὶ

332 2158 395 2234 καὶ
422 2158 637 2255 ἁμαρτωλοί
667 2161 730 2236 καὶ
756 2160 900 2248 ἀνάξιοι
928 2160 1056 2238 δοῦλοί
1082 2188 1164 2253 σου,
1200 2162 1493 2248 καταξιωθέντες
1519 2160 1616 2237 6666-

334 2269 406 2343 λως
439 2267 663 2389 λειτουργεῖν
696 2270 748 2361 τῷ
782 2262 879 2392 ἁγίῳ
913 2288 982 2338 σου
1015 2263 1295 2362 θυσιαστηρίῳ,
1332 2260 1511 2362 λάβωμεν
1543 2263 1616 2338 τὸν

332 2360 478 2488 μισθὸν
510 2371 588 2436 τῶν
613 2372 757 2439 πιστῶν
782 2365 846 2440 καὶ
855 2364 1071 2492 φρονίυων
1097 2365 1318 2463 οἰκονόμων,
1353 2364 1417 2440 καὶ
1442 2364 1617 2460 εόρωυεν
1678 2387 1679 2394 ’

331 2460 446 2561 χάριν
478 2463 542 2538 καὶ
574 2465 670 2550 ἔλεος
701 2467 742 2542 ἐν
774 2475 818 2564 τῇ
844 2466 964 2566 ἡιιέρα
990 2477 1034 2565 τῇ
1062 2471 1208 2568 φοβερᾷ
1234 2475 1298 2564 τῆς
1324 2463 1615 2552 άνταποδόσεαίς

334 2588 404 2660 Ισου
430 2572 495 2661 τῆς
519 2563 665 2652 δικαίας
689 2567 753 2642 καί
778 2569 938 2672 ἀγαθῆς.

718 2715 806 2808 Εόχὴ
829 2725 889 2788 τοῦ
909 2715 1219 2804 καταπετάσματος.

412 2837 552 2912 XXVII.
579 2837 887 2934 Εὐχαριστοῦμέν
913 2863 984 2928 σοι,
1012 2835 1125 2938 Κύριε
1151 2835 1317 2922 66669‘
1295 2845 1418 2934 ημῶν,
1444 2835 1500 2910 ότι
1519 2835 1620 2910 6666-

334 2966 402 3021 κας
425 2937 517 3034 ἡμῖν
542 2940 748 3066 παρρησίαν
774 2945 824 3025 εἰς
848 2941 917 3038 τὴν
941 2938 1084 3024 εἴςοδον
1108 2948 1187 3015 τῶν
1210 2938 1331 3069 ἁγίων
1356 2961 1437 3026 σου,
1462 2937 1511 3034 661
1526 2939 1620 3012 ἄνε-

334 3040 505 3126 καίνισας
536 3039 628 3138 ἡμῖν
661 3040 753 3118 ὁδὸν
786 3040 1001 3140 πρόςφατον
1026 3071 1090 3117 και
1077 3041 1243 3132 ζῶσαν
1269 3039 1333 3115 6666
1359 3048 1427 3114 τοῦ
1452 3067 1619 3114 καταπε-

334 3140 524 3236 τάσματος
555 3151 620 3239 τῆς
653 3143 790 3238 σαρκὸς
814 3153 883 3273 ‘606
907 3151 1077 3243 Χριστοῦ
1104 3169 1190 3218 σου·
1224 3142 1517 3226 καταξιωθέντες
1543 3137 1620 3217 οὗν

335 3247 511 3329 είςελθεῖν
537 3250 588 3330 είς
612 3242 729 3323 τόπον
754 3243 1010 3374 σκηναίματος
1022 3244 1131 3342 δόξης
1157 3269 1239 3334 σου,
1272 3246 1345 3318 ἔσω
1370 3273 1409 3316 τε
1433 3243 1620 3345 γενέσθαι

334 3355 403 3422 τοῦ
435 3344 777 3474 καταπετάσματος,
811 3349 874 3422 καί
905 3347 952 3421 τοὶ
986 3347 1075 3472 ἅγια
1102 3355 1180 3422 τῶν
1206 3345 1326 3472 ἁγίων
1351 3351 1620 3435 κατοπτεῦσαι,

335 3448 609 3546 προςπίπτομεν
623 3458 668 3545 τῆ
682 3475 728 3546 ση
712 3447 972 3578 ἀγαθότητι·
997 3449 1180 3538 Δέσποτα,
1195 3445 1375 3544 ἐλέησαι
1356 3454 1468 3543 ημᾶς·
1472 3444 1619 3573 ἐπειδὴ

337 3549 500 3648 έμφοβοί
524 3550 588 3624 καὶ
615 3549 789 3650 ἔντρομοί
813 3553 937 3648 ε’σμεν,
962 3551 1156 3647 μέλλοντες
1180 3549 1410 3648 παρεστάναι
1436 3555 1489 3648 τῷ
1516 3546 1622 3648 ἁγίῳ

332 3710 644 3728 α-ι--μ--ι-

422 3787 479 3853 Cep.
497 3788 585 3839 xxvss.
620 3788 649 3839 Μ.
669 3789 803 3839 orationem
822 3787 871 3837 τοῦ
888 3778 1135 3855 καταπετάσματος
1152 3789 1225 3839 habet
1242 3801 1319 3853 usque
1337 3787 1367 3838 τό
1378 3787 1448 3838 verbe
1462 3785 1620 3848 θυσιαστη-

337 3871 387 3937 ρίῳ
404 3871 458 3921 καί,
469 3871 675 3939 προςφίρομεν.
711 3873 840 3939 Sequitur:
859 3870 906 3921 καλ
923 3867 955 3920 66
973 3874 1151 3940 περικείμενα
1169 3871 1225 3922 κτλ.
1250 3871 1372 3938 Populus:
1390 3868 1468 3921 ἔλεον
1486 3877 1512 3919 σί
1529 3885 1619 3935 supra.

337 3958 366 4008 66
391 3959 506 4009 sacerdos
530 3966 596 4009 0666:
615 3953 719 4024 Ἀγαθὲ
737 3956 783 4006 καί
801 3949 984 4024 φιλάνθρωπε
1003 3953 1125 4006 δέσποτα
1142 3949 1233 4022 κόριε·
1258 3949 1273 4006 6
1291 3950 1357 4013 θεὸς
1372 3950 1453 4024 ἡμῶν
1470 3946 1485 4003 6
1503 3947 1551 4003 διὰ
1570 3953 1622 4018 τῆς

336 4041 493 4106 παρουσίας
516 4041 564 4092 τοῦ
581 4038 754 4108 μονογενοῦς
775 4039 823 4091 τοῦ
846 4039 908 4091 υίοῦ
925 4039 971 4090 καὶ
990 4041 1034 4101 τῆς
1051 4031 1216 4107 ἔλλάμψεως
1231 4039 1280 4090 τοῦ
1298 4037 1439 4106 παναγίου
1456 4035 1505 4088 τοῦ
1522 4031 1617 4087 πνεί-

338 4141 426 4190 ματος
442 4118 612 4184 καταξιώσας
627 4141 664 4195 με
682 4121 731 4177 τόν
747 4117 914 4194 ἁμαρτωλὸν
930 4123 978 4174 καλ
995 4120 1109 4190 ἀχρεῖον
1126 4135 1177 4174 σου
1195 4120 1295 4176 δοῦλον
1313 4112 1484 4192 παρεστάναι
1494 4119 1531 4186 τῷ
1541 4115 1617 4188 ἁγίῳ

337 4221 389 4260 σου
411 4213 600 4278 θυσιαστηρίῳ
624 4209 670 4260 καλ
694 4209 860 4279 προςφίρειν
882 4208 930 4259 καλ
952 4209 1122 4276 λειτουργεῖν
1146 4210 1202 4265 τοῖς
1217 4209 1324 4265 καινοῖς
1339 4207 1387 4258 καὶ
1403 4199 1554 4274 ἂχράντοις
1571 4205 1620 4268 τῆς

338 4285 472 4358 διαθήκης
488 4307 540 4346 σου
557 4294 726 4364 μυστηρίοις,
749 4295 868 4356 ποίησον
884 4288 946 4361 μετ’
967 4291 1039 4363 ἐμοῦ
1054 4295 1172 4362 σημεῖον
1188 4292 1227 4350 είς
1244 4285 1356 4360 ἀγαθόν
1372 4291 1420 4340 καὶ
1437 4283 1561 4347 ἀξίωσίν
1578 4305 1616 4357 με

337 4373 369 4428 66¹
391 4378 507 4448 καθαρῷ
531 4373 669 4430 συνειδότι
692 4369 834 4447 λατρεύειν
850 4389 895 4427 σοι
912 4377 1003 4434 πᾶσας
1020 4373 1067 4434 669
1084 4370 1187 4446 ἡμέρας
1203 4377 1249 4441 τῆς
1265 4375 1332 4441 ζωῆς
1346 4392 1412 4444 μου.
1447 4377 1473 4426 6.
1492 4377 1619 4426 ιοαεευιίτ

338 4479 392 4514 cum
410 4465 503 4528 τυλςιιε
521 4466 635 4516 editione.

422 4549 525 4599 Ioannes
544 4549 754 4600 MeroComment.
774 4563 794 4598 c.
807 4547 853 4598 66:
872 4549 950 4598 Tenis
969 4549 1046 4599 οτειλο
1066 4548 1152 4598 asenne
1170 4548 1302 4608 velaminis,
1321 4547 1433 4611 quonium
1453 4545 1476 4596 in
1496 4545 1550 4594 6666
1569 4546 1621 4594 nne

339 4633 458 4683 Sacerdos
476 4634 552 4684 elevat
569 4634 676 4685 velamen
695 4649 737 4684 εειι
763 4634 910 4698 anaphoram
929 4641 952 4683 ει
970 4634 993 4683 in
1013 4641 1121 4699 apertum
1141 4633 1252 4698 producit
1269 4632 1382 4696 mysteria
1407 4631 1456 4692 666,
1481 4645 1545 4696 quae
1570 4629 1619 4680 ob·

338 4728 400 4772 66666
418 4728 494 4770 ετιυι.
