3360 5304
686 415 770 490 205Ι

26 649 30 668 ,
99 597 188 660 officia
204 598 367 661 recitantur
381 605 412 662 et
425 617 474 660 ras
487 599 586 662 divina
599 602 763 682 peragitur,
785 599 920 664 revoluto
932 601 998 663 velo
1011 602 1153 684 adaperta
1166 602 1362 685 conspicitur,

101 699 229 762 macellis
244 718 367 781 semper
380 699 538 775 obseratis,
556 702 607 782 qui
623 703 829 765 tantummodo
846 704 964 766 exeunti
979 705 1025 767 vel
1037 705 1200 767 introeunti
1212 707 1361 770 sacerdoti

99 803 137 864 rel
150 801 285 874 diacono,
309 821 377 864 cum
392 801 423 864 id
438 821 487 864 rcs
503 803 708 867 ecclesiastica
730 803 870 885 postulat.
891 813 1073 870 reserantur.
1095 807 1252 870 Praeterea
1264 809 1362 889 lmpc·

101 904 188 978 ratuni,
205 923 272 966 cum
285 922 402 966 sacram
418 903 601 966 oblationem
616 905 677 968 lico
692 905 848 968 oblaturus
864 906 908 968 rel
925 925 1041 970 sacram
1058 909 1298 970 communionem
1314 928 1362 973 rc-

102 1016 226 1087 ccpturns
243 1005 409 1068 accesserit
424 1021 509 1067 sacra
526 1007 612 1086 adyta
628 1006 758 1070 intrandi
770 1009 859 1070 datur
870 1010 1005 1073 facultas.
1028 1010 1061 1071 ln
1074 1010 1150 1072 laeta
1161 1009 1361 1072 verebamini

101 1107 309 1170 resurrectione
332 1117 363 1168 ct
376 1125 432 1187 per
444 1105 584 1170 Octavam
599 1108 803 1194 bipatentibus
818 1110 915 1191 portia
931 1112 1105 1173 continuum
1120 1129 1155 1174 ac
1169 1111 1360 1192 conspicien-

102 1210 157 1270 dum
176 1207 304 1289 praebet
319 1209 448 1288 adytum.
477 1208 510 1270 ln
534 1208 601 1290 ipso
623 1207 756 1272 tabulato
773 1210 918 1288 imagines
935 1211 1056 1281 Christi,
1071 1211 1202 1291 Virginis
1214 1213 1361 1292 balparac

103 1321 125 1372 ct
137 1319 303 1372 sanctorum
319 1309 487 1372 tutelariurn
503 1309 641 1390 depictae
656 1319 743 1388 sunt;
765 1311 895 1391 talisque
912 1321 958 1373 est
972 1331 1076 1376 eornm
1092 1314 1177 1387 ordo,
1200 1322 1233 1375 ut
1248 1313 1360 1376 Christi

100 1411 241 1474 saluatoris
274 1410 377 1490 imago
405 1411 441 1475 ad
471 1411 603 1500 dextram
638 1397 800 1476 adorandis
828 1431 949 1495 semper
970 1414 1183 1494 conspiciatur,
1216 1416 1359 1478 adextro

101 1513 220 1576 uidelicet
241 1529 400 1574 sacrarum
420 1512 570 1574 valvarum
592 1513 695 1589 latere,
726 1513 874 1595 lieiparac
902 1517 958 1578 sita
982 1515 1022 1577 sit
1043 1534 1079 1578 ex
1101 1515 1263 1578 earundem
1286 1517 1360 1579 sini·

101 1623 159 1676 suo.
184 1613 264 1676 llinc
288 1613 452 1676 inducero
474 1613 518 1676 illi
541 1613 636 1676 sancti
658 1614 812 1678 coloribus
834 1626 905 1679 sunt
927 1618 1072 1698 expressi,
1096 1635 1173 1698 quos
1194 1617 1240 1678 vel
1268 1617 1360 1680 animi

103 1715 210 1788 dercho,
232 1715 285 1778 rel
308 1714 456 1778 ecclcsiae
477 1715 582 1778 titulos
604 1714 714 1790 iubeat,
746 1716 788 1778 ita
810 1726 910 1780 tamen
933 1718 1044 1781 utalia
1067 1719 1152 1782 valde
1175 1719 1217 1780 ait
1238 1719 1360 1799 conspi-

103 1835 143 1880 cua
159 1818 189 1880 in
208 1818 376 1898 praecipua
398 1815 483 1878 chori
505 1817 587 1890 aeda,
611 1835 688 1898 quaa
709 1808 806 1882 eiiam
826 1814 1002 1884 ococsdc'ov
1022 1821 1083 1883 cosi
1102 1812 1286 1902 ἡγουμένου
1307 1839 1360 1882 ro·

103 1929 176 1993 ratur,
195 1919 248 1982 ubi
275 1916 497 1982 coenobiarcha
518 1917 565 1980 vel
586 1919 720 1981 hotistes
742 1920 867 1996 sedet.¹)

104 2139 166 2188 dana
181 2163 214 2174 -
236 2140 290 2190 lor
313 2139 368 2190 dam
394 2140 519 2190 llonoataa
542 2138 649 2192 bsdndct
670 2140 723 2190 sich
747 2140 861 2200 namtich,
885 2140 960 2192 durch
979 2143 1019 2191 sin
1037 2141 1157 2204 niedrigss
1175 2139 1362 2202 bruatgcltodcr

103 2239 141 2274 ron
155 2224 227 2276 suin
240 2225 292 2276 der
309 2223 397 2274 llirchs
414 2225 567 2288 musmones,
585 2225 638 2275 eina
655 2225 928 2286 lslcincllorhdhuc‚
945 2224 1037 2275 welche
1055 2226 1098 2276 der
1116 2225 1360 2287 cigentlichoSchau·

103 2309 150 2371 plata
164 2309 204 2360 des
220 2308 468 2372 gottardienstlichen
486 2309 597 2358 Drama's
614 2309 655 2370 ist,
680 2309 759 2360 iudom
781 2309 832 2358 hicr
850 2310 889 2360 dic
908 2310 1065 2372 lnogircndcn
1084 2309 1190 2360 Pricstcr
1208 2309 1255 2360 nod
1275 2309 1360 2359 Disco·

104 2407 138 2444 scs
152 2393 275 2456 halandia
294 2393 337 2444 hin
356 2393 603 2456 collaudandus,
627 2394 746 2444 bestralslt
764 2409 811 2444 ross
826 2394 881 2444 dem
899 2394 967 2444 Liebt
985 2393 1028 2444 der
1045 2394 1198 2445 ashlrcicben
1216 2394 1361 2446 chhslscr-

103 2491 142 2537 ass,
161 2478 196 2528 dis
220 2493 269 2530 son
300 2477 348 2528 deu
367 2475 499 2540 Glanhipen
527 2479 569 2530 aul
594 2478 633 2528 die
654 2493 697 2528 zor
714 2478 778 2530 Scito
804 2479 937 2530 stehcndcn
965 2479 1099 2542 mtcbtigcn
1117 2479 1236 2530 Laochtcr
1253 2479 1361 2541 pesteris

103 2563 184 2624 serien,
200 2563 249 2614 und
271 2562 320 2612 der
337 2561 413 2611 rielcn
431 2561 553 2612 silhcrncn
573 2563 688 2627 Lampon,
707 2563 745 2612 dic
764 2564 816 2613 hier
834 2563 978 2627 sospitant
995 2563 1076 2614 siud.“

166 2648 187 2708 ll
205 2650 316 2700 duan:
335 2645 352 2698 l.
366 2660 401 2698 c.:
427 2646 556 2708 „Tabalati
574 2647 645 2698 huius
663 2662 834 2714 sacrarumque
853 2648 982 2712 imaginum
1001 2647 1108 2699 custodis
1127 2645 1164 2710 ap]
1181 2636 1360 2716 anvdplcinrp

102 2731 262 2784 berhctorcs
286 2747 336 2781 non
355 2731 455 2793 traootti
473 2732 669 2794 commendatur3
689 2732 741 2796 ipsc
759 2747 815 2782 nero
834 2741 860 2782 nt
877 2725 1093 2798 cnsvopdicsrcr,
1111 2747 1193 2783 sacras
1211 2732 1327 2795 imagines
1345 2747 1359 2782 a

103 2817 177 2878 pulsare
197 2825 281 2868 tersas
304 2823 440 2878 conservat,
464 2814 590 2880 lampades
613 2830 695 2866 coram
720 2817 768 2866 illis
793 2831 914 2882 appensas
938 2825 962 2867 ct
979 2832 1055 2883 snper
1072 2817 1211 2867 coronidem
1231 2817 1359 2867 duodecim

104 2914 167 2950 cenos
182 2901 292 2952 accendit
311 2905 415 2966 propter
431 2900 598 2964 apostolorum
617 2899 726 2961 chorum,
745 2914 846 2966 quornm
864 2917 925 2951 unus
943 2901 1062 2953 excelsior
1080 2909 1117 2952 est
1133 2903 1157 2951 in
1168 2901 1267 2964 hgnraru
1279 2901 1359 2964 magni

105 2981 179 3036 luminis
195 2985 257 3036 lesu.
277 3009 314 3021 -
333 3010 367 3020 —
388 2983 489 3034 Tantum
510 2984 622 3035 exhibent
640 2985 724 3035 Graeci
742 2987 818 3035 sacris
837 2986 982 3048 imaginibus
1001 2986 1090 3036 cultum
1109 2993 1135 3036 ut
1152 3001 1200 3036 oon
1220 2987 1298 3036 miuus
1317 2999 1358 3035 es-

106 3069 165 3132 euplo
185 3071 230 3120 sint
255 3081 333 3136 qnam
359 3068 520 3119 admirationi.
555 3069 605 3118 llas
630 3069 740 3133 corporis
757 3071 910 3119 veneratione
929 3079 952 3120 ct
970 3069 1086 3121 odoribus
1105 3071 1220 3130 incensis,
1243 3072 1358 3131 reatibus,

104 3153 190 3216 loribus,
212 3155 325 3205 donariis
350 3151 427 3203 othris
452 3168 479 3203 cx
502 3154 582 3203 animo
608 3167 655 3202 non
680 3151 792 3203 illiberali
817 3162 1005 3218 prosequuntur,
1029 3156 1049 3202 si
1069 3162 1147 3203 tamen
1167 3155 1244 3218 pictae
1261 3161 1318 3203 cunt
1336 3161 1359 3203 et

105 3251 153 3287 sera
173 3249 314 3290 sanctornm
340 3237 484 3288 lineamenta
508 3253 556 3288 non
580 3238 682 3302 prolana
707 3237 778 3288 simul
797 3237 866 3302 plura
886 3245 908 3287 et
926 3254 939 3286 a
958 3238 1047 3287 sanctis
1065 3238 1142 3287 cliens
1162 3237 1307 3288 contineant.
1340 3239 1358 3287 h

104 3322 231 3390 sculptilibus
255 3332 340 3374 sutem
365 3330 479 3386 tanquam
497 3323 526 3372 ab
545 3321 617 3372 idolis
635 3322 773 3379 abhorrent.
799 3322 933 3386 dequibus
952 3321 1087 3371 bacidiconn
1106 3321 1190 3372 illudi:
1221 3320 1360 3371 dehabent

104 3414 120 3452 st
134 3421 172 3457 ron
189 3409 323 3474 loquentur
340 3415 384 3458 etc
404 3407 531 3458 concinere
550 3421 597 3457 nou
615 3415 742 3457 serentur:
767 3406 843 3455 media
862 3413 941 3455 tamen
960 3406 1080 3470 planaque
1098 3405 1220 3471 sculptura
1239 3406 1263 3455 in
1282 3405 1358 3455 sacris

104 3490 222 3553 imaginihus
241 3492 390 3554 formandis,
409 3507 438 3541 eo
456 3491 520 3557 quod
540 3493 568 3542 ad
587 3493 703 3556 picturam
723 3491 828 3550 accedat,
852 3491 976 3540 utuntur.“
1011 3490 1045 3539 lla
1064 3491 1196 3540 ltnssorosn
1214 3489 1358 3552 imaginibus

104 3573 138 3623 tlt
153 3577 192 3627 hc
210 3595 233 3644 p.
246 3577 362 3644 lidan:
391 3575 451 3637 „bie
469 3575 550 3626 Bilder
567 3575 644 3626 sclhst
662 3575 739 3625 hahen
759 3591 803 3625 nur
821 3575 898 3626 seltcn
917 3576 986 3624 einen
1005 3573 1291 3646 gowisspnliuostwcrth,
1310 3573 1358 3625 nod

104 3661 224 3712 ormestlich
242 3663 301 3712 sind
321 3661 465 3724 dictampni,
482 3659 574 3710 welche
593 3675 631 3709 nm
650 3661 750 3710 meister
769 3661 792 3709 in
811 3659 889 3710 libren
908 3659 1001 3720 stchen,
1026 3661 1048 3710 in
1067 3660 1111 3710 der
1128 3659 1286 3722 ciuldrrnigen
1304 3659 1358 3722 bp-

103 3746 308 3798 santinischcn
333 3745 407 3816 (deun
431 3759 475 3794 roo
501 3745 546 3794 den
565 3745 720 3807 Byzantinern
740 3745 857 3794 erhielten
876 3745 915 3794 dic
933 3745 1025 3794 [tossen
1044 3743 1083 3793 dic
1102 3753 1181 3795 ersten
1200 3743 1358 3808 llciligenbil·

104 3824 141 3886 lsr,
155 3829 199 3879 ond
216 3831 252 3880 als
270 3829 326 3881 sich
344 3829 468 3893 spaserhiu
485 3827 609 3878 russischc
627 3829 727 3880 hldnchc
745 3831 787 3878 mit
805 3829 859 3883 dena
877 3829 954 3878 ttaten
973 3827 1159 3879 solchcrliildsr
1176 3829 1358 3892 beschtltigtcm

104 3909 247 3970 derbensis
271 3915 327 3966 sich
353 3914 396 3964 mit
419 3911 462 3962 der
479 3913 716 3976 panissenhaltesten
735 3915 890 3982 Gananiglcit
908 3914 945 3963 bai
964 3912 1031 3963 ihren
1051 3914 1143 3978 Copien
1160 3913 1220 3963 nach
1238 3913 1284 3962 den
1303 3927 1358 3962 ror·

104 3993 206 4058 liugandau
225 3999 368 4063 Originalcn
387 3998 479 4048 richtcn
497 4015 525 4049 an
544 4000 652 4058 mdasen)
670 3998 760 4048 llanicr
778 3998 875 4060 gemalt,
894 3999 936 4048 rnit
953 3995 1358 4058 halherhahenemlleiligenschcia

26 4129 27 4140 γ
103 4081 140 4130 und
155 4083 252 4134 harod
271 4099 318 4134 son
337 4084 418 4134 Silhcr
435 4084 494 4134 oder
512 4083 582 4144 Gold,
601 4082 713 4132 nahrcnd
733 4083 838 4143 Graiam,
857 4082 940 4132 lltnde
956 4083 1004 4131 und
1022 4082 1098 4132 Fossa
1116 4080 1280 4131 dnulclbrsnn
1298 4079 1359 4128 oder

26 4191 27 4200 .
105 4163 190 4216 sthsrra
211 4169 276 4229 sind,
300 4169 350 4218 und
368 4168 470 4218 llilron
494 4168 560 4220 stelit
584 4183 609 4218 es
633 4169 656 4217 in
681 4169 761 4216 seiner
779 4165 990 4228 Chronihti,14)
1014 4165 1051 4215 als
1068 4167 1151 4215 Kanon
1170 4163 1218 4222 ani,
1243 4161 1357 4211 dessein

103 4245 242 4313 llsilipcnhild
261 4267 303 4303 nm
321 4267 351 4302 so
368 4253 438 4302 mehr
455 4252 594 4316 Verehrnng
611 4253 730 4312 verdiana,
747 4255 771 4314 je
789 4252 851 4302 alter
868 4252 916 4302 ond
934 4251 1068 4300 schwaraer
1086 4265 1112 4300 es
1129 4249 1173 4298 sci.
1208 4246 1296 4296 Solcbc
1307 4243 1356 4294 tit-

103 4331 136 4382 lcr
157 4337 207 4386 sind
230 4337 414 4387 rornchmlich:
441 4337 492 4398 das,
521 4337 564 4387 der
581 4336 704 4386 Tradition
731 4336 835 4398 anlolge‚
861 4349 915 4385 som
942 4334 1107 4396 Euangelistcn
1125 4332 1226 4382 Lucas
1253 4328 1356 4394 gemaltc

26 4403 27 4434 ³
103 4411 328 4473 Wlsdimir'scbc
347 4421 582 4474 better-Gottssbild
600 4422 624 4470 in
638 4421 749 4481 blasina,
767 4421 810 4469 das
829 4420 995 4469 lhcrische
1008 4416 1242 4468 husus-Gottcshitd
1260 4415 1357 4474 (iners-

104 4499 144 4564 lata
159 4505 241 4557 bochis
260 4507 358 4568 mater),
382 4505 444 4568 „der
460 4507 534 4557 'l'rost
556 4505 605 4555 ond
629 4505 667 4555 die
685 4504 804 4566 Starlrung
829 4503 871 4553 der
889 4501 1023 4552 llranlrcn“.
1060 4499 1186 4560 haubid,
1211 4500 1314 4550 welches
1331 4501 1357 4549 in

104 4583 138 4636 der
152 4591 262 4656 ..llapclla
281 4593 326 4642 der
343 4590 481 4642 lherischen
500 4589 586 4640 lluttcr
604 4590 705 4641 Gottes“
724 4590 748 4638 in
766 4587 869 4638 horluc
887 4589 970 4636 scinco
981 4585 1045 4637 Plata
1063 4587 1112 4647 hat,
1129 4585 1196 4636 stellt
1213 4585 1252 4636 dic
1269 4584 1357 4646 beiliga

103 4667 200 4733 'tantan
222 4678 268 4727 mit
291 4677 346 4727 dem
363 4673 516 4726 Christliudc
540 4675 591 4725 dar.
627 4675 670 4724 Um
694 4675 740 4725 den
759 4674 823 4738 llopi
846 4674 885 4724 hat
909 4672 944 4721 sic
968 4671 1006 4720 cin
1025 4670 1092 4734 licta,
1116 4671 1139 4721 iu
1157 4669 1261 4721 welches
1279 4670 1357 4720 lautcr
