3336 5302
674 445 750 520 ato

157 632 231 713 Cap.
254 631 397 695 XXXVH.
420 630 577 694 xxxvut.
620 632 761 696 Missae
796 632 1012 696 Peroratio.
1055 633 1079 696 Ε
1108 631 1247 696 Germani
1280 653 1353 698 sen·

79 735 168 798 tentia
188 734 359 814 exportatio
382 733 570 796 residuarum
600 734 778 796 sacramenti
808 733 1003 814 reliquiarum
1025 735 1235 798 ascensionem
1265 735 1353 800 Chri·

77 838 112 900 sti
140 835 303 916 significet,
333 834 435 900 ultima
464 854 534 898 rero
563 835 767 913 suffumigatio
790 835 887 897 sancti
908 835 1034 916 spiritus
1057 837 1353 920 gratiamapostotis

77 947 143 1021 post
163 936 379 1000 ascensionem
400 953 588 1000 concessam.
626 937 777 1000 Diaconos
799 955 880 1010 vero,
903 937 1124 1000 communionis
1147 939 1291 1020 reliquias
1314 943 1352 1002 ad

77 1035 274 1123 προθέσεως
295 1056 431 1100 mensam
453 1047 669 1119 asportaturus.
699 1039 824 1102 intentis
848 1038 945 1101 oculis
967 1039 1111 1120 populum
1133 1041 1231 1120 primo
1254 1045 1353 1122 respi-

79 1143 125 1216 cn,
152 1141 239 1222 qussi
264 1140 394 1203 diceret:
425 1140 478 1202 Hic
500 1141 598 1216 lesus,
619 1141 670 1221 qui
693 1159 709 1202 a
733 1139 819 1204 robis
842 1149 1014 1220 assumptus
1035 1151 1083 1202 est
1104 1141 1134 1202 in
1158 1143 1284 1218 eoelum,
1307 1143 1354 1205 sic

78 1244 183 1320 reniet,
207 1242 459 1324 quemadmodum
481 1242 600 1304 vidistis
621 1261 688 1304 emn
713 1251 833 1306 euntem
856 1243 886 1304 in
910 1241 1037 1306 coelum.

158 1344 295 1426 Populus
317 1344 400 1406 brevi
423 1353 493 1424 post
515 1343 679 1408 a‘Diacono
702 1343 846 1407 dimissus
863 1343 1056 1406 Sacerdotem
1080 1363 1139 1407 non
1156 1345 1280 1408 dimittit
1294 1346 1354 1408 nisi

79 1447 159 1530 prius
189 1447 258 1528 ipse
280 1445 432 1508 Christum
461 1445 492 1507 iu
524 1446 626 1508 coelos
650 1447 860 1509 ascendentem
884 1445 1102 1526 discipulisque·
1123 1447 1357 1534 benedicentem

79 1549 220 1621 imitatus,
248 1549 327 1611 iacta
355 1547 492 1610 oratione
521 1547 578 1611 sibi
609 1548 808 1612 benedixerit.
850 1546 956 1628 ltaque
985 1547 1163 1622 Celebrans,
1193 1557 1355 1629 postquam

81 1651 301 1730 evangeiiorum
323 1649 428 1712 codice
452 1666 569 1712 crucem
593 1650 664 1712 iecit
685 1668 778 1730 super
799 1649 893 1710 nitore
915 1665 951 1710 ac
973 1651 1149 1731 complicuit
1163 1645 1203 1715 τὸ
1218 1643 1356 1736 εῧλητον

80 1773 140 1817 cam
162 1753 345 1815 recitaturus
368 1771 384 1812 e
406 1749 549 1814 cancellis
572 1751 725 1829 egreditur
747 1763 778 1814 et
805 1761 865 1814 stat
896 1753 926 1812 in
958 1751 1058 1814 medio
1088 1751 1201 1832 populo
1230 1753 1261 1814 in
1291 1771 1354 1814 arn-

80 1855 165 1918 bone.
192 1854 267 1920 idira
291 1862 338 1916 est
360 1853 463 1934 opinio
492 1852 623 1932 iiingii
645 1852 665 1914 l.
681 1872 707 1914 υ.
730 1872 760 1933 p.
778 1856 857 1918 165:
879 1853 942 1929 „Es
964 1852 1026 1915 soll
1052 1858 1099 1916 αἰι
1114 1853 1266 1937 Inbcpriff
1275 1853 1357 1916 oller

82 1957 182 2021 debete
204 1960 280 2028 sain,
311 1956 357 2018 dia
378 1973 413 2018 εν
435 1955 559 2028 corban,
588 1955 667 2018 ohne
689 1973 750 2018 oon
772 1956 836 2018 dem
861 1953 952 2018 Votis
972 1955 1081 2035 ρολονι
1099 1975 1141 2016 zo
1163 1955 1292 2024 werden.
1315 1960 1356 2020 ιἰο

82 2057 236 2120 deheimen
257 2066 360 2138 pasopt
382 2057 467 2118 hot.“

160 2177 217 2239 His
246 2175 393 2238 coniectis
423 2175 561 2237 fidelihus
590 2175 718 2256 porrigit
740 2175 890 2238 Sacerdos
918 2169 957 2238 τὸ
980 2165 1162 2258 ἀντίσιορον
1185 2173 1206 2237 i.
1222 2193 1248 2236 e.
1272 2173 1356 2238 obia-

81 2279 176 2340 tiones
206 2278 237 2339 in
267 2276 402 2356 prothesi
432 2277 594 2339 collocatas
624 2289 653 2339 et
683 2278 713 2337 in
742 2277 888 2338 honorem
919 2286 949 2339 et
978 2276 1153 2338 memoriam
1176 2277 1356 2340 Sanctorum

82 2379 256 2449 dissecans,
286 2377 407 2439 minime
438 2397 506 2440 vero
547 2389 740 2441 consecratas
772 2376 877 2440 dividit
910 2377 990 2440 inter
1021 2376 1125 2440 laicos.
1168 2377 1246 2441 Nic.
1269 2379 1356 2440 Bul-

84 2481 158 2558 gari
182 2481 204 2542 Ι.
231 2497 257 2540 o.
282 2499 312 2559 p.
327 2483 389 2543 205
406 2497 469 2558 ειμι
500 2473 552 2541 Τὰ
574 2472 747 2560 συνώνυμα
768 2481 827 2542 τοῦ
846 2471 1058 2562 Ἀντιδώροο,
1080 2475 1136 2542 καὶ
1157 2473 1217 2563 τὴν
1238 2474 1359 2559 ίτυμο-

83 2577 203 2665 λογίαν,
231 2576 350 2655 καθὼς
378 2575 484 2665 ἀκόμη
511 2576 569 2644 καὶ
596 2577 635 2644 τὸ
662 2578 769 2657 τέλος,
798 2577 858 2645 dod
887 2575 927 2644 τὸ
958 2573 1080 2645 ὁποῖον
1106 2575 1288 2667 ἐπενοήθη,
1318 2575 1358 2643 τι)

83 2675 198 2764 ἴδομεν
218 2679 262 2764 μὲ
282 2679 341 2747 τὸν
362 2680 576 2763 Βαλσαμῶνα
598 2676 646 2759 εἷς
666 2679 705 2747 τὸ
727 2677 770 2748 α’.
791 2679 903 2766 μέρος.
932 2679 1003 2747 Καὶ
1024 2675 1094 2747 ἀπὸ
1116 2679 1175 2746 τὸν
1194 2675 1360 2765 μακάριον

84 2781 252 2866 Γιρμανὸν
277 2775 465 2868 ἠκούσαμεν
491 2779 548 2847 τὸν
577 2777 752 2866 ἁγιασμὸν,
779 2780 836 2850 καὶ
865 2781 924 2868 τὴν
953 2777 1114 2868 εὐλογίαν,
1142 2777 1233 2848 ὀποῦ
1260 2777 1358 2860 δίδοι,

85 2877 126 2961 ὦς
146 2882 182 2951 ἐκ
211 2887 273 2949 τοῦ
294 2881 456 2966 Σώματος
477 2877 578 2970 αὐτῆς
599 2887 658 2970 τῆς
676 2878 877 2970 Ὑπεραγίας
898 2883 955 2950 καὶ
976 2880 1208 2967 παναχράντου
1233 2881 1359 2950 Θεοτί-

84 3009 147 3052 κοο.
182 2981 320 3072 Ἐπειδὴ
347 2981 454 3052 τύπον
481 2980 624 3068 εἴπαμεν
650 2989 710 3072 τῆς
733 2983 864 3062 κοιλίας
884 2991 943 3071 τῆς
963 2983 1203 3068 Παρθένου
1167 3007 1228 3071 την
1247 2989 1360 3068 Πρυς-

86 3084 201 3173 φοράν.
232 3082 271 3152 0
296 3083 539 3175 Θεσσαλονίκης
553 3083 689 3170 Συμεὼν
710 3083 913 3174 περιγράφει
932 3108 973 3151 το
959 3079 1247 3171 Ἀντίδωρον
1210 3109 1252 3151 να
1273 3079 1360 3152 εἶναι

81 3179 243 3272 apsoc‘
224 3187 425 3276 ηχιασμὲνος
447 3186 481 3254 ἐν
502 3193 542 3278 τῇ
563 3186 738 3274 Προθίοει
758 3185 988 3272 προςευχθεὶς,
1018 3176 1115 3265 ἐξ
1076 3209 1114 3251 ου
1136 3185 1176 3251 τὸ
1196 3182 1359 3269 μεσαίτα-

86 3313 138 3354 τον
164 3288 340 3379 ἐκβληθὲν,
368 3290 423 3356 καὶ
447 3285 653 3410 ἱεροιρχηθη
681 3287 897 3375 προςεοχθὲν.
937 3276 1086 3365 Οὗτος*
1073 3285 1209 3410 ὕστερον
1238 3281 1283 3364 ὡς
1302 3286 1360 3354 καὶ

86 3397 121 3480 τῇ
140 3388 259 3481 Λόγχη
289 3392 524 3479 οφραγισθεὶς,
546 3389 603 3457 καί
624 3394 707 3458 θεῖα
729 3387 908 3473 δεξάμενος
929 3383 1070 3476 ῥήματα,
1099 3383 1173 3455 ἀντὶ
1193 3393 1259 3453 τῶν
1281 3383 1360 3454 Δω-

87 3516 157 3576 ριον,
185 3518 252 3559 των
281 3515 427 3582 φρικτων
450 3491 574 3580 δηλαδη
599 3489 812 3582 Μυοτηρίων,
841 3495 913 3570 τοῖς
932 3489 978 3579 μὴ
1000 3494 1202 3576 μετασχοῦσι
1222 3495 1360 3570 τοῦτον,

87 3594 276 3679 παρέχεται.
295 3590 478 3682 Ἁγιαομοῦ
500 3593 562 3682 γὰρ
582 3589 677 3680 χρεία
698 3598 872 3678 μετασχεῖν
893 3592 950 3659 καὶ
971 3591 1029 3659 τὸν
1050 3589 1161 3660 Λαόν.
1174 3589 1278 3672 Ὅσας
1299 3591 1361 3677 μὲν

87 3694 143 3782 γὰρ
171 3691 240 3763 ἀπὸ
271 3702 337 3762 τῶν
359 3701 556 3782 Προςειχῶν
584 3692 602 3763 ὁ
632 3692 796 3783 ἁγιασμὸς
822 3694 878 3762 καί
905 3700 965 3782 τῆς
992 3700 1132 3784 φρικτῆς
1150 3691 1361 3782 Ἱερουργίας,

88 3805 209 3886 νοητῶς
227 3801 301 3877 τοῖς
314 3802 457 3876 Πιστοῖς
478 3795 657 3886 μετεδόθη.
679 3795 771 3864 Ἐπεί
794 3796 910 3864 δὲκαὶ
932 3791 976 3864 dc’
1000 3793 1171 3886 αἰσθητῶν
1184 3802 1293 3876 τινῶν,
1317 3791 1363 3875 ὡς

89 3903 181 3982 σῶμα
208 3899 460 3984 περικειμένους
485 3897 543 3964 τὸν
575 3896 738 3986 ἆγιασμὸν
759 3897 829 3968 ἔδει
851 3901 975 3983 λαβεῖν,
1004 3897 1061 3964 διὰ
1081 3903 1142 3964 τοῦ
1159 3893 1362 3985 Ἀντιδώροο

89 3995 219 4082 γίνεται.
241 4001 313 4067 Καὶ
334 3997 583 4084 ὁΚαβάσιλας·
606 3995 692 4069 ulca
713 4000 769 4067 καὶ
791 3999 849 4066 τὸν
869 3999 1118 4086 προςειχθέντα
1140 3991 1248 4086 ι’ίρτον,
1272 3997 1310 4078 ίξ
1324 3988 1363 4065 οὗ

90 4099 142 4164 τὸν
164 4093 253 4185 ἱερὸν
274 4098 293 4168 ὁ
314 4097 434 4188 Ἱερείς
456 4098 621 4187 ἀπέτεμεν
634 4097 767 4188 Ἄρτον,
796 4099 844 4180 είς
865 4099 977 4168 πολλὰ
1000 4101 1128 4178 διελὼν,
1156 4096 1363 4184 μεταδίδωσι

90 4207 156 4280 τοῖς
168 4207 322 4283 Πισευῑς,
340 4199 389 4282 ὡς’
401 4202 495 4291 ἅγιον
510 4202 683 4291 γενόμενον
698 4199 787 4292 αὐτῷ
801 4208 849 4291 τῷ
864 4198 1079 4290 ἀνατεθῆναι,
1095 4201 1151 4268 καί
1167 4197 1362 4289 λερονθῆναι.

93 4471 142 4509 uem
160 4463 213 4512 eius
230 4477 283 4512 eam
302 4463 349 4512 tide
368 4472 391 4513 et
410 4465 486 4513 canite
505 4463 615 4526 pieriam.
651 4463 694 4513 Hic
713 4472 749 4512 ast
768 4461 837 4523 catix,
856 4477 926 4528 quem
947 4462 1042 4513 miscuit
1055 4461 1170 4510 Dominus
1188 4467 1270 4510 noster
1287 4473 1363 4524 super

95 4541 178 4602 ligeum
204 4548 296 4596 crucis:
319 4549 425 4598 accedite
444 4549 569 4609 mortales,
594 4547 668 4598 bibite
693 4563 721 4598 en
745 4563 771 4598 es
792 4549 1001 4598 inremissionem
1022 4552 1184 4610 peccatorum.
1220 4543 1320 4594 ΑΙΙιΙοίο
1340 4554 1363 4595 et

95 4625 140 4688 ipsi
157 4627 220 4688 lans,
237 4631 266 4678 dc
285 4645 333 4696 quo
351 4633 412 4683 bibit
429 4647 485 4696 grex
501 4634 553 4683 eius
572 4641 595 4683 et
613 4633 740 4697 puritatem
760 4634 924 4698 consequitur.
944 4629 1140 4684 formulash'es
1151 4631 1363 4691 tatianorum,

96 4709 247 4776 Coptitarann
265 4715 407 4796 hetbinponr
428 4731 529 4783 quaeras
547 4731 572 4782 p.
586 4717 640 4771 165.
655 4717 711 4768 too.
727 4717 783 4770 192.
