3368 5308
936 449 1011 522 470

415 635 554 708 Gboruc.
605 632 723 705 Amen.

339 781 343 790 ·
416 753 498 826 Tum
524 751 694 825 Diaconos
721 759 815 822 scona
840 749 878 821 2⁸¹⁸
902 750 1046 838 lllltlm
1072 751 1194 824 “limi
1222 750 1355 848 ΜΝ)

413 871 542 944 Gratias
570 870 699 964 agimus
727 868 799 962 tibi,
827 867 981 962 Domine,
1010 881 1044 942 ct
1070 869 1294 943 collaudamus
1323 882 1354 942 te
1379 870 1422 943 ob
1441 869 1600 944 sanctissi-

336 999 427 1048 mum
455 985 488 1046 et
513 971 698 1044 immortale
727 971 938 1064 sacrificium,
966 971 1054 1068 quod
1077 995 1167 1044 nunc
1186 972 1281 1045 adest
1298 973 1332 1044 in
1352 995 1469 1045 mensa
1487 983 1599 1046 sancta

321 1076 488 1173 ¹Concede
526 1085 564 1147 ut
597 1073 705 1170 prosit
738 1072 835 1145 nobis
870 1074 904 1143 in
931 1073 1017 1146 vitae
1043 1087 1178 1146 nostrae
1205 1075 1460 1147 sanctimoniam
1487 1086 1521 1145 et
1544 1099 1600 1146 una

330 1189 411 1252 'cum
445 1177 510 1249 hoc
543 1175 707 1248 sacrificio
743 1173 828 1247 dona
863 1198 1011 1248 amorem
1046 1188 1079 1247 et
1112 1175 1324 1248 stabilitatem
1359 1175 1457 1248 nobis
1492 1188 1525 1247 et
1549 1177 1600 1246 toti

336 1291 500 1353 terrarum
526 1278 598 1351 orbi
627 1286 759 1349 sanctae
787 1276 959 1368 ecclesiae,
992 1278 1185 1350 orthodoxis
1212 1277 1387 1375 Episcopis
1415 1288 1450 1351 et
1473 1275 1599 1349 drcbie·

335 1382 482 1480 piscopis
510 1379 668 1474 [Domino
696 1377 735 1448 N.
764 1377 1014 1474 archiepiscopo
1045 1379 1147 1452 totius
1174 1377 1337 1452 Gaicanae
1366 1381 1476 1476 gentis
1501 1379 1598 1476 quoad

333 1484 475 1556 Russiaa
502 1481 625 1554 linibus
652 1480 869 1574 contineturJ,
900 1480 1073 1553 Sacerdoti
1101 1482 1157 1578 qui
1184 1481 1281 1553 offert
1306 1479 1371 1553 hoc
1398 1482 1596 1554 sacrificium.

335 1586 396 1658 His
432 1583 587 1657 omnibus
621 1582 835 1680 imploramus
863 1606 988 1678 pacem.
998 1580 1022 1678 ²)
1076 1582 1140 1676 [Da
1166 1583 1348 1680 potentiam
1375 1608 1414 1655 ac
1440 1585 1597 1656 victoriam

334 1679 485 1786 piissimo
520 1695 635 1757 nostro
669 1686 878 1756 Autocratori
913 1695 946 1757 et
978 1707 1099 1779 magno
1136 1685 1281 1781 Principi
1315 1684 1452 1758 Nicolao
1488 1685 1596 1756 Panlo·

334 1789 464 1880 nitsclr‚
497 1787 646 1859 omnium
671 1784 868 1858 Russiarum
902 1786 1106 1883 imperatori.
1160 1785 1206 1860 Et
1237 1788 1454 1860 nominantur
1478 1787 1596 1860 canuno

336 1891 490 1977 omnium,
517 1889 575 1986 qui
600 1889 797 1984 imperatori
821 1887 962 1983 pentilus
989 1897 1068 1961 aunt
1094 1899 1126 1960 ct
1152 1890 1301 1984 copulati..
1338 1891 1381 1961 Et
1398 1889 1560 1986 palatio
1534 1912 1595 1960 erus

335 2003 369 2066 et
394 1991 534 2066 ducibus
569 2001 603 2063 et
628 1989 809 2062 christiano
837 1991 1024 2084 exercitui}
1050 1989 1160 2064 Etiam
1186 1991 1411 2088 supplicamus
1438 2003 1472 2062 ct
1495 2013 1594 2088 praca-

334 2115 410 2167 mur
444 2107 475 2166 te
509 2117 568 2189 pro
604 2090 778 2166 animabus
812 2116 939 2185 eorum,
974 2091 1030 2189 qui
1058 2091 1321 2186 obdormierunt,
1349 2118 1410 2194 pro
1436 2091 1594 2164 animabus

336 2197 509 2268 doctorum
543 2204 735 2266 nostrorum
762 2203 796 2265 et
822 2217 950 2287 eorum,
986 2194 1042 2291 qui
1069 2195 1190 2291 sepulti
1218 2207 1296 2268 sunt
1322 2195 1384 2268 sub
1412 2194 1524 2268 umbra
1548 2217 1593 2264 cc·

335 2298 455 2370 clasiae
490 2295 601 2387 huius,
636 2320 697 2391 pro
731 2294 927 2368 liberatione
953 2295 1105 2388 fratrum,
1140 2297 1258 2394 quiin
1287 2321 1440 2370 carceres
1467 2295 1592 2369 coniecti

335 2411 424 2492 sunt,
459 2397 660 2495 prosalute
688 2398 849 2490 omnium,
884 2399 939 2494 qui
968 2398 1023 2470 hic
1050 2398 1182 2490 adsunt,
1216 2423 1276 2496 pro
1304 2399 1421 2496 requie
1449 2399 1591 2486 omnium,

335 2501 390 2597 qui
418 2503 451 2572 in
479 2500 544 2572 lide
572 2511 605 2572 et
631 2500 805 2571 sanctitate
833 2499 1113 2574 obdormierunt
1104 2524 1138 2572 ιιι
1158 2455 1303 2594 (lbristo,
1332 2512 1369 2573 ut
1386 2525 1500 2574 eorum
1516 2522 1591 2571 com·

335 2601 532 2674 memoratio
559 2600 652 2672 liat
643 2625 677 2671 ιι
705 2600 767 2672 bac
794 2617 908 2672 sancta
936 2601 1079 2697 liturgia.

414 2719 553 2792 Gbonro.
604 2718 643 2789 ln
677 2719 821 2792 savorem
858 2718 1005 2792 omnium
1034 2720 1206 2793 bominum
1232 2743 1270 2792 ac
1295 2744 1356 2819 pro
1383 2679 1476 2794 vobis
1501 2716 1591 2790 omni·

334 2817 408 2894 bus.
461 2818 569 2892 Καὶ
560 2815 715 2892 πάντων
740 2818 803 2892 καὶ
829 2845 962 2894 πασων
987 2845 1020 2920 p.
1033 2823 1118 2895 362.

411 2940 592 3013 Diaconos.
645 2939 801 3032 Domine,
828 2938 980 3013 benedic.

413 3059 581 3132 Sacerdos
608 3069 683 3136 oret
709 3068 859 3131 secreto:
887 3059 1065 3151 Memento,
1092 3059 1247 3175 Domine,
1275 3067 1309 3130 ct
1334 3058 1520 3131 miserearis
1542 3078 1589 3168 po·

334 3161 404 3258 puli
438 3162 485 3234 tui
520 3183 631 3233 coram
659 3171 691 3233 te
719 3162 912 3275 cougregati
941 3172 974 3233 et
998 3183 1128 3253 eorum,
1161 3161 1220 3258 qui
1247 3161 1392 3232 offerunt
1417 3160 1481 3232 boc
1505 3157 1589 3230 sacri·

335 3264 466 3348 ficium:
497 3262 676 3342 tribuas
666 3262 768 3358 ipsu,
804 3287 887 3359 quae
920 3262 1110 3336 necessaria
1145 3274 1224 3334 sunt
1257 3278 1291 3334 et
1307 3285 1409 3378 ⁰¹quac
1444 3259 1589 3336 salutaria.

333 3364 523 3457 Memento,
553 3362 714 3456 bomine,
747 3364 926 3438 benedicas
960 3376 995 3436 et
1025 3365 1190 3461 propitius
1224 3365 1271 3436 sis
1305 3365 1367 3456 iis,
1403 3366 1459 3462 qui
1499 3359 1588 3436 devoti

337 3557 642 3574 m

334 3683 381 3718 uns
399 3668 468 3730 langa
486 3667 538 3719 Zrit
556 3669 598 3718 mit
617 3668 660 3719 der
678 3668 827 3718 orthodoxae
844 3667 930 3718 tetre.
966 3667 1024 3718 llier
1042 3669 1166 3730 gerchiebt
1184 3669 1244 3718 nach
1263 3667 1306 3718 dar
1323 3667 1476 3730 Erinnerung
1492 3665 1590 3727 aaran·

335 3760 385 3801 stes
403 3752 463 3802 auch
483 3753 633 3815 Erinnarung
651 3753 694 3802 des
712 3752 853 3804 Vorstehrrr
871 3752 914 3802 des
933 3751 1004 3802 Ortus
1023 3752 1083 3802 nacb
1101 3753 1176 3803 Stand
1197 3752 1245 3802 und
1264 3751 1361 3812 warda,
1384 3753 1416 3802 ob
1435 3768 1462 3803 cr
1479 3749 1590 3804 Patrium,

335 3836 395 3886 oder
412 3835 555 3888 Erebisobot
570 3837 630 3886 oder
648 3837 747 3886 Biscbot
762 3839 811 3888 aei:
836 3835 893 3886 aber
918 3851 963 3886 ιιι
982 3838 1025 3886 der
1042 3836 1218 3897 katholirrhen
1243 3836 1291 3886 ond
1309 3851 1378 3886 weuu
1397 3839 1435 3887 eiu
1454 3835 1544 3887 ltisclrol
1557 3831 1591 3880 der

334 3923 460 3972 Armenian
477 3919 598 3972 baretisolr
617 3923 649 3972 ist
666 3922 726 3972 oder
743 3921 921 3981 schismatisch,
940 3935 968 3971 ao
987 3921 1046 3972 rrird
1065 3936 1093 3972 er
1110 3921 1149 3971 nia
1167 3921 1215 3970 und
1233 3920 1348 3986 cingendo
1364 3923 1484 3972 arwtbnt:
1501 3931 1559 3968 neon
1570 3927 1591 3962 rr

335 4006 394 4055 abar
412 4004 576 4070 recbtglanbig
594 4007 634 4067 iot,
653 4021 700 4056 nur
716 4006 741 4056 in
758 3999 840 4056 rainer
850 4006 960 4076 Dioneae,
979 4005 1028 4056 und
1046 4006 1070 4055 iu
1088 4006 1180 4056 seluern
1191 4006 1310 4071 Sprengrl
1328 4008 1377 4058 und
1389 4005 1590 4069 nirsseudsaasrer·

335 4089 392 4140 halb
411 4089 548 4140 derselben.

421 4191 446 4248 ll
470 4191 556 4240 Steck:
583 4191 684 4241 lticraul
699 4192 791 4258 apricht
810 4191 853 4242 der
872 4191 961 4242 lliacon
980 4192 1023 4242 aul
1038 4192 1083 4242 der
1100 4191 1180 4242 liutran
1195 4191 1259 4242 Seite
1278 4191 1416 4243 desaltato
1435 4207 1474 4242 um
1490 4185 1590 4252 tobprri·

334 4289 397 4338 ιιις
414 4276 438 4326 in
457 4276 530 4326 Form
549 4277 615 4326 einer
634 4275 746 4335 Gabalos,
764 4276 869 4326 welches
882 4276 999 4327 ltiemand
1016 4291 1045 4325 zu
1064 4276 1196 4329 vertudern
1214 4291 1296 4340 nagan
1315 4275 1378 4326 soll:
1397 4276 1459 4326 deno
1477 4289 1502 4324 es
1518 4275 1590 4322 istros

335 4359 389 4413 dem
408 4373 508 4422 gromen
527 4361 658 4412 Chrosrcw
674 4374 703 4408 ιι
714 4360 767 4410 dan
787 4360 850 4409 alten
870 4361 985 4412 Graecam
1003 4361 1097 4424 gaztblt
1115 4361 1223 4411 worden.

419 4459 445 4518 2)
469 4461 523 4511 tCr
547 4459 627 4510 uuicti
651 4460 731 4510 dieses
755 4462 859 4511 nartaibe
876 4477 922 4512 uua
940 4462 1021 4523 Licha,
1044 4461 1174 4525 Futigtait
1191 4461 1239 4512 und
1257 4461 1304 4512 den
1322 4461 1488 4512 ernunsclrtrn
1504 4453 1588 4508 ructu

335 4545 397 4595 altar
415 4544 485 4605 Walt,
503 4545 547 4595 der
564 4544 667 4607 heiligen
686 4545 771 4596 lllrclra
790 4545 839 4596 ond
856 4545 921 4598 allen
940 4547 1089 4598 orthodorrn
1108 4547 1252 4610 biscbulen;
1269 4559 1313 4596 ror
1329 4545 1406 4597 allam
1426 4557 1530 4596 unsarana
1546 4538 1588 4588 bri·

333 4615 399 4690 bgaa
425 4629 519 4692 Papam,
544 4630 598 4679 dem
624 4629 702 4680 tlarm
725 4630 754 4681 ll.
771 4630 801 4680 N.
825 4629 873 4682 uad
891 4645 996 4693 ¹urraerm
1019 4632 1186 4694 ebraurttgaa
1203 4631 1357 4684 Patriarrban
1381 4617 1590 4704 (orerecurrunt

335 4711 396 4762 oder
413 4711 519 4774 ltisetrot)
537 4713 566 4763 ll.
584 4713 613 4764 N.
