3336 5302
697 325 772 444 isc

174 555 313 631 Veniam
345 565 380 630 et
405 554 640 628 remissionem
666 557 862 629 delictorum
888 566 1078 655 uestrorum
1103 583 1279 656 precemur
1304 563 1371 635 Do-

102 660 235 734 minum.
245 656 268 752 ¹)
1324 665 1327 678 '

174 760 292 856 Magne
326 782 365 830 uc
397 757 534 831 victrice
570 759 799 836 sanctissimae
827 763 935 833 crucis
961 763 1110 858 potentie
1138 774 1173 835 ut
1199 765 1372 839 succurret

103 861 208 956 uobis,
233 884 409 959 precemur
435 858 625 933 Dominum.

174 964 237 1037 Pro
273 963 400 1036 unitate
433 986 529 1036 verse
563 974 596 1035 et
630 973 765 1038 sunctae
797 962 874 1034 [idei
921 975 1053 1037 nostres
1093 989 1269 1061 precemur
1303 968 1369 1040 Do·

103 1090 236 1138 mnium.

176 1167 314 1240 Nosmet
354 1166 446 1261 ipsos
480 1166 621 1239 invicem
656 1166 925 1240 commendamus
959 1166 1042 1259 Deo,
1075 1167 1218 1240 Domino
1255 1161 1369 1243 nostro

104 1263 361 1365 omnipotendi)
568 1265 570 1272 “

177 1371 315 1444 Chorus.
369 1367 442 1440 Tibi
471 1391 531 1440 nos
559 1369 840 1462 commendamus,
867 1370 1019 1442 Domine.
1286 1455 1289 1462 .

174 1472 354 1546 Diaconm.
407 1469 478 1542 Uno
499 1495 556 1542 ore
575 1471 724 1544 dicemus
744 1496 878 1544 omues:
908 1473 1064 1545 Miserere
1083 1472 1192 1565 uobis,
1212 1473 1368 1568 Domine,

105 1574 282 1646 secuudum
309 1593 463 1666 maguum
491 1571 670 1644 bonitatem
698 1584 798 1644 tuum.

176 1674 315 1748 Cdoras.
367 1672 521 1765 Domine,
550 1675 709 1746 miserere
735 1675 843 1746 nobis.
885 1673 961 1746 Ter.

174 1777 262 1848 Dam
287 1775 369 1848 daea
395 1773 531 1848 Litouiu
557 1769 733 1862 recitatur,
762 1776 929 1848 Sacerdos
955 1786 1083 1848 secreto
1111 1789 1206 1850 oret:

173 1877 315 1950 Domine
342 1901 381 1950 ac
407 1877 596 1974 redemptor
623 1890 748 1968 noster,
776 1878 849 1952 lesu
877 1878 1019 1966 Christe,
1057 1878 1112 1973 qni
1141 1881 1280 1951 muitum
1308 1879 1371 1951 mi·

106 1979 241 2052 sericors
277 2002 313 2050 es
348 1989 381 2050 et
415 1979 511 2050 donis
544 1980 669 2073 gratiae
704 1990 779 2051 tuae
806 1979 971 2069 chosides:
1008 1978 1072 2062 Qui
1102 1979 1162 2052 hae
1190 1982 1258 2076 ipse
1288 1981 1369 2053 hora

104 2093 232 2177 propter
267 2089 380 2152 nostra
417 2091 551 2177 peccata
580 2093 740 2153 tormenta
769 2093 801 2154 et
827 2095 967 2154 mortem
995 2081 1103 2154 erucis
1131 2082 1195 2176 pati
1219 2081 1369 2154 enituisti:

105 2181 163 2266 nui
198 2185 283 2256 douu
318 2181 462 2278 Spiritus
496 2183 608 2256 Sancti
645 2184 691 2255 tui
727 2183 832 2254 beatis
865 2184 1032 2280 Apostoiis
1068 2183 1205 2277 largitus
1240 2206 1294 2256 es:
1338 2195 1371 2256 et

105 2307 160 2356 uos
177 2308 391 2382 quaesumuS,
418 2283 572 2376 Domine,
600 2284 701 2356 socies
721 2285 912 2357 coelestium
932 2285 1095 2357 bonarum
1114 2285 1305 2382 participes,
1334 2291 1412 2371 ists

106 2387 391 2481 peccatisnostris
420 2386 565 2458 dimissis
593 2387 792 2484 accipiemus
820 2387 980 2483 Spiritum
1013 2399 1106 2460 tuum
1133 2387 1302 2461 Sanctum.

174 2489 274 2560 Dicta
303 2509 400 2560 noce:
426 2486 469 2558 Ut
496 2488 587 2582 digni
615 2487 811 2580 efficiamur,
839 2490 893 2587 qui
924 2504 954 2560 te
973 2488 1196 2584 glorificemus
1216 2514 1289 2565 cnm
1310 2488 1369 2561 Pa·

106 2597 207 2662 treet
232 2590 360 2686 Spiritu
389 2589 511 2662 Seucto
540 2614 628 2662 nuuc
653 2601 687 2662 et
713 2615 845 2688 semper·
871 2592 964 2664 etin
992 2591 1133 2664 saecula.
1175 2593 1292 2663 Amen.

173 2707 353 2780 Diaconos.
406 2707 547 2779 Domine
573 2707 724 2780 herredie.

177 2809 351 2883 Sacerdos.
407 2809 471 2881 Pax
498 2809 589 2881 vobis
617 2812 783 2882 ominibus.

177 2911 315 2984 Chorus.
370 2909 513 2983 Etcum
541 2911 668 3007 Spiritu
696 2922 764 2983 tno.

173 3011 353 3086 Diaconos.
408 3012 584 3085 Precemnr
611 3013 789 3086 Dominum
817 3023 979 3084 nostrum.

176 3114 314 3188 Choans.
366 3111 413 3184 Te
441 3115 592 3187 Domine.

176 3214 351 3288 Sacerdos.
404 3215 546 3307 Christe,
575 3217 762 3312 redemptor
789 3224 913 3303 noster,
940 3235 1020 3309 pace
1039 3222 1105 3302 tue,
1126 3235 1211 3307 qnue
1230 3236 1368 3308 exsupe-

109 3327 152 3388 rat
181 3341 313 3389 omrrem
347 3341 482 3389 sensum
517 3330 551 3388 et
584 3341 784 3407 sermonem,
820 3315 995 3386 coniirmes
1023 3337 1084 3384 nos
1111 3324 1144 3385 et
1171 3316 1300 3384 munias
1327 3314 1369 3386 ab

108 3422 187 3490 omui
229 3417 434 3491 adversitatis
478 3431 630 3491 tremore.
684 3420 786 3513 lunge
829 3439 889 3489 nos
920 3439 1122 3512 quaesumus
1156 3415 1209 3507 iis,
1244 3416 1298 3514 qui
1336 3425 1368 3486 te

108 3533 186 3592 recte
213 3523 337 3612 colunt,
365 3521 420 3617 qui
449 3532 480 3591 te
507 3523 646 3593 adorent
673 3521 706 3593 in
734 3521 851 3618 spiritu
870 3531 903 3591 et
922 3520 1067 3590 veritate.
1096 3517 1177 3590 Nem
1200 3530 1273 3590 tuse
1293 3541 1369 3590 surr·

110 3621 262 3695 ctissimae
290 3619 478 3718 Trionem)
515 3623 654 3696 debetur
687 3624 804 3720 gioria,
838 3623 946 3694 horror
980 3633 1013 3693 et
1045 3621 1192 3718 potentin
1221 3629 1370 3694 nuncet

110 3745 228 3823 semper
253 3735 289 3797 et
314 3724 347 3795 in
376 3726 516 3797 saecule.

172 3827 374 3899 Benedictus
401 3827 445 3898 sit
470 3826 631 3900 Dominus
658 3837 773 3897 noster
798 3826 891 3897 lesus
918 3823 1081 3897 Christus.

176 3929 313 4002 Chorus.
365 3928 482 4000 Amen.

174 4029 352 4102 Diacoans.
406 4029 547 4104 Domine
573 4027 724 4102 benedic.

109 4203 198 4218 --ι-

184 4302 207 4361 t)
223 4293 397 4368 συγγνώμην
411 4299 458 4348 καὶ
476 4289 578 4366 ἄφεσιν
597 4314 619 4363 p.
630 4296 687 4348 355.
699 4295 757 4346 364.

184 4385 209 4445 2)
225 4381 340 4440 deurode
356 4383 404 4433 arci
421 4375 552 4448 ἀλλήλους
569 4398 593 4447 p.
604 4379 661 4431 tat.

182 4468 206 4528 ³)
228 4469 326 4519 Nesis
344 4467 443 4534 pata:
468 4469 543 4529 „This
569 4465 717 4529 expression.
742 4464 766 4512 iu
792 4480 821 4513 su
841 4465 966 4514 trrneuisn
985 4463 1088 4522 Litora,
1107 4472 1206 4508 srrarrs
1225 4473 1278 4521 serp
1296 4459 1366 4532 much

112 4548 134 4596 ti
147 4550 251 4616 dares5.'‘
286 4553 339 4604 dc:
365 4554 431 4602 Deuu
455 4554 499 4602 der
522 4549 686 4609 riterneitigou
707 4549 874 4610 Dreieiuigteit
893 4546 1014 4609 gebuhreu
1034 4544 1200 4603 tterrt'retteir,
1226 4543 1367 4621 Daehtfluud

112 4627 171 4696 dire,
186 4639 242 4700 iatrt
260 4638 309 4689 uud
327 4637 413 4686 immor
431 4636 479 4686 und
498 4651 542 4685 rou
561 4633 674 4694 Enigieit
692 4647 720 4682 ru
738 4631 860 4694 senten.
896 4633 978 4681 tmen.
1007 4629 1009 4636 “
