3378 5302
688 476 760 550 105

158 660 264 734 xxi.
294 657 340 734 ‘0
368 656 456 742 Θεὸς
487 657 508 732 ό
542 656 607 732 διά
637 657 776 756 πολλὴν
800 657 864 735 καὶ
889 659 1039 757 ἀφατον
1065 656 1360 757 φιλανθρωπίαν

81 759 340 844 ἐξαποστείλας
364 758 433 834 τὸν
456 769 641 862 μονογενῆ
667 785 737 836 σου
770 761 855 836 iilo
880 765 930 846 είς
954 759 1022 836 τὸν
1045 758 1202 856 κόσμον,
1227 762 1290 834 ἵνα
1318 757 1360 833 τό

80 862 366 958 πατλανημενον
391 861 651 960 ἐπαναστρίιμῃ
677 860 884 960 πρόβατον,
916 861 969 959 μὴ
994 862 1239 961 ἀποστραφῇς
1262 860 1362 958 ἡμᾶς

80 963 166 1046 τοὺς
182 961 433 1061 ἁμαρτωλοὺς
452 962 710 1064 ε’γχειροῦντάς
727 991 795 1040 σου
811 973 856 1062 τῇ
875 965 1021 1063 φοβερᾷ
1036 961 1154 1060 ταύτῃ
1170 963 1235 1039 καὶ
1251 963 1361 1038 ἀναι-

81 1063 214 1162 μάκτῳ
239 1064 380 1162 θυσίᾳ·
410 1063 455 1140 οὐ
477 1065 553 1193 γάρ
578 1065 637 1140 ἐπὶ
661 1072 743 1150 ταῖς
767 1063 1022 1149 δικαιοσύναις
1045 1065 1156 1162 ἡμῶν
1180 1063 1362 1141 πεποιθό-

82 1196 136 1250 τες
161 1165 292 1262 ἐσμὲν,
320 1167 400 1240 ἀλλ’
430 1169 489 1241 ἐπι
513 1173 568 1264 τῷ
593 1168 680 1242 ἐλέει
705 1192 775 1243 σου
799 1175 854 1266 τῷ
881 1167 1034 1270 ἀγαθῷ,
1060 1167 1110 1243 δι’
1133 1161 1179 1243 οὗ
1196 1166 1360 1269 τὸγένος

80 1268 187 1362 ἡμῶν
214 1275 404 1365 περιπυιῇ·
440 1267 650 1362 ἱκετεύομεν
674 1269 738 1345 καὶ
762 1278 1050 1367 παρακαλοῦμεν
1074 1269 1144 1366 τὴν
1169 1269 1240 1366 σὴν
1265 1270 1360 1371 ἀγα-

81 1367 239 1466 θότητα,
264 1373 330 1446 ἵνα
355 1369 408 1467 μὴ
433 1371 582 1472 γίνηται
608 1376 658 1456 εἰς
682 1369 895 1468 κατάκριμα
922 1380 973 1470 τῷ
1001 1379 1080 1470 λαῷ
1106 1398 1177 1446 σου
1200 1370 1244 1446 τὸ
1262 1377 1361 1446 nixo·

83 1469 253 1567 νομηθέν
277 1469 370 1568 ἡμῖν
395 1479 506 1548 τοῦτο
531 1470 624 1570 πρὸς
648 1473 837 1571 σωτηρίαν
861 1470 1081 1571 μυστήριον,
1107 1473 1188 1546 ἀλλ’
1211 1475 1261 1556 εὶς
1276 1469 1361 1558 ἐξά·

83 1581 202 1666 λειψιν
235 1572 449 1671 ἁμαρτιῶν,
482 1578 533 1657 εἰς
564 1574 774 1650 ἀνανέωσιν
806 1583 943 1673 ψυχῶν
974 1575 1039 1649 καί
1072 1572 1272 1672 σωμάτων,
1309 1580 1360 1658 εἰς

84 1673 324 1772 ιάορέστησίν
358 1700 429 1749 σου
460 1683 529 1750 τοῦ
558 1681 651 1750 θεοῦ
676 1677 739 1752 καὶ
765 1677 931 1774 Πατρός,
957 1680 998 1752 ἐν
1024 1676 1111 1752 ε’λίει
1135 1676 1199 1751 καί
1225 1686 1360 1776 φιλαν-

84 1775 236 1873 θρωπίᾳ
262 1784 331 1852 τοῦ
356 1785 585 1878 μονογενοῦς
610 1805 679 1852 σου
700 1780 799 1867 lion,
825 1779 916 1875 μεθ’
948 1771 994 1852 οὗ
1019 1777 1215 1880 εὐλογητὸς
1239 1778 1271 1852 εἶ
1288 1776 1360 1853 σὺν

84 1886 131 1972 τῷ
155 1877 337 1980 παναγίῳ
362 1877 426 1952 καὶ
451 1880 591 1980 ἀγαθῷ
616 1880 680 1954 καὶ
697 1879 866 1979 ζωοποιῷ
884 1905 954 1954 σου
970 1877 1181 1975 Πνεάματι,
1207 1887 1281 1955 νῦν
1296 1879 1360 1954 καὶ

84 1979 134 2052 ἀεὶ
158 1978 227 2054 καὶ
252 1985 305 2064 εἰς
329 1979 417 2066 τοὺς
440 1985 590 2064 αλῶνας.

154 2133 283 2208 XXVI.
324 2128 439 2226 Κύριε
472 2131 493 2208 ό
529 2132 635 2222 Θεὸς,
677 2132 696 2207 ὁ
729 2131 889 2232 κτίσαςῑ)
924 2124 988 2208 καὶ
1021 2130 1187 2237 οἰγαγδινΙ
1209 2137 1260 2218 ελς
1290 2134 1360 2230 τὴν

85 2233 225 2332 'goiim
253 2232 274 2308 ὅ
300 2233 496 2320 ὑποδείξας
521 2234 611 2332 ἡμῖν
637 2233 748 2319 ὁδοὺς
773 2241 823 2320 εἰς
846 2235 1046 2333 σωτηρίαν,
1074 2233 1093 2310 ὁ
1107 2233 1360 2333 χαρισάμενος

86 2335 168 2429 ἡμῖν
195 2336 391 2434 οὐρανίων
416 2335 634 2436 μυστηρίων
659 2333 910 2436 ἀποκάλυψιν,
936 2336 1000 2412 καὶ
1021 2337 1180 2434 θέμενος
1194 2335 1293 2434 ἡμᾶς
1310 2343 1361 2423 είς

86 2435 145 2531 τὴν
171 2437 376 2514 διακονίαν
400 2435 541 2535 ταύτην
559 2441 600 2513 ἐν
615 2447 659 2536 τῇ
678 2434 838 2533 δυνάμει
853 2447 921 2514 τοῦ
938 2438 1126 2542 παναγίου
1145 2465 1214 2514 σου
1231 2436 1369 2516 Hono·

87 2567 208 2630 ματος,
235 2537 457 2636 εὖδόκησον,
481 2539 654 2629 δέσποτα,
671 2541 849 2642 γενέσθαι
866 2541 964 2638 ἡμᾶς
980 2537 1179 2626 διακόνους
1197 2549 1262 2638 τῆς
1277 2570 1360 2616 και-

88 2648 144 2736 νῆς
159 2665 231 2716 σου
250 2639 449 2738 διαθήκης,
476 2641 708 2744 λειτουργοὺς
723 2650 801 2718 τῶν
823 2641 1023 2739 ἀχράντων
1038 2666 1107 2718 σου
1124 2643 1359 2740 μυστηρίων·

88 2743 141 2815 καί
166 2739 367 2842 πρόςδεξαι
400 2742 498 2838 ἡμᾶς
514 2743 828 2846 ’προςεγγίζοντας
852 2751 905 2842 τῷ
933 2744 1028 2846 ἁγίῳ
1056 2771 1125 2820 σου
1150 2748 1361 2842 θυσιαστη-

89 2843 149 2940 ρίῳ
173 2844 274 2919 κατὰ
300 2845 345 2920 τὸ
365 2849 509 2942 πλῆθος
529 2855 597 2924 τοῦ
619 2847 740 2929 ἐλέους
760 2871 844 2936 σου,
866 2850 931 2922 ἵνα
953 2850 1047 2932 ἄξιοι
1069 2843 1270 2948 γενοίμεθα
1292 2855 1360 2922 τοῦ

88 2947 301 3046 προςφέρειν
327 2973 386 3020 σοι
413 2945 518 3045 δῶρά
544 2978 583 3024 τε
608 2947 672 3024 καὶ
697 2946 838 3034 θυσίας
857 2947 948 3046 ὑπέρ
970 2977 1008 3023 τε
1030 2949 1177 3024 ἑαυτῶν
1197 2947 1262 3022 καί
1281 2956 1360 3024 τῶν

91 3056 147 3120 τοῦ
165 3055 262 3123 λαοῦ
284 3047 552 3150 ἀγνοημάτων·
580 3050 645 3124 καί
665 3048 731 3134 δὸς
750 3049 855 3146 ἡμῖν,
871 3048 998 3150 Κύριε,
1016 3049 1110 3145 μετὰ
1132 3049 1271 3133 παντὸς
1288 3047 1359 3148 φό-

89 3149 154 3238 βου
177 3150 242 3225 καί
272 3148 518 3248 συνειδήσεως
543 3155 719 3248 καθαρᾶς
745 3151 988 3248 προςκομίσαι
1014 3177 1071 3226 σοι
1097 3149 1166 3248 τὴν
1192 3179 1360 3244 πνευμα-

165 3306 190 3366 1)
206 3307 299 3352 Fnhaio.
317 3305 409 3361 κτίσας
423 3301 502 3370 ἡμᾶς.
573 3308 598 3368 2)
615 3309 681 3353 Folor.
700 3302 767 3368 ζωὴν
784 3303 890 3367 ταύτην.

164 3545 223 3609 Cap.
241 3543 307 3594 xxi.
346 3544 440 3594 liabent
458 3545 487 3594 ll.
506 3555 529 3595 ei
547 3545 574 3595 ll.
600 3545 695 3608 Legitur
713 3537 778 3608 εὐχὴ
795 3542 841 3604 τῆς
856 3543 935 3596 θείας
951 3539 1122 3606 λειτουργίας
1138 3538 1187 3590 τοῦ
1203 3533 1360 3592 ἀποστόλου

93 3625 132 3672 aai
144 3621 325 3694 ἀδελωοθίου
338 3619 471 3692 ’landono
498 3631 520 3679 in
539 3630 643 3692 Litorssio
662 3631 688 3680 S.
706 3629 786 3679 Basilii
807 3627 1080 3678 Alexandrino-Graeca.
1099 3627 1177 3676 l'oriai
1195 3627 1217 3676 in
1237 3627 1361 3678 nonnullis

93 3711 213 3776 affiniora:
245 3701 360 3778 ἀραιόν
383 3724 434 3762 σου
451 3740 483 3750 -
501 3713 547 3762 λ’να
571 3712 654 3761 πεπλ.
672 3739 705 3749 -
729 3712 775 3762 nol
798 3705 847 3774 τὴν
864 3703 989 3778 φοβεράν
1006 3701 1107 3772 ταύτην
1123 3709 1172 3760 καὶ
1187 3705 1362 3778 ἀναίμακτον
1425 3739 1430 3751 ,

93 3793 184 3844 θιαίον
200 3822 234 3834 -
252 3789 417 3864 ἱκετεύομεν
442 3793 491 3861 τὴν
507 3791 561 3862 σὴν
577 3790 625 3862 ἀγ.
642 3825 675 3835 -
692 3791 871 3862 εὐαρέστησιν
888 3790 947 3858 σήν.
983 3788 1093 3859 Πατρός
1108 3794 1156 3844 καλ
1172 3797 1221 3846 τοῦ
1236 3809 1361 3862 μονογε-

94 3879 147 3934 νοῦς
169 3891 220 3930 σου
245 3877 310 3930 υίοῦ
333 3880 382 3930 καλ
404 3873 514 3946 ἀγαθοῦ
538 3880 585 3930 καλ
607 3881 741 3940 ζωοποίου
763 3879 812 3930 καλ
834 3873 987 3948 ἀμοουσίοο
1004 3891 1056 3929 σου
1074 3873 1241 3946 πνεύματος.
1277 3883 1359 3934 Oaalio

93 3961 162 4014 laooli
183 3967 309 4030 antiquior
332 3975 370 4018 ool
387 3966 496 4018 Concilio
515 3968 620 4018 llicaono
645 3975 669 4016 el
686 3965 968 4030 Conslanlinopoliiano:
992 3965 1145 4016 Alexandrini
1164 3974 1286 4018 mularoni
1303 3981 1362 4016 con-

94 4047 214 4100 olnaioneon
233 4059 292 4114 posi
309 4065 399 4102 annona
418 4051 475 4102 389.

167 4153 224 4217 Cap.
242 4153 320 4204 xxvi.
358 4153 388 4203 ll.
407 4156 541 4205 orationem
565 4153 673 4219 appellnt
690 4155 782 4203 lei-lion
802 4153 827 4203 S.
845 4151 935 4204 Boailii.
970 4152 1051 4202 Exstat
1068 4153 1092 4201 in
1110 4151 1137 4200 il.
1173 4151 1303 4200 llonooaain
1322 4151 1360 4200 di·

94 4249 156 4293 μισ
178 4247 223 4298 ιιι,
245 4239 319 4288 aliam
346 4239 370 4289 in
390 4239 494 4302 liturgia
512 4240 538 4289 S.
556 4237 638 4288 llaoilii
662 4238 819 4288 Alexandrina
844 4238 924 4287 iocari
946 4229 1013 4302 εὐχὴ
1037 4229 1191 4301 ἀσπασμοῦ
1213 4232 1261 4282 τοῦ
1277 4225 1360 4298 ἁγίου

94 4319 237 4371 Βασιλείαν.
274 4323 382 4372 observa
407 4323 518 4374 leoiionia
542 4324 688 4374 ιιιίιιειεαι.
721 4322 818 4377 κτίσας
839 4316 961 4388 ἡμάς-
980 4314 1049 4381 ζωὴν
1072 4310 1175 4380 ταύτην
1191 4341 1224 4356 -
1242 4314 1277 4366 σι)
1302 4307 1361 4368 oli

95 4403 201 4470 θέμενος
217 4431 251 4444 ·-
268 4398 393 4472 δυνάμει
416 4409 465 4458 τοῦ
485 4401 646 4473 πνεύματος
662 4431 695 4444 -
713 4400 868 4468 εὐδόκησον
892 4399 926 4467 δὴ
943 4397 1019 4472 κόριε
1036 4401 1087 4453 τοῦ
1104 4417 1131 4468 γ.
1149 4427 1182 4442 ·-
1199 4400 1255 4450 τῶν
1271 4393 1361 4466 άγίιον

97 4497 139 4535 σου
154 4505 183 4553 μ.
200 4489 246 4540 ἵνα
263 4479 339 4548 ἄξιοι
356 4507 385 4558 γ.
403 4517 437 4528 -
454 4483 524 4556 ὑπὲρ
547 4489 602 4540 τῶν
624 4483 765 4558 ἡμετέρων
788 4481 997 4556 ἁμαρτημάτων
1019 4485 1067 4536 καλ
1084 4484 1140 4535 τῶν
1155 4483 1205 4535 τοῦ
1221 4483 1291 4536 λαοῦ
1308 4496 1361 4534 σου

97 4563 134 4634 ly.
150 4597 181 4611 -
197 4569 246 4633 δός
268 4571 340 4644 ἡμῖν
362 4570 435 4644 μετὰ
453 4601 484 4614 -··
503 4571 622 4632 εὐωδίας
644 4569 704 4624 ἀντ.
722 4561 856 4640 -χάριν
872 4573 921 4622 τοῦ
937 4565 1020 4639 ἁγίου
1036 4583 1088 4620 σου
1106 4585 1137 4618 π.
1154 4594 1188 4608 -
1205 4564 1361 4633 προςεδίξω

98 4649 124 4702 λι
138 4657 187 4707 τᾶν
201 4653 292 4728 ἁγίων
310 4671 365 4711 σου
380 4655 545 4711 ἀποστόλων
562 4654 611 4722 τὴν
627 4655 672 4708 ἀλ.
690 4651 792 4720 ταύτην
806 4656 937 4726 λατρείαν
954 4681 987 4696 ·-
1000 4667 1100 4722 χρηστ.
1118 4667 1170 4706 σου
1187 4645 1364 4722 κύριε-δός

98 4751 121 4801 7.
135 4739 326 4814 εὐτροσδεκτά,
343 4739 502 4814 ἡγιασμένα
521 4771 552 4786 ·-
570 4736 1023 4813 ίξελασμόν-προκοιμηθίντων
1040 4745 1115 4805 ol.-
1125 4731 1278 4808 ἀμέμπτως
1293 4736 1362 4786 λ.-
