3378 5302
928 433 975 508 98

314 617 613 714 ἐπικαλουμένοις
647 643 703 692 σε·
736 583 800 692 κόιὶ
831 613 1064 714 λύτρτοσαιε
1041 623 1142 742 ημᾶς
1167 613 1243 689 ἀπὸ
1267 608 1445 710 αἰσχύνης
1468 641 1596 742 παρα-

314 717 545 815 πτωμάτων·
572 716 794 818 ιιοόθαροντ
772 726 882 846 ημῶν
907 716 976 793 τὸν
1000 725 1095 794 νοῦν
1120 715 1184 792 καὶ
1208 714 1256 842 τρὶ
1276 711 1500 843 φρονήματα
1518 713 1596 788 ἀπὸ

313 829 463 921 μιαρῶν
489 824 704 948 ἐπιθυμιῶν
727 820 792 896 καὶ
816 827 994 916 κοσμικης
1019 815 1162 916 ἀπάτης
1185 817 1250 892 καὶ
1274 815 1393 943 πάσης
1421 814 1597 916 διαβολι-

312 931 379 1052 κής
404 919 668 1050 ἐνεργείας·
628 952 694 998 και
680 919 910 1021 πρόςδεξαι
935 923 976 998 ἐκ
996 919 1120 1019 χειρὸς
1134 918 1245 1017 ημῶν
1260 927 1339 995 τῶν
1356 917 1597 1046 ἁμαρτωλῶν

313 1025 357 1102 τὸ
390 1028 571 1122 θυιμαμα
603 1033 727 1114 τοῦτο,
762 1023 813 1109 ῶς
837 1020 1104 1122 προςεδὲξω
1065 1050 1135 1150 την
1159 1019 1376 1120 προςῳορὰν
1394 1021 1522 1146 ’Ἅβελ
1527 1015 1597 1094 καὶ

313 1133 398 1202 Νῶε
424 1155 488 1200 και
475 1125 654 1225 Ἀαρῶν
678 1123 742 1201 καὶ
768 1123 964 1222 Σαμουὴλ,
989 1123 1054 1200 καὶ
1078 1117 1233 1251 μάντυιν
1258 1147 1327 1198 σου
1352 1129 1431 1198 τῶν
1456 1118 1595 1248 ἁγίων,

315 1225 545 1325 ῥυόμενος
515 1236 623 1358 ημᾶς
654 1226 728 1302 ἀπὸ
754 1224 893 1312 παντὸς
917 1233 1083 1326 πονηροῦ
1107 1221 1338 1352 πράγματος,
1369 1251 1433 1297 και
1420 1219 1597 1313 σώζων

314 1335 365 1414 ελς
397 1329 440 1404 τὸ
474 1325 631 1405 πάντοτε
665 1329 876 1425 εὐαρεστεῖν
906 1327 970 1404 καὶ
1002 1332 1247 1454 προςκμνεῖν
1251 1324 1316 1400 καὶ
1348 1321 1518 1420 δοξάζειν
1552 1349 1595 1398 σε

313 1431 382 1507 τὸν
407 1431 563 1560 Πατέρα
588 1431 742 1507 καὶτὸν
759 1437 951 1558 μονογενῆ
978 1455 1047 1505 σου
1076 1427 1162 1504 Υἱὸν
1185 1425 1249 1503 καὶ
1273 1457 1317 1502 το
1302 1423 1494 1524 Πνεῦμά
1521 1451 1595 1500 σου

313 1531 357 1608 τὸ
383 1529 583 1638 πανάγιον,
609 1541 683 1610 νῦν
708 1531 772 1608 καὶ
797 1531 855 1606 ἀεὶ
878 1530 942 1605 καὶ
968 1535 1018 1615 ελς
1042 1529 1129 1615 τούς
1154 1533 1304 1614 αλῶνας.

535 1675 650 1752 Ka6'
627 1707 784 1772 αρχονται
805 1679 840 1750 ⁰6
862 1676 1070 1768 άναγνῶοται
1089 1704 1149 1748 του
1134 1681 1374 1769 γερουβικοῦ.

364 1799 595 1932 Σιγησάτω
628 1811 730 1877 πᾶσα
766 1801 860 1901 σὰρξ
881 1801 1056 1928 βροτεία,
1089 1798 1153 1875 καὶ
1185 1795 1306 1895 στήτω
1339 1796 1432 1895 μετά
1466 1791 1594 1926 ιρόβου

312 1904 376 1980 καλ
408 1901 564 2002 τρόμου,
597 1903 661 1979 καὶ
692 1903 812 2002 μηδὲν
843 1900 974 2006 γήϊνον
1007 1903 1186 2031 λνὲηιυτῇ
1213 1899 1436 2003 λογιζέσθω·
1471 1897 1595 2026 ὁγὰρ

313 2005 488 2104 βασιλεὺς
530 2011 609 2081 τῶν
644 2003 924 2104 βασιλευόντων
958 2003 1022 2077 καὶ
1061 2000 1188 2100 κύριος
1229 2009 1308 2077 τῶν
1342 1995 1597 2130 κυριευόντων

288 2107 520 2205 Χριστὸς
503 2137 523 2182 ο
553 2105 685 2190 Θεὸς*
664 2115 775 2202 ημῶν
800 2105 1014 2202 προέρχεται
1041 2127 1119 2204 σφα
1146 2106 1326 2231 ιασθήναι
1345 2131 1410 2177 κατ
1397 2099 1596 2198 δοθῆναι

314 2213 365 2292 ελς
382 2210 530 2308 βρῶσιν
547 2213 624 2291 τοῖς
640 2213 798 2290 πιστοῖς·
826 2213 1145 2334 προηγοῦνταιε
1103 2133 1145 2280 (66
1171 2200 1306 2280 τούτου
1333 2205 1367 2278 οἱ
1390 2201 1498 2301 χοροὶ
1515 2211 1597 2280 τῶν

315 2310 483 2438 ἀγγέλων
508 2307 602 2406 μετὰ
628 2303 748 2405 πόσης
773 2309 889 2406 ἀρχῆς
912 2307 977 2383 καὶ
994 2306 1173 2396 ἐξουσίας,
1199 2306 1247 2380 τὰ
1267 2303 1515 2400 πολυόμματα
1530 2333 1596 2400 χε-

315 2411 469 2538 ρουβλμ,
501 2410 566 2485 καὶ
596 2410 643 2484 τὰ
653 2411 897 2540 ἑξαπτόρυγοι
923 2408 1089 2540 σεροιιρὶμ
1121 2408 1189 2494 τὰς
1207 2410 1316 2536 ὄψεις
1341 2402 1594 2496 καλύπτοντα,

315 2511 378 2589 καλ
403 2515 557 2612 βοῶντα
581 2511 649 2588 τὸν
673 2512 796 2607 ῦμνον
822 2511 1033 2608 ὐλληλούϊα,
1059 2506 1271 2607 ἆλληλούϊα,
1297 2506 1507 2606 ἀλληλούϊοι.

393 2667 500 2740 XVII.
543 2673 628 2745 “0
618 2677 723 2768 ιερεῦς
755 2673 893 2766 ελςάγων
925 2677 968 2744 τὰ
1002 2673 1081 2765 ἅγια
1113 2675 1206 2766 δῶρα
1232 2675 1384 2766 λέγει
1348 2701 1407 2765 την
1434 2671 1531 2765 εὐχήν

884 2777 1016 2868 ταύτην.

387 2899 431 2978 Ὁ
451 2901 550 2988 Θεὸς,
577 2899 597 2973 6
618 2898 706 2984 Θεὸς
730 2899 851 2996 ήμῶν,
878 2899 898 2972 6
924 2899 991 2975 τὸν
1017 2881 1197 2996 οὐράνιον
1222 2899 1338 2993 ἄρτον
1363 2897 1432 2995 τήν
1447 2899 1598 2996 τροφὴν

315 3010 383 3076 τοῦ
409 3002 548 3084 παντὸς
572 2998 730 3096 κόσμου,
758 3000 825 3075 τὸν
851 2998 993 3095 Κύριον
1017 3000 1127 3097 ἡμῶν
1145 3001 1292 3096 Ἰησοῦν
1316 2999 1485 3095 Χριστὸν
1510 3004 1597 3085 ἐξα-

315 3103 520 3193 ποστείλας,
547 3111 709 3201 σωτῆρα,
735 3103 797 3176 καὶ
815 3102 1020 3202 λυτρωτὴν,
1045 3101 1109 3176 καὶ
1128 3102 1332 3204 εὐεργέτην,
1352 3101 1596 3204 εὐλογοῦντα,

316 3265 629 3287 ...η-ά...-

401 3344 459 3409 Cap.
478 3343 545 3394 xvu.
564 3345 642 3395 lell.
677 3343 708 3394 λδ.
726 3340 774 3392 καλ
791 3341 987 3410 προςέρχονται
1005 3333 1037 3389 τά
1055 3332 1133 3405 ἅγια.
1164 3337 1197 3390 06
1215 3333 1247 3388 τὰ
1261 3339 1423 3406 χερουβιίμ.
1459 3341 1596 3401 (ὒεοιοεε

317 3429 398 3480 Charo
423 3427 563 3486 canendus.)
591 3420 651 3476 Ὅτε
676 3423 706 3476 δὲ
725 3426 853 3477 τεθέασιν
871 3423 902 3474 έν
919 3423 957 3488 τῷ
972 3415 1161 3492 θυσιαστηρίῳ
1177 3413 1287 3489 εὔχεται
1305 3415 1320 3474 ὁ
1338 3417 1427 3492 ίερεύς
1444 3418 1492 3486 τὴν
1509 3417 1599 3488 εὐχήν

316 3509 362 3572 τῆς
379 3513 554 3576 προδέσεωςε
576 3503 606 3560 Ὁ
621 3502 696 3572 θεὸς,
721 3503 736 3558 ὁ
754 3505 820 3565 θεὸς
835 3502 917 3575 ἡμῶν
934 3508 990 3558 κτλ.
1009 3517 1036 3560 αι
1052 3523 1134 3573 εορτε.
1169 3510 1284 3572 Sequitur
1300 3511 1378 3558 οιειίο
1396 3523 1472 3573 super
1489 3510 1597 3574 thymin-

317 3603 396 3646 mne:
420 3592 550 3644 Δέσποτα
573 3583 764 3659 παντοκράτορ
787 3590 901 3655 βασιλεῦ
918 3591 963 3654 τῆς
979 3584 1069 3656 δόξης.
1104 3593 1162 3644 {lein
1181 3587 1246 3657 εὐχὴ
1263 3591 1415 3659 λεγομένη·
1440 3605 1597 3658 προςερχο-

316 3678 412 3744 μένων
429 3676 483 3727 τῶν
500 3669 597 3743 ἁγίων,
621 3677 669 3726 τοῦ
685 3668 768 3742 ἁγίου
785 3674 949 3729 Διονυσίου;
977 3669 1007 3726 τὸ
1025 3669 1143 3743 φρικτόν
1159 3689 1211 3728 σου
1228 3669 1303 3744 κύριε
1320 3667 1522 3741 καταλαβόντες
1538 3670 1598 3728 δά-

316 3757 406 3810 πεδον
422 3750 612 3828 δαμβοόμεδα
630 3757 668 3823 τῶ
684 3753 821 3826 προςῶτιηι
839 3758 870 3828 τῇ
882 3758 1000 3827 λαμπρᾷ
1016 3772 1067 3812 σου
1084 3760 1200 3830 τραπέζη
1218 3756 1450 3828 προςερχόμενοτ·
1474 3760 1522 3812 καλ
1539 3761 1597 3812 τιέ-

317 3843 366 3900 λας
390 3842 437 3894 τοῦ
460 3843 584 3910 φοβεροῦ
602 3856 654 3893 σου
670 3837 816 3912 γινόμενοι
831 3835 954 3911 βήματος
969 3836 1146 3912 κλονούμεδα
1165 3843 1202 3909 τῷ
1219 3844 1321 3912 παλμῶ
1338 3839 1370 3896 τά
1386 3844 1456 3911 μέλη
1472 3839 1596 3910 βραττό-

317 3941 406 3991 μενοι,
424 3921 575 3994 ἀνέηικτον
591 3926 669 3994 θῦμα
688 3923 880 3997 προςάγοντες.
901 3928 949 3986 Τίς
964 3923 1020 3997 γάρ
1036 3928 1163 3996 γηγενῶν
1171 3929 1382 3996 προςηλωμένος
1395 3930 1452 3986 τοῖς
1460 3923 1598 3997 πάθεσιν,

317 4001 394 4072 άξιος
416 4009 582 4076 τηλικούτων
604 4014 763 4082 μυστηρίων
787 4004 946 4078 ἐξάψασδαι
964 4006 1097 4076 δόναται;
1117 4008 1280 4081 Ἀφαίρεμα
1296 4007 1350 4080 γὰρ
1368 4008 1417 4077 τήν
1433 4011 1597 4082 παρρησίαν

317 4093 348 4148 τὸ
371 4098 417 4160 τῆς
438 4089 549 4162 φύσεως
571 4090 691 4147 ἄστατον
714 4096 762 4146 καλ
779 4089 948 4160 συνειδήσεις
965 4093 1074 4164 ἐναγεῖς
1091 4097 1128 4162 τῶ
1145 4096 1185 4161 νῷ
1201 4089 1406 4164 κατεργάζεται·
1430 4096 1479 4146 καλ
1495 4091 1597 4156 σκότος

317 4173 416 4246 ἐπάγει
438 4180 475 4245 τῷ
497 4181 636 4248 βλέμματι
652 4173 774 4248 ἄσεμνος
789 4183 912 4232 πολιτεία
930 4181 977 4230 καί
992 4183 1051 4247 βίος
1067 4177 1201 4248 ἐπίμονος
1217 4174 1285 4232 ὅθεν
1302 4177 1470 4249 δεδοίκαμεν
1487 4181 1538 4232 καλ
1556 4182 1597 4248 τῶ

318 4257 398 4332 φόβῳ
421 4257 613 4333 κλονούμεθα·
638 4259 707 4332 μήτε
730 4257 768 4322 ῶς
784 4260 903 4323 ἀναξίοις
919 4265 974 4316 τῶν
991 4260 1091 4334 διόρων
1108 4257 1253 4332 ἁψάμενοι
1271 4265 1418 4334 τρέψομεν
1434 4261 1505 4316 καθ’
1524 4263 1597 4318 εἰτυ-

318 4346 374 4396 τῶν
397 4341 444 4408 τὴν
466 4349 549 4400 δείαν
573 4345 721 4412 ἐκδίκησιν.
755 4345 809 4400 Διό
831 4341 1047 4418 καθικετεύομεν
1070 4345 1120 4414 τήν
1135 4349 1354 4419 φιλανθρωπίαν
1370 4360 1433 4402 σομ’
1458 4343 1508 4408 δὸς
1525 4345 1597 4420 ἡμῖν

318 4421 498 4496 άγιοπρεπῶς
519 4433 574 4482 τῶν
591 4426 680 4501 ἁγίων
698 4447 747 4488 σου
764 4436 925 4502 μυστηρίων
942 4427 1134 4500 ἀπάρξασθαι·
1160 4425 1363 4502 λνδυνάμωσον
1379 4427 1452 4501 ἡμᾶς
1469 4431 1597 4486 δέσποτα

319 4513 396 4584 ψυχῇ
417 4513 465 4564 καλ
485 4513 593 4583 στόματι
617 4517 665 4568 ιιιιλ
685 4510 802 4586 χάρισαι
819 4513 886 4585 ἡμῖν
903 4509 1027 4586 ιἰμιόμως
1043 4517 1222 4586 ίερουργῆσαι
1238 4519 1270 4588 τῇ
1286 4517 1321 4586 σῇ
1336 4509 1442 4586 ἀρρήτῳ
1461 4509 1596 4588 δυνάμει.

318 4592 416 4648 Πάντα
433 4593 487 4670 γὰρ
505 4595 552 4650 διά
571 4614 622 4653 σου
640 4602 712 4654 είσλν
728 4602 776 4654 καλ
793 4604 891 4671 πρέπει
908 4613 952 4654 σω
969 4601 1045 4652 πᾶσα
1072 4595 1139 4662 δόξα
1167 4595 1231 4670 τιμή
1248 4601 1296 4654 καλ
1310 4602 1542 4670 μεγαλοπρέπεια
1557 4606 1597 4670 τῷ

317 4684 404 4753 πατρί
418 4695 464 4736 εις.
498 4686 527 4736 Et
550 4687 597 4737 τλλε
620 4689 706 4740 oralia.
744 4683 842 4744 Οὐδεὶς
864 4679 940 4745 ὐξιος
963 4703 1023 4754 quae
1048 4688 1150 4740 habetur
1167 4689 1192 4740 in
1209 4688 1323 4754 λλοιςίἰε
1341 4687 1424 4741 [milii
1441 4697 1466 4742 τι
1483 4689 1596 4756 Chryso·
