3378 5302
692 444 762 517 147
807 429 808 440 ¹

532 619 572 692 ‘O
593 619 700 712 ἰερεὺς
720 621 905 710 ἐπεύχεται

161 733 336 803 Δέσποτα
360 723 475 826 κύριε,
502 725 522 802 ὅ
547 724 650 817 θεός,
677 726 699 802 ὁ
724 724 1004 826 παντοκράτωρ,
1032 727 1051 804 ὃ
1071 730 1190 829 πατὴρ
1207 740 1274 808 τοῦ
1291 751 1361 810 κυὲ

93 829 168 926 ριόυ
199 829 313 926 ἡμῶν
332 827 454 926 Ἰησοῦ
470 833 660 928 ΙΧριστοῦ,
694 826 862 924 δεόμεθα
892 831 956 920 καὶ
987 834 1273 929 παρακαλοῦμεν
1299 863 1356 928 σε·

90 931 151 1028 τὴν
175 933 216 1016 ἐξ
241 933 409 1028 οὐρανοῦ
434 926 582 1029 εἰρήνην
606 927 825 1028 βράβιυσον
849 938 931 1015 ταῖς
948 929 1127 1010 ἁπάντων
1141 934 1250 1032 ἡμῶν
1265 966 1357 1037 καρ-

92 1031 197 1116 dinae·
227 1032 323 1108 ἀλλὰ
348 1033 504 1108 καὶτοῦ
527 1032 617 1130 βίου
642 1030 778 1108 τούτου
802 1031 878 1130 τὴν
896 1030 1045 1130 εἰρήνην
1070 1034 1161 1131 ἡμῖν
1178 1032 1354 1135 δώρησαι.

92 1133 179 1226 [Τὸν
204 1131 419 1237 ἁγιώτατον
443 1135 506 1208 καὶ
531 1132 819 1232 μακαριώτατον
841 1133 952 1231 ἡμῶν
966 1132 1109 1210 Πάπαν
1128 1136 1196 1212 τὸν
1211 1137 1267 1229 A‘,
1293 1141 1357 1216 ecci

88 1233 147 1310 τίν
172 1233 385 1312 ὁσιώτατον
407 1235 517 1333 ἡμῶν
542 1234 741 1312 ἐπίσκοπον
764 1235 833 1310 τὸν
857 1228 912 1311 A'.
939 1245 1146 1334 σοντηρῶν,
1174 1238 1357 1340 συντήρη-

89 1359 148 1410 σον
178 1336 276 1434 ἡμῖν
307 1338 444 1421 αὐτοὺς
474 1338 569 1412 ἔτεσι
601 1343 759 1426 πολλοῖς,
795 1343 987 1434 εἰρηνικῶς
1017 1342 1252 1426 incidimur
1286 1343 1356 1441 τὴν

89 1434 150 1512 ὑπό
177 1464 250 1513 σου
275 1438 613 1537 ἑμτιεπιστευμὲνην
629 1438 742 1540 ἁγίαν
759 1437 1050 1539 ἀρχιερωσύνην,
1075 1442 1171 1515 κατὰ
1188 1442 1230 1516 τὸ
1246 1443 1355 1548 ἅγιον

89 1661 140 1711 dicet
158 1661 304 1712 Orationem
323 1661 489 1728 Oscuiipeeis
508 1661 537 1711 ed
556 1668 657 1732 patrem.
687 1661 800 1725 Sequitur
817 1662 864 1712 eiia
882 1661 964 1712 Oratio
982 1661 1048 1727 pacis
1066 1671 1090 1712 et
1106 1664 1175 1713 tertia
1191 1664 1271 1716 lacobi
1289 1667 1354 1732 Apo·

88 1746 142 1794 steti.
160 1746 227 1796 ideas
248 1747 355 1798 omnium
372 1747 476 1798 iiomiue
494 1753 540 1797 etc.
564 1744 750 1796 ci.iee.c.19.
786 1744 905 1809 ileiueeps
922 1745 1050 1797 Praefatio.
1080 1747 1116 1796 m.
1141 1748 1211 1811 drag.
1230 1763 1265 1800 sc.
1290 1752 1354 1817 Cpr,

88 1831 120 1894 qri
135 1831 258 1896 decipiunt
276 1831 307 1880 ab
324 1831 434 1884 oratione
451 1830 506 1888 seii,
523 1829 607 1895 piures
625 1829 736 1880 exhibent
753 1830 875 1880 orationes
893 1829 970 1879 osculi
988 1829 1017 1880 ad
1036 1837 1129 1895 petrem
1147 1839 1170 1882 et
1189 1832 1273 1886 fliium.

160 1916 232 1964 Astii.
258 1915 379 1968 diaconus
403 1923 497 1968 cantato
515 1914 650 1966 Chemhico
677 1914 763 1978 hymno
782 1913 853 1964 dicit:
877 1913 973 1976 Sospite
990 1914 1021 1964 ad
1038 1915 1180 1966 orationem.
1215 1918 1350 1974 Sacerdos:

87 1997 124 2046 i’u
139 1997 210 2047 robis
230 1999 355 2049 omnibus.

160 2083 192 2132 Et
216 2085 329 2148 sequitur
346 2083 488 2148 Deprecatio
506 2099 551 2149 pro
570 2081 682 2144 ecclesie,
700 2097 745 2148 pro
763 2095 832 2148 pace,
857 2094 902 2146 pro
921 2081 983 2143 Repe
1002 2087 1025 2131 et
1042 2083 1146 2132 exercita
1165 2084 1225 2145 eins,
1242 2100 1287 2150 pro
1304 2087 1352 2138 Pe-

84 2168 187 2218 trr'aredis
199 2167 344 2232 Aethiopiae
361 2175 384 2218 et
396 2168 559 2230 Aierandriee,
576 2167 703 2232 Episcopie
722 2174 745 2216 et
763 2167 829 2217 omni
847 2166 921 2226 ciero,
938 2179 983 2231 pro
1002 2167 1194 2228 congregatione.
1230 2169 1352 2236 Populus:

85 2250 182 2302 Beaedie
200 2252 384 2316 congregationi
407 2260 505 2303 nostrae
522 2259 546 2302 et
563 2266 677 2302 eoneerre
696 2265 749 2301 eam
767 2251 792 2301 in
809 2265 877 2314 peee.
911 2249 1011 2314 Moxque
1031 2250 1113 2300 dicunt
1130 2251 1269 2314 Spmboium
1296 2256 1353 2306 ddei

84 2335 210 2386 dieaenum
235 2337 353 2397 (unicum,
378 2338 419 2402 qui
442 2345 493 2388 erat
516 2350 571 2388 eom
589 2351 618 2388 eo
636 2325 764 2402 autequam
785 2342 907 2386 crearetur
924 2335 1078 2385 muudus-
1095 2359 1126 2372 ··
1146 2337 1270 2401 aequalem
1288 2339 1352 2390 Petri

84 2421 211 2470 motam
229 2419 377 2472 diuinitatem
392 2434 461 2471 soem
478 2447 511 2458 -
529 2422 591 2472 taeta
608 2429 666 2472 aunt
682 2429 706 2472 et
723 2421 776 2470 eina
793 2421 847 2484 ipso
866 2421 955 2470 iudum
974 2427 1011 2470 eet
1028 2417 1087 2470 utttt
1105 2419 1268 2485 quidquamin
1281 2423 1350 2474 coeio

84 2512 108 2552 et
129 2505 153 2554 io
176 2512 238 2554 terra
256 2531 290 2541 -
309 2520 337 2555 ex
355 2504 428 2556 idarie
451 2506 541 2568 rirqine
558 2513 640 2556 saneta
660 2532 692 2544 ·—
709 2530 743 2542 -—
761 2505 869 2556 ascendit
885 2518 939 2554 cum
957 2502 1034 2567 gloria
1051 2528 1085 2539 -
1102 2504 1143 2568 qui
1161 2519 1188 2554 ea
1205 2513 1274 2570 petre
1291 2522 1352 2573 pro-

84 2587 160 2648 cedit).
197 2589 287 2640 iterum
307 2597 377 2638 orent
393 2603 439 2653 pro
457 2591 651 2653 congregatione.
686 2589 820 2640 Diaconos:
839 2588 911 2638 Orate
928 2602 973 2651 pro
991 2601 1050 2650 pace
1067 2588 1174 2651 periente
1188 2597 1212 2640 et
1224 2591 1351 2644 emicass-

83 2671 195 2722 iatatiooe
211 2673 357 2737 apostoliea.
376 2673 552 2738 Amplectimini
570 2673 680 2725 inuicem.
707 2673 752 2732 Qui
770 2687 818 2724 uon
836 2671 1018 2722 communicetis
1036 2672 1111 2722 erite:
1129 2675 1170 2738 qui
1187 2677 1351 2730 communice-

82 2758 108 2806 tis
122 2757 291 2822 ampieaimiui
310 2758 409 2808 invicem
427 2759 450 2808 iu
468 2757 618 2823 plenitudine
636 2757 820 2808 cordisvestri:
838 2755 879 2822 qui
896 2755 1114 2807 communicaturus
1132 2765 1170 2807 est
1187 2761 1306 2812 custodiet
1322 2777 1350 2814 se

82 2842 181 2891 amato.
218 2842 356 2892 Sacerdos:
375 2842 476 2892 iiomiue
492 2857 536 2907 per
553 2842 725 2904 benignitatem
742 2848 807 2891 tuem
826 2840 899 2904 imple
918 2839 989 2891 corde
1008 2845 1090 2890 nostre
1107 2855 1167 2905 pace
1178 2849 1218 2893 tna
1229 2847 1349 2898 eimunda

82 2941 118 2975 aas
142 2927 174 2976 ais
204 2927 272 2976 omui
298 2926 391 2976 mecoia
411 2934 434 2977 et
451 2926 608 2988 immunditia,
626 2927 656 2976 eir
675 2924 741 2978 omui
758 2925 874 2976 uindictae
892 2925 981 2984 studio,
999 2924 1028 2974 eh
1047 2924 1141 2986 insidia,
1167 2935 1191 2976 et
1207 2925 1349 2982 iniuriarum

82 3011 247 3060 recordatione
272 3009 374 3060 letiiere.
410 3011 510 3061 Domine
535 3011 572 3060 isc
593 3025 638 3062 nos
664 3024 749 3060 omnes
767 3011 853 3072 diguus
871 3018 897 3059 ot
915 3008 1087 3072 amplectamur
1104 3009 1204 3062 inuicem
1222 3014 1245 3064 iu
1264 3015 1349 3066 osonio

82 3105 166 3156 ειιαο,
197 3102 223 3145 at
246 3094 412 3158 percipiemus
437 3095 527 3159 absque
545 3095 745 3145 condemnatione
762 3093 851 3143 donum
869 3100 937 3142 tuum
955 3091 1060 3142 eoeleste
1078 3099 1101 3142 et
1118 3093 1262 3158 immortale,
1286 3099 1350 3150 sicot

81 3179 140 3228 deest
163 3179 270 3242 gratiam
294 3187 368 3228 tuem.
404 3179 525 3243 Populos:
550 3179 645 3230 Christe
662 3179 726 3228 deus
743 3187 827 3228 noster
851 3178 890 3228 tec
911 3191 957 3227 uus
981 3177 1067 3238 dignos
1085 3176 1204 3228 eeiotandi
1222 3187 1245 3230 to
1263 3183 1347 3233 oscuio

80 3273 154 3314 sastto
175 3271 201 3313 et
219 3263 330 3324 eoeiesti,
348 3271 374 3314 nt
387 3263 512 3312 laudemus
521 3271 545 3314 te
555 3277 610 3314 eum
620 3264 748 3314 Cherubim
760 3270 783 3312 et
792 3261 918 3327 Seraphim
930 3267 953 3310 et
961 3259 1092 3310 clamemus
1103 3260 1219 3314 dicendo:
1236 3263 1348 3328 Sanctus,

80 3347 99 3396 S.
114 3349 139 3398 S.
157 3349 328 3410 omnipotens.
347 3345 413 3411 pieni
431 3355 487 3398 suut
504 3347 565 3398 coeii
582 3353 605 3398 et
622 3354 686 3398 terre
710 3345 785 3409 gioria
810 3353 857 3395 tue.
892 3344 995 3394 Posthac
1018 3344 1096 3394 denuo
1124 3350 1176 3395 oret
1198 3361 1243 3411 pro
1267 3349 1348 3401 eccle-

80 3433 107 3480 e'a
123 3441 170 3482 etc.
192 3439 238 3480 etc
275 3429 479 3496 Perstepiaunm
497 3439 706 3496 protomartyrem,
725 3430 864 3480 Zachariam
882 3429 1032 3479 sacerdotem
1045 3436 1069 3478 et
1086 3427 1199 3481 ioannem
1217 3432 1347 3498 Baptistem

80 3517 153 3567 caret
181 3530 238 3566 ooe.
274 3515 353 3567 Simili
371 3517 464 3566 ratione
481 3524 700 3568 commemorantur
717 3530 802 3566 omues
819 3513 900 3564 Sancti
917 3513 1039 3577 idertpres,
1063 3513 1093 3563 tv
1110 3513 1282 3576 Erenqeiistee,
1306 3515 1351 3566 iiei

79 3603 183 3661 rmum,
207 3599 320 3666 Apostoli
345 3608 369 3651 et
392 3599 561 3666 Apostolorum
585 3600 713 3666 discipuli,
738 3599 818 3652 iiiiiii
841 3597 967 3663 disdpntt,
990 3605 1071 3662 patres
1095 3599 1201 3650 Nicaeni.
1235 3599 1350 3664 Sequitur

78 3685 193 3736 demente
211 3697 258 3749 pro
276 3684 411 3745 iieiunctis,
437 3700 498 3749 „per
514 3700 600 3750 preces
618 3694 641 3735 et
658 3685 840 3750 deprecationes
859 3698 918 3748 quas
937 3683 1007 3733 iaciet
1024 3697 1069 3748 pro
1087 3682 1157 3733 nobis
1175 3684 1276 3735 [iumine
1294 3699 1349 3735 om-

80 3773 134 3820 snae
153 3777 242 3820 cenete
262 3776 287 3820 et
304 3782 365 3833 pura
382 3768 465 3829 iderie,
482 3769 556 3819 idater
575 3769 617 3819 ttet
636 3776 659 3820 et
676 3783 720 3834 per
737 3783 822 3833 preces
840 3782 980 3830 magnorum
999 3767 1152 3818 luminarium
1172 3767 1281 3829 iiicheai,
1300 3771 1348 3822 Ge·

79 3853 138 3914 inei,
164 3854 276 3917 Raptae!
302 3862 326 3903 et
350 3851 431 3904 Uriei:
454 3861 605 3919 quatuorque
628 3854 767 3904 animalium
784 3854 983 3918 incorporeorum
1001 3859 1026 3904 et
1042 3851 1122 3914 riqinti
1139 3861 1242 3918 quatuor
1258 3853 1346 3906 Sacer·

78 3937 150 3988 &tam
187 3937 252 3988 coeii
278 3938 356 3986 sancti
379 3936 476 3986 ioannis
499 3937 628 4002 Baptistae,
657 3946 751 4003 petrum
778 3945 916 3988 nostrorum
941 3936 1140 4000 Patriereherum,
1165 3935 1346 4002 Apostolorum,

77 4022 148 4074 [liii
168 4022 351 4086 discipulorum
370 4028 395 4070 et
412 4021 483 4071 trinro
502 4035 642 4086 puerorum,
661 4023 685 4072 S.
704 4022 819 4086 Stephani
837 4022 953 4086 principis
971 4021 1141 4081 diaconorum,
1159 4020 1185 4070 S.
1198 4020 1301 4082 Georgii,
1318 4020 1345 4070 S.

77 4105 204 4165 itmdori,
221 4105 248 4154 S.
266 4103 389 4165 iisrcurii,
407 4103 432 4154 S.
442 4103 550 4168 Menace,
567 4105 592 4156 S.
603 4105 730 4167 Phiiothei,
748 4107 773 4156 S.
792 4105 912 4167 Basilidis,
930 4103 1105 4156 S.PetrisNob
1123 4111 1147 4154 et
1163 4104 1270 4154 omnium
1280 4102 1344 4152 ider-

18 4231 19 4260 ,
76 4199 152 4252 pram,
174 4190 276 4240 Domini
294 4201 393 4253 quoqne
410 4195 435 4237 et
451 4192 529 4252 magni
547 4192 671 4256 sanctique
689 4191 766 4240 i'atris
783 4191 859 4240 nostri
876 4190 941 4240 Abba
960 4191 1067 4240 Antonii:
1086 4189 1229 4251 Patremque
1246 4195 1345 4237 nostro·

18 4285 19 4350 ζ
77 4289 121 4326 rare
136 4276 184 4326 SS.
205 4277 280 4326 triam
299 4273 459 4324 disceriorom
477 4283 520 4326 etc
538 4282 585 4326 etc
620 4275 846 4326 Commemoraotur
863 4275 947 4339 piures
964 4273 1045 4326 Sancti
1061 4272 1215 4335 Aethiopiam
1233 4271 1302 4322 dein:
1321 4277 1347 4322 et

76 4373 153 4420 preces
172 4357 255 4410 Petris
280 4358 357 4408 nocui
383 4357 510 4410 reuerendi
527 4359 679 4410 Patriarehae
697 4360 774 4410 nostri
790 4359 818 4410 tt.
856 4361 972 4425 Sapisque
990 4357 1067 4408 nostri
1084 4355 1177 4408 claudii
1195 4362 1218 4405 et
1235 4356 1344 4406 omniurn

76 4457 137 4494 esee
156 4445 315 4507 signatorum
333 4442 453 4491 iustorum
477 4450 501 4491 et
524 4443 656 4492 eiecturum
683 4451 706 4493 et
722 4443 804 4506 Angeli
823 4443 869 4493 diei
888 4445 958 4493 tuine
975 4449 1080 4492 sanctae.
1115 4439 1241 4491 Orationes
1260 4454 1343 4490 eorum

75 4527 303 4592 icoedietiooesque
329 4533 355 4576 et
381 4526 568 4576 intercessiones
586 4541 669 4576 eorum
688 4536 711 4578 et
729 4528 815 4578 ceritas
832 4526 875 4577 liei
893 4529 940 4578 sint
957 4526 1082 4576 nobiscum
1100 4525 1123 4574 in
1142 4523 1237 4574 seecnia
1256 4538 1343 4576 seecu-

75 4611 152 4664 ism3.
179 4613 267 4664 Amen.
305 4610 440 4661 Sacerdos:
466 4609 541 4660 Nobis
566 4617 590 4660 et
616 4612 728 4662 omnihus
754 4612 795 4677 qni
812 4613 917 4677 quietem
941 4617 1084 4674 aeceperunt
1109 4610 1232 4670 miserere,
1260 4617 1283 4660 tu
1302 4609 1345 4675 qui

76 4697 152 4748 &isti
169 4697 248 4750 tilium
268 4704 337 4748 tunm
356 4696 382 4746 in
400 4693 481 4746 sinum
498 4695 608 4758 virginis.
1083 4759 1136 4812 ¹0*
