3388 5304
708 382 782 458 619

650 560 841 632 Θεοεόιιιον.

185 665 363 753 Ἔνδοξον
396 664 447 750 ῶς
480 665 666 764 στέφανον
700 665 809 768 ἁγνή,
843 663 1006 766 ἡφύσις
1031 671 1154 768 εἴληφε
1179 668 1248 744 τὸν
1272 674 1382 747 θεῖον

105 763 221 846 τόκον
236 783 330 857 σου,
357 771 511 867 ἐχθρῶν
536 767 761 868 ἀπείργοντα
787 765 984 871 φάλαγγας
1007 769 1071 844 καί
1095 778 1261 847 νικῶντα
1285 772 1382 848 κατά

105 868 245 968 κράτος
270 866 418 954 αάτοός.
470 868 540 944 Διὸ
569 871 739 966 χαρίτων
764 895 834 946 σου
860 869 1039 969 φαιδραῖς
1056 870 1382 972 καταστεφόμενοι

106 973 293 1076 ἀγλαΐαις,
322 969 361 1048 σί
387 971 632 1068 ἀνυμνοῦμεν
657 967 873 1069 πανόμνητε
899 971 1114 1049 δέσποινα.Ι

623 1099 715 1195 Ὠιδή
738 1101 865 1195 ίννάτη.

193 1213 342 1283 Νεῦσον
368 1203 581 1307 οὐρανόθεν
607 1209 812 1306 ολκτίρμον,
842 1203 965 1294 δεῖξόν
991 1231 1060 1284 σου
1085 1207 1128 1283 τὸ
1154 1210 1251 1294 ἔλεος
1276 1217 1381 1301 πᾶσι,

106 1309 177 1395 δός
200 1317 273 1387 νῦν
298 1308 367 1407 τὴν
393 1307 592 1406 ἀντίληψιν
616 1308 685 1406 τὴν
711 1309 781 1407 σήν
805 1310 869 1384 καὶ
893 1307 963 1407 τὴν
984 1313 1096 1406 ἴσχειν
1113 1334 1182 1386 σου
1198 1317 1253 1410 τῷ
1271 1339 1382 1411 προς-

109 1409 208 1488 ιόντι
244 1437 314 1500 σοι,
351 1409 415 1486 διδ
451 1418 519 1486 τοῦ
554 1408 664 1485 θείου
696 1411 903 1510 χρίσματος
937 1418 1015 1486 τῶν
1046 1411 1175 1509 ἱερέων
1201 1437 1284 1503 σου,
1319 1442 1383 1512 φι-

106 1510 325 1609 λόνθρωπε.

185 1615 343 1710 ’Ίδωμεν
375 1609 576 1714 πανάγαθε
610 1620 729 1709 σῶτερ
762 1607 1033 1715 ἀγαλλιώμενοι
1056 1613 1101 1690 τὸ
1126 1618 1235 1693 θεῖον
1260 1619 1384 1693 ἔλαιον

107 1721 204 1815 ῥοπῇ
232 1743 301 1791 σου
327 1716 461 1813 ίνθίῳ,
488 1713 578 1811 ὑπὲρ
604 1710 784 1809 μετόχους
809 1714 897 1811 ὅπερ
923 1716 1167 1813 προςείληῳας
1191 1716 1256 1794 καί
1275 1747 1385 1794 τυπι-

107 1827 185 1903 κῶς
209 1815 431 1912 μετέδωκας,
458 1824 617 1912 λουτροῦ
642 1824 710 1891 τοῦ
736 1815 846 1892 θείου
871 1821 949 1900 τοῖς
972 1816 1201 1913 μετέχουσιν.

199 1924 403 2018 (λίκτειρον,
429 1919 589 2013 ἐλέησον,
616 1925 746 2010 σῶτερ,
771 1922 881 2014 ῥῦσαι
907 1917 1045 1994 δεινῶν
1069 1918 1133 1994 καὶ
1149 1916 1383 2020 ἀλγηδόνων,

109 2018 299 2115 λάτρωσαι
331 2021 455 2117 βελῶν
479 2027 547 2094 τοῦ
572 2027 738 2120 πονηροῦ
762 2019 850 2104 τοὺς
875 2019 964 2105 σοὺς
989 2021 1142 2109 οἰκέτας,
1167 2020 1295 2116 ψυχὰς
1319 2019 1384 2096 καὶ

111 2119 282 2219 σῶματα,
309 2119 360 2206 ῶς
385 2117 548 2218 ἐλεήμων
572 2117 711 2218 κύριος,
734 2117 860 2218 χάριτι
884 2121 974 2220 θείᾳ
1000 2118 1203 2217 ἐξιώμενος.

653 2252 842 2324 Θεοτόκιον.

191 2355 348 2452 Ὑμνοάς
381 2356 446 2431 καί
481 2353 633 2453 δεήσεις,
669 2355 847 2454 παρθένε,
883 2355 1154 2456 προςδεχομένη
1189 2364 1269 2432 τῶν
1305 2365 1385 2432 σῶν

111 2456 274 2548 δούλων,
299 2463 411 2555 ῥῦσαι
434 2466 607 2554 χαλεπῶν
632 2455 873 2555 παθημάτων
897 2458 960 2534 καὶ
978 2454 1198 2560 ἀλγηδόνων
1213 2463 1294 2543 ταῖς
1310 2458 1387 2534 ίκε-

112 2560 211 2645 σίαις
243 2585 312 2636 σου
344 2561 412 2634 τὸν
444 2558 497 2635 δι’
525 2559 647 2657 ήμῶν,
681 2557 932 2656 πανάχραντε,
966 2567 1013 2656 τῇ
1048 2560 1137 2657 θείᾳ
1174 2559 1287 2655 σκέπη
1314 2585 1384 2635 σου

111 2662 394 2762 προστρέχοντα.

188 2761 312 2849 ’Ἀξιόν
338 2765 438 2838 ἐστιν
464 2761 514 2845 ῶς
540 2763 693 2859 ἀληθῶς
716 2761 935 2860 μακαρίζειν
953 2787 993 2836 σε
1008 2761 1078 2859 τὴν
1093 2758 1289 2851 θεοτόκον,
1315 2761 1385 2859 τὴν

112 2862 402 2962 ἀειμακάριστον
425 2863 489 2940 καὶ
514 2861 796 2962 πανάμωμητον
821 2864 885 2938 καὶ
909 2863 1050 2960 μητέρα
1066 2871 1135 2940 τοῦ
1155 2868 1249 2940 Θεοῦ
1264 2862 1384 2959 ἡμῶν.

202 2966 278 3064 Τὴν
302 2967 526 3061 τιμιωτέραν
550 2993 582 3064 p.
599 2969 684 3040 372.

570 3090 892 3182 Ἐξαποστειλάρων.
901 3100 922 3176 ¹)

191 3204 255 3278 Ἐν
287 3202 386 3300 ἐλέῳ,
421 3197 558 3303 ἀγαθὲ,
591 3199 793 3297 ἐπίβλεφον
825 3205 881 3295 σῷ
915 3199 1056 3293 όμματι
1081 3197 1140 3272 ἐπὶ
1164 3198 1233 3296 τήν
1257 3197 1386 3296 δέησιν

112 3304 225 3403 ἡμῶν
255 3311 334 3379 τῶν
367 3298 632 3378 συνελθόντων
658 3305 698 3376 ἐν
722 3309 777 3398 τῷ
802 3308 884 3398 ναῷ
912 3308 981 3375 σοῦ
1005 3307 1059 3397 τῷ
1086 3297 1182 3402 ἁγίῳ
1209 3297 1385 3404 σήμερον,

110 3405 242 3506 χρίσαι
265 3404 361 3503 θείῳ
386 3403 496 3502 ἐλαίῳ
521 3412 728 3487 νοσοῦντας
752 3401 841 3487 τοὺς
865 3399 1024 3484 δούλους
1048 3424 1128 3475 σου.

339 3535 401 3618 Εἷς
421 3536 500 3617 τοὺς
521 3531 635 3617 α’ίνους
656 3547 698 3622 (p.
715 3541 789 3620 ³19)
810 3533 947 3626 στιχηρά
967 3529 1167 3620 προςόμοιο.

190 3640 357 3726 Ἕδωκας
381 3641 450 3738 τὴν
472 3637 587 3740 χάριν
613 3664 695 3729 σου,
721 3639 785 3714 διὰ
802 3646 881 3714 τῶν
897 3644 989 3728 σῶν,
1017 3633 1265 3728 εὐδιάλλακτε,
1293 3637 1387 3714 ἀπο-

116 3742 275 3833 στόλων,
307 3741 568 3843 φιλάνθρωπε,
602 3739 712 3839 ἐλαίῳ
745 3739 841 3843 ἁγίῳ
867 3764 950 3829 σου,
982 3733 1207 3835 θεραπεύειν
1232 3735 1387 3815 πάντων

115 3844 258 3947 πληγάς
282 3874 319 3918 τε
345 3844 408 3920 καλ
432 3840 577 3928 νόσους.
607 3841 676 3918 Διό
702 3841 811 3940 ἐλαίῳ
838 3865 907 3916 σου
933 3847 1071 3922 πιστῶς
1094 3839 1163 3914 τὸν
1187 3838 1386 3939 προςιόντα

114 3947 178 4024 καὶ
209 3953 282 4022 νῦν
307 3945 358 4030 ῶς
382 3947 634 4048 εὔσπλαγχνος
658 3943 830 4047 ἁγίασον,
863 3942 1011 4039 ἐλέησον
1017 3995 1030 4030 ,
1064 3939 1244 4026 παντοίας
1268 3939 1386 4017 νόσου

114 4045 330 4144 καθάρισον
356 4047 419 4123 καὶ
434 4056 579 4146 τρυφῆς
596 4054 660 4144 τῆς
677 4041 884 4146 ἀφθάρτου
901 4067 969 4119 σου
988 4040 1234 4132 καταξίωσον,
1261 4040 1385 4141 Κύριε.

200 4150 352 4245 Βλέψον
378 4149 621 4244 ἀκατάληπτε,
655 4151 694 4233 ἐξ
718 4141 944 4244 οὐρανόθεν,
977 4143 1028 4230 ῶς
1053 4145 1318 4246 εὕσπλαγχνος,
1345 4147 1386 4220 ίν

112 4251 209 4352 χειρὶ
236 4248 384 4348 ἀοράτῳ
411 4275 479 4324 σου
503 4247 725 4352 σφραγίσας,
753 4244 1011 4349 φιλάνθρωπε,
1036 4245 1104 4329 τάς
1121 4243 1233 4343 ήμῶν
1249 4240 1387 4342 αἰσθή-

117 4379 191 4438 σεις
216 4351 326 4451 ἐλαίῳ
352 4375 422 4427 σου
447 4351 555 4450 θείῳ,
586 4351 655 4426 τὸν
679 4348 967 4450 προςδραμόντα
994 4373 1052 4424 σοι
1077 4353 1216 4431 πιστῶς
1241 4345 1305 4422 καὶ
1329 4347 1387 4431 ἐξ·

117 4463 296 4531 αιτοῦντα
327 4449 573 4551 πταισμάτων
605 4453 754 4550 α’ίφεσιν,
787 4451 850 4528 καὶ
881 4449 1048 4552 δῶρησαι
1073 4448 1142 4546 τήν
1167 4451 1285 4538 ἰἀσιν,
1318 4447 1388 4546 τήν

205 4645 231 4706 1)
248 4644 366 4695 contem
382 4643 504 4695 λιείδίοα.
