3394 5308
806 1421 1059 1515 CAPUT
1104 1421 1136 1513 l.

691 1630 913 1694 circnma
945 1629 1249 1694 cunnnnnrua.

424 1831 595 1938 Postquam
628 1857 838 1934 Krabbins‚
872 1857 1035 1940 Dre'yius
1068 1857 1174 1938 aliique
1209 1857 1340 1920 studium
1369 1835 1436 1920 acre
1463 1865 1493 1919 et
1519 1876 1614 1920 omare

329 1959 480 2040 ingenium
502 1959 691 2022 contulerunt
713 1961 748 2022 ad
765 1959 1015 2023 Constitutionum
1029 1959 1263 2041 Apostolicarum
1287 1959 1432 2039 originem
1453 1958 1612 2021 illustran-

328 2061 395 2124 dam
418 2069 505 2141 atque
521 2061 668 2136 indolem,
698 2081 731 2123 ea
766 2061 912 2123 sententia
934 2079 1040 2140 magno
1064 2069 1093 2124 et
1115 2059 1259 2141 aequabili
1280 2061 1387 2141 plausu
1409 2067 1527 2139 recepta
1550 2069 1613 2133 est,

327 2181 401 2244 quae
423 2162 540 2224 idoneis
564 2181 636 2223 sane
651 2161 874 2224 commendatur
889 2162 1087 2242 argumentis:
1110 2179 1161 2224 sex
1176 2161 1270 2224 libros
1285 2160 1403 2242 priores
1418 2161 1612 2240 conscriptos

328 2282 397 2326 esse
419 2262 537 2325 saeculo
560 2264 649 2324 tertio
665 2263 700 2324 ad
717 2263 806 2326 linem
821 2271 970 2343 vergente,
988 2263 1148 2344 septimum
1164 2264 1258 2344 quarti
1275 2262 1384 2326 saeculi
1400 2262 1483 2326 initia
1500 2269 1610 2324 osten-

327 2365 410 2440 dere,
440 2371 573 2426 octavum
603 2364 679 2426 circa
708 2364 837 2427 medium
861 2364 1010 2427 saeculum
1037 2373 1173 2444 quartum
1206 2374 1380 2445 congestum
1415 2365 1531 2444 esse¹):
1571 2365 1612 2426 ad

327 2483 420 2533 unum
443 2483 548 2527 omnes
572 2463 686 2546 Syriam
708 2466 891 2546 provinciam
913 2485 1077 2546 agnoscere
1099 2473 1233 2528 matrem.

414 2566 560 2631 Omnibus
584 2565 662 2628 inter
682 2587 715 2630 se
738 2566 963 2631 concinentibus
985 2567 1056 2629 ciris
1079 2567 1174 2630 doctis
1198 2585 1252 2648 ego
1275 2583 1337 2628 non
1369 2565 1424 2630 alia
1450 2567 1547 2647 probo
1579 2579 1613 2632 et

329 2669 451 2733 suadeo.
474 2669 510 2731 dt
525 2669 686 2732 cavendnm
710 2677 765 2743 est,
789 2688 855 2732 cum
877 2670 907 2730 in
931 2668 996 2731 aliis
1013 2662 1196 2746 διατάξεων
1210 2667 1356 2750 partibus,
1379 2677 1441 2730 tum
1457 2670 1486 2730 ln
1500 2668 1610 2732 Litnr-

327 2773 373 2854 gia
385 2771 452 2832 libri
466 2771 569 2842 octavi,
581 2789 619 2833 ne
630 2771 828 2833 contundatur
839 2782 956 2851 tempus
969 2790 1028 2850 quo
1044 2770 1246 2851 dispersorum
1259 2771 1332 2832 lacta
1343 2777 1389 2832 est
1403 2769 1610 2833 membrorum

327 2872 461 2934 collectio
485 2891 549 2934 cum
572 2871 618 2934 illa
642 2871 891 2952 quaebiturgiam
914 2872 1098 2934 venerandae
1120 2871 1300 2950 antiquitatis
1323 2869 1443 2932 tradidit
1462 2873 1609 2951 posteris.

326 2975 429 3053 Neque
451 2973 480 3034 in
503 2974 558 3035 hac
579 2973 779 3054 disputatione
800 2974 897 3054 placet
912 2974 982 3035 mibi
998 2972 1199 3048 llrabbius‚
1223 2972 1300 3035 baud
1316 2973 1455 3036 immunis
1470 2972 1520 3034 illo
1535 2970 1611 3036 laa-

325 3065 560 3164 τουργομᾶχων
580 3073 667 3135 vitio:
689 3075 813 3136 alienam
835 3076 929 3138 luisse
951 3093 967 3136 a
990 3074 1115 3137 saeculis
1132 3073 1263 3136 secundo
1279 3093 1313 3136 ae
1327 3075 1414 3136 tertio
1430 3073 1609 3138 industriam

325 3177 356 3238 in
384 3175 532 3256 liturgica
564 3175 702 3256 positam,
735 3196 770 3239 ac
791 3185 948 3258 propterea
982 3195 1087 3262 omnes
1108 3175 1267 3256 liturgias,
1290 3175 1526 3256 antiquissimam
1550 3195 1606 3238 ec-

326 3277 445 3340 clesiam
468 3276 641 3358 genitricem
663 3278 813 3352 mentitas,
837 3277 954 3342 saeculo
978 3279 1095 3340 demum
1109 3277 1196 3340 tertio
1213 3278 1258 3338 vel
1273 3286 1377 3357 quarto
1394 3296 1461 3340 csse
1477 3295 1607 3358 compo-

326 3377 441 3456 sitas.²l
470 3378 676 3441 Probabiliora
690 3389 769 3452 sunt,
785 3399 860 3461 quae
875 3381 905 3442 in
920 3381 976 3443 bac
989 3379 1125 3458 liturgica
1141 3379 1315 3459 quaestione
1331 3378 1471 3458 exposuit
1485 3378 1607 3459 Drep-

326 3480 385 3542 ins
406 3479 426 3539 l.
442 3498 468 3540 c.
491 3499 521 3559 p.
540 3483 600 3544 139
615 3499 678 3560 sq:
721 3481 801 3554 ‚,Um
816 3486 881 3544 eine
895 3499 1008 3561 gereone
1024 3481 1284 3561 Zea'tbestimmung
1298 3500 1340 3542 zu
1355 3479 1502 3552 erbcltera,
1517 3487 1608 3543 mna-

326 3599 380 3642 aen
402 3584 459 3642 eoa'r
479 3581 541 3659 aas
558 3582 605 3642 die
628 3581 791 3644 detondere
813 3581 1109 3661 Ba'pentlntoala'cllreit
1133 3583 1186 3644 der
1208 3581 1341 3663 La'turpa'e
1364 3581 1515 3661 stapelen.
1547 3581 1609 3646 Ibr

326 3691 426 3743 erster
447 3679 656 3744 Reatoadtbea'l
678 3716 713 3726 -·
740 3682 907 3766 betreffend
939 3683 984 3744 die
1009 3682 1176 3763 Vorlesung
1209 3683 1262 3746 der
1293 3681 1419 3763 belligera
1446 3679 1609 3764 Sebra'ftqn

325 3783 390 3845 und
412 3783 457 3844 da‘e
475 3781 623 3863 Vortrdpe
646 3784 791 3857 doratber,
814 3787 855 3846 iat
877 3783 1019 3856 deraelbe,
1043 3788 1096 3847 acie
1118 3803 1153 3848 er
1175 3784 1268 3847 sebon
1289 3789 1330 3846 ain
1351 3787 1477 3845 zueiteaa
1491 3781 1604 3854 noete,

319 3883 359 3962 jc
380 3883 474 3947 aelon
506 3885 553 3947 bea·
581 3883 788 3948 Tertullianus
809 3887 874 3948 uod
904 3885 1046 3951 lustinus
1069 3886 1248 3949 oorlrommt.
1299 3883 1356 3947 Da'e
1385 3884 1607 3963 Absonderuaap

325 3986 381 4048 der
402 3985 498 4048 Misso
519 3983 665 4048 Fidela'um
686 4004 747 4050 oon
769 3988 824 4050 der
845 3987 940 4051 Misso
963 3987 1258 4057 Coteclaumeraoaaam
1285 3985 1332 4048 die
1353 3985 1522 4048 decendero
1545 3984 1604 4047 de-

325 4088 388 4151 bete
408 4089 465 4170 sate
488 4087 565 4150 dteae
588 4086 728 4161 letztern,
751 4093 841 4152 coacte
860 4091 918 4170 [ῆν
940 4091 986 4154 die
1001 4083 1229 4169 Eaergumeaeaa
1243 4087 1308 4149 und
1321 4085 1510 4159 Poniteoteaa,
1534 4098 1604 4149 erat-

413 4274 436 4336 1)
454 4275 537 4340 ltaque
554 4277 575 4327 el
594 4275 759 4340 antiquissama
774 4275 977 4328 constitutionum
987 4276 1084 4341 Syriaca
1101 4275 1179 4326 aamlo
1197 4287 1282 4326 manca
1300 4281 1401 4339 apparet
1418 4272 1498 4338 qcosd
1512 4272 1602 4324 librum

325 4367 443 4420 osorum,
468 4359 525 4411 nibil
550 4359 614 4410 aliad
633 4359 689 4410 inda
707 4360 822 4422 evincitur
847 4361 893 4412 ulsl
912 4376 963 4412 eam
982 4369 1089 4413 secutam
1107 4375 1162 4412 esse
1180 4358 1287 4410 codicem
1312 4372 1343 4407 ea
1366 4365 1443 4408 aetate
1467 4365 1600 4420 exaratum,

326 4459 372 4510 qua
391 4443 497 4494 nondum
517 4452 592 4495 totum
609 4443 813 4496 constitutionum
832 4461 902 4512 opus,
921 4448 945 4497 in
964 4454 1018 4496 octo
1037 4445 1114 4496 libros
1132 4445 1260 4509 digestum,
1278 4444 1302 4494 in
1321 4443 1399 4493 lucem
1418 4443 1517 4507 prodiit.

409 4525 435 4584 lt
453 4527 582 4590 liturgiam
601 4537 707 4580 nostram
726 4545 739 4579 a
757 4529 921 4595 chrysostomi
940 4531 1051 4582 llomlliis
1069 4529 1259 4581 consarcinatam
1286 4527 1404 4578 existimat
1426 4527 1462 4577 ral
1488 4535 1603 4593 tempora

325 4611 490 4677 Cbrpaortomi
509 4616 676 4678 compositam.
704 4615 740 4666 cl.
752 4622 830 4666 teman
843 4630 867 4680 p.
878 4613 927 4666 tto
945 4615 1074 4678 „lladcacb
1092 4615 1124 4666 ist
1142 4613 1237 4664 laellicb
1254 4612 1602 4676 leiceswegssanagescblos-

324 4711 378 4761 aaa,
396 4697 452 4748 dass
470 4695 521 4748 aleb
540 4699 605 4750 nieht
622 4700 684 4752 acen
701 4699 825 4752 Elementa
844 4701 912 4752 einer
929 4701 1028 4752 numm
1047 4701 1099 4751 Zait
1116 4699 1197 4751 llnden
1214 4695 1331 4751 aolltoc.“
