3360 5304
575 1375 797 1471 CAPUT
833 1381 866 1472 Ι.

182 1581 229 1644 nu
252 1583 484 1647 cmuconuu
505 1583 697 1650 recussus
718 1587 924 1662 umuuoun
950 1587 1254 1654 oruouorurAe.

179 1781 244 1887 Qui
265 1811 355 1874 rebus
378 1812 558 1876 Graecorum
579 1813 673 1876 sacris
696 1815 913 1893 cognoscendis
936 1834 1057 1895 operam
1083 1816 1202 1891 dedere,
1224 1815 1245 1876 ii
1259 1813 1352 1896 probe

97 1912 189 1985 edunt,
211 1932 298 1993 quam
320 1911 438 1977 difficile
461 1914 501 1978 sit
520 1913 722 1975 vastissimum
744 1934 857 1995 aequor
879 1924 959 1980 recte
980 1917 1079 1980 metiri
1101 1917 1146 1978 vel
1168 1935 1204 1978 eu
1225 1924 1270 1977 tot
1284 1924 1351 1976 tan-

97 2013 181 2092 tisque
206 2015 374 2094 ignotarum
401 2034 500 2078 rerum
527 2014 700 2096 labyrinthis
728 2034 797 2078 sese
825 2035 986 2097 emergere.
1029 2018 1147 2098 ltaque,
1179 2033 1353 2096 quamquam

97 2114 141 2174 hac
159 2125 258 2178 nostra
281 2125 376 2180 aetate
397 2116 545 2179 involutae
566 2116 611 2177 rei
633 2115 737 2178 notitia
758 2118 852 2198 magis
872 2119 1004 2200 aperitur
1025 2127 1112 2198 atquc
1127 2118 1158 2180 in
1173 2117 1353 2180 Graecorum

98 2217 175 2276 saeris
197 2217 377 2298 explicandis
400 2215 588 2280 admirandus
611 2218 852 2301 incredibilisque
874 2239 981 2283 cursus
1002 2220 1038 2282 ad
1061 2238 1179 2282 omnem
1206 2217 1351 2280 excellen-

98 2317 153 2378 tiam
173 2319 265 2380 laetus
289 2327 346 2394 est,
369 2319 399 2381 in
421 2320 518 2382 nostri
540 2319 640 2400 operis
662 2319 782 2382 modulo
804 2322 994 2400 potissimum
1015 2319 1152 2384 enitendo
1175 2329 1221 2383 est
1242 2327 1272 2382 et
1286 2319 1352 2380 effi·

97 2418 181 2480 cienda
208 2437 283 2499 pura
311 2419 360 2480 illa
388 2427 417 2482 et
443 2420 567 2484 illustris
593 2421 731 2495 brevitas,
761 2441 847 2502 quam
870 2422 971 2484 Cicero
1001 2422 1188 2486 commendat
1209 2420 1351 2483 historiae

96 2519 286 2600 scriptoribus,
309 2540 347 2582 ne
370 2531 520 2584 excrescat
540 2521 570 2582 in
593 2522 741 2602 ingentem
763 2523 882 2598 molem,
905 2524 985 2603 quod
1007 2525 1071 2586 suis
1092 2523 1200 2586 tuitus
1223 2522 1351 2584 circum·

98 2620 269 2684 scribendum
292 2632 350 2686 est.
394 2623 504 2685 Tamen
527 2623 686 2685 cavendum
709 2632 765 2698 est,
787 2643 835 2699 ne,
865 2625 934 2686 dum
956 2626 1061 2688 breves
1082 2644 1149 2688 esse
1171 2623 1350 2696 laboramus,

98 2722 183 2786 hamus
210 2723 333 2787 obscuri
362 2724 407 2787 vel
429 2725 610 2798 omittamus,
640 2743 715 2804 quae
737 2725 773 2786 ad
794 2726 1020 2807 perspiciendos
1042 2736 1129 2806 atque
1149 2723 1351 2788 aestimandos

99 2821 259 2887 Graecorum
281 2826 359 2888 ritus
381 2827 500 2906 cognitu
523 2825 691 2889 necessaria
713 2836 792 2890 sunt.

166 2925 253 2998 Quod
287 2927 322 2989 ad
351 2925 561 2998 Ecclesiae,
590 2945 714 3006 quarum
737 2926 842 3007 ingens
865 2927 942 3009 apud
965 2927 1093 2992 Graecos
1115 2927 1199 3008 copia
1222 2945 1254 2988 se
1277 2943 1350 2987 con·

98 3026 261 3104 spiciendam
284 3027 416 3108 praebet,
440 3027 516 3088 haud
538 3043 690 3089 moramur
711 3027 741 3089 in
765 3030 928 3114 enarranda
950 3030 1163 3093 architecturae
1184 3046 1284 3090 sacrae
1303 3025 1351 3087 hi-

98 3129 209 3207 storia,¹)
241 3129 296 3191 sed
323 3128 532 3210 progredimur
558 3129 594 3191 ad
623 3129 763 3191 ecclesiae
786 3130 938 3216 cuiusdam
962 3131 1099 3201 Graecae,
1131 3139 1164 3192 ut
1184 3130 1225 3192 ita
1247 3126 1351 3198 dicam,

98 3251 388 3266 m

166 3317 187 3374 lt
206 3317 268 3366 Leo
286 3313 431 3366 dilutius
448 3315 478 3366 de
495 3316 663 3366 Recentiorum
682 3316 828 3366 Graecorum
849 3315 956 3380 Templis
974 3315 1109 3366 Dissertatt
1127 3315 1157 3365 ll.
1191 3314 1220 3365 Et
1237 3311 1352 3363 uetustio-

98 3413 127 3446 ree
145 3410 166 3448 et
185 3401 338 3450 recentiores
361 3399 477 3450 ecclesiae
501 3400 531 3450 ad
562 3401 666 3464 quinque
693 3413 787 3450 summa
813 3399 906 3450 reducit
923 3415 1010 3463 genera
1036 3400 1058 3450 l.
1076 3387 1230 3467 rpovldorrri
1249 3409 1309 3460 quae
1327 3395 1351 3444 in

98 3497 193 3544 supremo
213 3484 312 3547 fastigio
332 3485 355 3534 in
374 3497 456 3534 arcum
474 3485 602 3535 rotundatu
620 3484 709 3534 ambitu
727 3485 882 3534 decrescente
901 3493 1037 3536 arceantur.
1072 3484 1095 3535 2.
1119 3473 1270 3548 aupcpmrd
1290 3491 1351 3543 quae

99 3567 238 3619 utoroieem
267 3569 383 3619 desinunt
406 3577 430 3619 et
447 3577 544 3620 arcuato
563 3583 637 3634 opere
655 3584 683 3618 ae
699 3576 763 3620 tecto
782 3570 889 3620 contexe
907 3569 937 3620 ad
955 3571 1057 3620 tororum
1076 3568 1202 3620 testudinis
1220 3573 1353 3626 contegun-

99 3657 133 3698 tur.
163 3651 185 3702 3,
203 3647 371 3715 σταυροιιδῆ
388 3667 409 3702 e.
428 3641 571 3716 occupaturi
589 3669 650 3718 quac
669 3654 747 3703 crucio
765 3655 868 3704 lormam
887 3655 995 3726 referunt
1012 3663 1036 3704 et
1053 3655 1156 3704 euteoeis
1175 3649 1353 3716 utrinqoebra·

98 3735 144 3782 tbiie
165 3736 285 3787 eeclesiae
307 3745 401 3802 partem
428 3739 452 3788 in
476 3753 522 3802 qua
545 3736 620 3786 altare
644 3737 785 3800 collocatur,
810 3737 840 3787 ab
858 3753 886 3788 ea
904 3754 965 3802 quae
983 3739 1049 3790 ducit
1066 3739 1095 3789 ad
1114 3739 1174 3788 ostia
1192 3733 1352 3788 subdividunt.

97 3814 240 3887 hdpopraei
270 3836 333 3886 qnae
350 3822 429 3872 torma
447 3822 571 3887 quadrata,
596 3821 710 3872 luterihua
727 3823 827 3886 paribus
845 3822 880 3874 rel
899 3821 1031 3886 imparibus
1049 3823 1184 3873 substructa
1202 3827 1267 3881 eunt,
1291 3831 1352 3882 qno·
1452 3847 1457 3864 .

97 3915 138 3951 run
153 3905 173 3953 iu
190 3905 298 3956 culmine
323 3919 428 3967 aseerea,
454 3921 498 3957 seo
516 3907 598 3956 trahes
616 3907 744 3957 cantheriis
763 3906 922 3970 colliguntur3
949 3907 1009 3956 adeo
1027 3914 1053 3957 ut
1070 3906 1152 3972 templi
1171 3905 1275 3970 parietes
1293 3915 1352 3966 pro·

21 3973 22 4056 1
97 3987 175 4038 tecum
197 4003 311 4040 asserum
335 3998 453 4054 tegantur.
488 3991 512 4040 b.
531 3991 609 4051 llixta,
633 4006 694 4056 quae
717 3991 756 4040 hia
773 3991 902 4054 gonoribua
917 3991 1030 4041 immtatis
1048 3991 1221 4041 condebantur.
1256 3986 1351 4048 Nuper·

21 4059 23 4140 ᾗ
97 4071 143 4120 rinc
163 4075 262 4139 optime,
289 4082 315 4124 ut
337 4074 409 4136 solat,
427 4073 558 4124 Nealius
582 4075 613 4124 de
636 4075 745 4125 eeclesiis
763 4075 909 4126 Graecorum
933 4075 1061 4140 disputarit
1079 4075 1174 4138 lliatorp
1197 4080 1242 4123 eto.
1268 4067 1318 4118 Vol·
1333 4067 1351 4118 l·

21 4143 22 4146 Ἴ
98 4155 246 4216 plot-305
267 4156 329 4219 (The
346 4157 511 4223 Ecclesiologp
530 4160 557 4209 ol
571 4159 612 4210 the
631 4159 691 4222 flou
708 4159 808 4210 Eastcrn
820 4157 934 4221 Choreb).
969 4158 1096 4222 Distiopoit
1114 4159 1161 4210 duo
1180 4155 1351 4207 architecturae

98 4251 163 4290 uerae
179 4257 270 4304 genera
288 4243 429 4308 praecipue,
447 4241 598 4306 Byzantinum
618 4251 689 4308 atque
706 4245 843 4293 Armenium
862 4252 885 4294 et
903 4251 1006 4308 quatuor
1022 4243 1162 4310 byzuntinae
1180 4239 1352 4290 architecturae

98 4325 200 4384 periodos.
236 4327 287 4390 ,‚l.
307 4326 380 4378 From
399 4327 439 4377 the
455 4327 597 4378 foundation
615 4327 642 4376 ol
659 4327 857 4392 Constantinoplc
881 4337 905 4378 to
929 4328 969 4377 the
986 4329 1092 4378 erectiora
1109 4327 1136 4377 ol
1152 4325 1178 4376 S.
1195 4321 1284 4388 Sophia
1302 4319 1351 4371 ³30

98 4407 171 4459 -ttt
205 4409 228 4460 2,
256 4411 330 4460 From
356 4411 395 4460 the
420 4411 525 4462 erection
550 4411 576 4460 ol
592 4411 616 4460 S.
636 4411 725 4476 Sophia
749 4419 773 4462 to
798 4413 838 4462 the
856 4420 1062 4464 commencemeut
1087 4411 1113 4462 ol
1130 4409 1168 4460 the
1187 4405 1308 4460 cathedral
1327 4405 1354 4458 ol

99 4488 163 4543 tuuis
179 4491 342 4546 ott-1003.
379 4491 402 4544 3.
421 4495 491 4546 From
510 4495 549 4546 the
568 4504 774 4547 commeooement
792 4497 818 4545 ol
834 4497 874 4546 the
892 4496 1013 4547 cathedral
1031 4497 1059 4547 ol
1069 4497 1149 4546 Cutaia
1167 4502 1191 4544 to
1210 4493 1249 4544 the
1266 4490 1308 4542 lall
1327 4491 1355 4541 ol

22 4623 23 4650 ζ
99 4571 279 4646 lansteutinople
293 4576 469 4632 tuta-1453.
487 4577 512 4628 4.
526 4579 598 4630 lrom
617 4579 656 4628 the
674 4579 716 4629 lull
735 4577 1000 4646 olConstantinopleto
1011 4577 1050 4628 the
1068 4587 1166 4642 present
1184 4575 1351 4628 1111111153-

101 4655 173 4712 teter*
206 4665 266 4717 ati.
285 4665 336 4716 ller
354 4663 497 4718 christliche
516 4663 608 4716 Cultus.
626 4663 669 4715 Ed.
681 4661 705 4714 2.
723 4679 748 4729 p.
759 4662 791 4716 to
801 4678 853 4730 erp:
871 4663 964 4729 „Wenn
983 4661 1029 4712 seit
1046 4661 1187 4713 constantin
1205 4659 1352 4728 dielempel
