3368 5308
706 439 779 512 493

98 623 316 750 Εὔφρανον
350 620 468 696 αὐτὸν
498 625 539 696 ἑν
570 627 648 704 τοῖς
680 623 799 722 έργοις
824 629 902 696 τῶν
923 629 1062 749 γειρῶν
1086 623 1217 712 αὐτοῦ,
1249 621 1312 696 καὶ
1338 623 1380 697 ἐν

95 725 222 797 παντὶ
256 730 309 818 τῷ
342 723 438 822 γένει
472 723 599 797 αὐτοῦ.
637 722 717 796 Ἰνα
743 719 1052 851 ε’ξομολογήσηταί
1078 750 1136 798 σοι
1160 731 1379 822 προςκυνιῦν

96 823 165 898 καὶ
205 795 375 914 δοξάζων
410 824 453 898 τὸ
488 821 606 920 ὄνομά
641 851 709 898 σου
742 824 784 898 τὸ
781 824 912 949 μέγα
933 823 1000 904 καί
1025 822 1198 920 ύιμιστον,
1231 823 1296 900 καὶ
1321 829 1381 898 αλ-

96 923 201 1022 νήσῃ
241 949 281 999 σε
307 924 510 1011 διαπαντὸς
536 923 656 1008 πάσας
681 923 748 1009 τὰς
755 924 909 1055 „66⁰⁶
934 934 998 1052 της
1024 925 1118 1022 ζωῆς
1143 926 1270 1002 αὑτοῦ.
1324 923 1379 1000 Σέ

97 1027 179 1154 γὰρ
216 1025 329 1120 ύμνεῖ
359 1034 461 1100 πᾶσα
486 1057 508 1124 η
496 1025 696 1122 δύναμις
719 1035 797 1102 τῶν
823 1028 1084 1155 οὐρανῶν,
1046 1028 1108 1101 καὶ
1135 1037 1204 1104 σοῦ
1230 1027 1377 1103 ἐστιν
1355 1057 1378 1124 η

97 1126 199 1214 δόξα
228 1136 297 1203 τοῦ
322 1129 472 1226 πατρὸς,
508 1127 664 1203 καὶτοῦ
689 1130 787 1217 υἱοῦ,
821 1158 884 1202 και
916 1137 984 1204 τοῦ
1020 1127 1130 1231 ἁγίου
1152 1126 1377 1224 πνεύματος,

97 1239 177 1306 νῦν
205 1229 271 1305 καὶ
296 1229 366 1318 ἀεὶ,
393 1229 455 1304 καὶ
482 1234 531 1313 είς
555 1229 642 1314 τοῦς
668 1235 813 1323 αλυῖνας
831 1237 909 1304 τῶν
935 1227 1095 1307 αλυίνων.
1141 1228 1267 1327 Ἀμήν.

281 1392 507 1486 Ἀφορκισμὸς
527 1401 671 1484 πρῶτος
727 1387 802 1456 Τοῦ
828 1379 971 1477 Κυρίου
997 1379 1207 1478 δεηθῶμεν.

180 1517 355 1614 Ἐπιτιμᾷ
382 1542 453 1603 σοι,
488 1512 635 1608 Κύριος,
670 1510 886 1612 διάβολε,’
869 1545 887 1590 ο
899 1513 1212 1643 παραγενόιιενος
1238 1521 1288 1600 εἷς
1312 1517 1380 1593 τὸν

96 1614 264 1712 κόσμον,
298 1617 360 1691 καὶ
393 1614 681 1712 κατασκηναίσας
707 1619 747 1690 έν
773 1614 1054 1713 ἀνθρώποις,“
1038 1645 1098 1692 ινα
1125 1618 1193 1712 τὴν
1219 1619 1289 1714 σὴν
1313 1647 1381 1694 κα-

99 1722 198 1814 θέλῃ
227 1716 449 1814 τυραννίδα,
476 1719 538 1791 καὶ
564 1717 651 1801 τοὺς
676 1715 905 1814 ἀνθρώπους
930 1721 1100 1814 ε’ξελῆται.
1140 1720 1247 1804 Ὃς
1231 1719 1289 1793 επὶ
1316 1715 1381 1804 ξύ·

99 1829 171 1894 λου
208 1821 277 1903 τὰς
311 1819 565 1908 ἀντικειμένας
596 1816 773 1912 δυνάμεις
805 1816 1093 1947 ἐθριάμβευσεν,
1126 1819 1231 1915 ἡλίου
1258 1849 1381 1896 σκοτι-

100 1922 281 2009 σθέντος,
315 1921 377 1995 καί
410 1929 478 2052 γῆς
503 1921 758 2016 σαλευομένης,
791 1921 854 1995 καὶ
879 1920 1086 2016 μνήματων
1112 1922 1379 2052 ἀνοιγομένυιν,

99 2024 165 2098 καὶ
196 2020 387 2150 σωμάτων
413 2021 532 2151 ἁγίων
558 2023 829 2114 ἀνισταμένων,
856 2021 895 2105 ὃς
919 2024 1024 2096 έλυσε
1044 2019 1257 2120 θανάτῳ
1219 2050 1286 2097 τον
1304 2021 1380 2097 θά-

101 2153 239 2213 νατον,
276 2124 340 2198 καὶ
375 2122 491 2220 κατήρ
541 2150 580 2199 σε
614 2122 683 2198 τὸν
716 2122 759 2198 τὸ
785 2122 919 2217 κράτος
943 2125 1075 2218 έχοντα
1099 2131 1167 2198 τοῦ
1194 2126 1379 2213 θανάτου,

99 2226 277 2301 τουτέστι
309 2225 348 2299 σέ
380 2225 448 2299 τὸν
507 2224 673 2320 ιάβολον.
710 2224 867 2320 Ὁρκίζω
892 2251 933 2298 σε
958 2225 1053 2299 κατὰ
1078 2223 1146 2300 τὀῦ
1175 2229 1279 2316 Θεοῦ,
1312 2233 1381 2302 τοῦ

101 2328 300 2412 δείξαντος
330 2327 373 2401 τὸ
406 2324 517 2412 ξύλον
550 2333 614 2422 τῆς
647 2325 753 2420 ζωῆς,
785 2326 848 2400 καὶ
881 2324 1060 2411 τάξαντος
1090 2326 1137 2400 τὰ
1170 2327 1380 2424 Χερουβὶμ,

102 2431 170 2504 καὶ
195 2429 268 2524 τὴν
293 2413 491 2556 φλογίνην
501 2425 694 2556 ῥομφαίαν
718 2427 787 2554 την
807 2426 1061 2529 στρεφομένην
1079 2435 1258 2526 φρουρεῖν
1276 2426 1380 2502 αῦτό.

98 2527 407 2659 Ἐπιτιμήθητι,
409 2529 491 2603 κατ’
522 2529 663 2604 ἐκείνου
691 2537 789 2655 γοῦν
823 2553 863 2603 σε
894 2524 1050 2626 ὁρκίζω,
1083 2537 1151 2604 τοῦ
1184 2527 1382 2626 περιπατή-

106 2659 248 2715 σαντος
275 2629 325 2714 ιός
349 2631 408 2704 ἐπὶ
435 2634 585 2760 ξηρᾶς’
569 2629 628 2704 επὶ
653 2639 757 2705 νιῦτα
784 2628 988 2727 θαλάσσης,
1014 2660 1077 2705 και
1065 2630 1246 2722 ἐπιτη’
1195 2657 1383 2727 μησαντος

105 2743 152 2830 τῇ
183 2731 333 2807 λαίλαπι
366 2739 445 2807 τῶν
459 2734 642 2862 ἀνέμων,
680 2725 724 2807 06
749 2731 791 2805 τὸ
815 2733 965 2829 βλέμμα
992 2733 1152 2831 ξηραίνει
1178 2731 1381 2860 ἀβύσσους,

106 2835 174 2910 καὶ
206 2833 231 2930 6
264 2834 391 2929 ἀπειλὴ
424 2830 523 2929 τήκει
549 2835 626 2932 όρη.
679 2833 802 2917 Αὐτὸς
826 2833 900 2962 γὰρ
925 2834 988 2909 καὶ
1014 2842 1087 2910 νῦν
1112 2832 1297 2908 ἐπιτάσσει
1324 2863 1382 2910 σοι

107 2937 161 3012 δι’
193 2935 325 3030 ἡμῶν,
367 2933 579 3034 φυβήθητι,
620 2936 744 3018 ἔξελθε
782 2935 845 3009 καὶ
878 2933 1176 3031 ύπαναχούρησον
1209 2935 1282 3010 ἀπὸ
1314 2944 1382 3010 τοῦ

107 3034 330 3131 πλάσματος
352 3035 501 3124 τούτου,
527 3035 644 3131 καὶμ
615 3063 667 3131 η
692 3035 937 3131 υποστρεφης,
974 3035 1067 3130 μηδέ
1093 3036 1309 3132 ύποκρυβῇς
1333 3043 1384 3120 ελς

109 3139 222 3268 6616,
256 3135 350 3234 μηδέ
385 3134 617 3234 συναντήσης
648 3135 782 3232 τούτω,
815 3135 840 3230 6
872 3134 1079 3264 ένεργήσης,
1111 3136 1163 3231 μὴ
1196 3140 1237 3210 ἐν
1262 3138 1381 3225 νυκτὶ,

109 3240 163 3336 μὴ
191 3239 279 3315 ἐν’
258 3240 389 3367 ημέρᾳ,
415 3237 438 3336 6
463 3238 556 3337 όίρηι,
582 3239 646 3334 6
631 3267 671 3312 εν
696 3238 921 3334 μεσημβρίᾳ,
957 3237 1050 3312 ἀλλὰ
1076 3239 1214 3312 ἀπελθε
1241 3243 1291 3320 ελς
1315 3237 1383 3312 τὸν

110 3341 214 3418 ἴδιον
247 3338 448 3438 τάρταρον,
482 3342 549 3424 ἕως
580 3347 644 3424 τῦς
675 3339 944 3434 ἡτοιμασμένης
971 3336 1179 3466 μεγάλης“
1158 3338 1295 3466 ημέρας
1319 3345 1385 3433 τῆς

111 3444 279 3541 κρίσεως.
320 3441 520 3538 Φοβήθητε
553 3441 622 3516 τὸν
650 3439 753 3527 θεὸν,
787 3440 855 3514 τὸν
878 3437 1137 3568 καθήμενον
1122 3441 1180 3513 επὶ
1205 3447 1283 3514 τῶν
1307 3445 1383 3513 Χε-

112 3543 270 3640 ροσβὶμ,
304 3543 367 3618 καὶ
402 3543 644 3637 ἐπιβλέποντα
662 3537 938 3672 ἀβύσσοης,“
921 3570 965 3616 ον
997 3541 1196 3636 τρέμουσιν
1222 3543 1382 3668 ἄγγελοι,

111 3642 351 3746 ἀρχάγγελυι,
384 3641 533 3742 θρόνοι,
566 3641 792 3739 κυριότητες,
827 3642 952 3739 ἀρχαὶ,
985 3645 1159 3731 ἐξουσίαι,
1193 3641 1383 3738 δυνάμεις,

113 3747 161 3821 τά
200 3743 448 3842 πολυόμματα
473 3746 670 3841 Χερουβὶμ
705 3745 839 3819 καὶτὰ
864 3745 1090 3872 έξαπτέρυγα
1112 3745 1349 3873 Σεραφίμ,“
1340 3747 1386 3822 δν

113 3848 240 3943 τρέμει
273 3847 293 3920 ὃ
328 3846 487 3944 οὐρανὸς
525 3845 586 3922 καί
619 3846 642 3942 6
675 3873 743 3946 γη,
785 3844 962 3922 θάλασσα
1002 3847 1065 3920 καὶ
1108 3844 1231 3921 πάντα
1262 3847 1359 3921 τά
1343 3877 1384 3923 εν

115 3951 261 4032 αὐτοῖς·
289 3949 413 4033 ἔξελθε
438 3947 501 4022 καὶ
527 3944 773 4045 ἀναχιόρησον
797 3947 871 4022 ἀπὸ
901 3977 970 4024 του
951 3948 1287 4076 σφραγισθέγτος
1302 3976 1384 4023 νεο-

114 4053 245 4126 λέκτου
279 4046 508 4145 στρατιώτου
533 4055 701 4147 Χριστοῦ
734 4055 803 4122 τοῦ
831 4048 967 4124 θεοῦ
924 4057 1067 4176 ημῶν.
1119 4049 1211 4122 Κατ’
1243 4049 1384 4123 ἐκείνου

115 4150 189 4255 γάρ
227 4177 268 4225 σε
304 4149 451 4249 ὁρκίζω,
489 4157 557 4226 τοῦ
593 4157 881 4245 περιπατοῦντος
916 4150 975 4223 ἐπὶ
1000 4147 1195 4252 πτερύγων
1220 4149 1383 4243 ἀνέμων,

115 4262 183 4328 τοῦ
216 4261 412 4336 ποιοῦντος
443 4251 530 4336 τοὺς
562 4253 739 4354 ἀγγέλους
771 4251 888 4326 αὑτοῦ
920 4257 994 4345 πῦρ
1032 4253 1178 4380 φλέγογ.
1221 4251 1383 4338 Ἔξελθε,

115 4354 177 4430 καί
210 4353 458 4450 ἀναχιόρησον
491 4355 565 4428 ἀπό
596 4361 664 4427 τοῦ
696 4349 911 4445 πλάσματος
942 4350 1078 4427 τούτου
1111 4352 1182 4426 οῦν
1213 4347 1312 4478 πάφη
1338 4359 1383 4447 τῇ

117 4453 278 4582 δυνάμει
310 4455 373 4530 καὶ
405 4461 482 4538 τοῖς
514 4455 680 4580 ἀγγέλοις
719 4477 831 4528 σου.
840 4453 924 4530 Ὀτι
951 4449 1169 4580 δεδόξαστμι
1194 4451 1284 4526 W
1264 4481 1384 4548 ονοιια

118 4565 185 4633 τοῦ
210 4555 368 4685 πατρὸς,
398 4555 554 4632 καὶτοῦ
580 4557 678 4643 υἱοῦ,
714 4553 777 4630 καὶ
810 4563 879 4630 τοῦ
904 4554 1015 4682 ἁγίου
1046 4551 1275 4682 πνεύματος,
1312 4563 1385 4630 νῦν

118 4658 177 4734 καὶ
202 4658 281 4748 ἀεὶ,
307 4656 369 4734 καί
394 4663 445 4742 εἰς
469 4656 555 4741 τοῦς
581 4661 722 4740 αλιῦνας
745 4662 825 4732 τῶν
846 4653 1007 4732 αίυίνων.
1052 4651 1180 4751 Αμήν.
