3368 5308
316 552 437 636 αὐτοὺς
464 550 559 623 ἔνδον
585 557 646 621 τοῦ
672 555 765 632 ναοῦ,
792 556 904 642 θυμιᾷ
929 551 1162 642 σταυρσοιιίῦς.
1170 553 1191 632 ¹)
1234 551 1304 620 Καὶ
1333 546 1466 637 λέγεται
1490 550 1573 638 παρὰ

315 663 376 728 w&
397 653 562 726 dmm,
601 635 829 742 Εὐλδγησον,
855 637 1027 715 δέσποτα.

399 777 470 844 Καὶ
491 770 510 843 ὁ
533 771 639 862 ἰερεύς
660 771 812 861 ἐκφανεῖ.

399 876 608 981 Εὐλογητὸς
639 873 658 949 ὁ
688 873 776 958 Θεὸς
805 871 928 970 ἡμῶν,
960 870 1118 950 πάντοτε
1150 880 1223 950 νῦν
1255 872 1318 950 κἀἰ
1344 871 1414 962 ἇεί,
1449 871 1510 947 καί
1532 877 1576 957 εἰς

315 980 403 1066 τούς
428 985 569 1063 αἰῶνας
593 984 672 1053 τῶν
697 972 858 1052 αἰυίνων.

398 1093 437 1164 ‘0
463 1091 572 1182 κοεός·
608 1075 736 1176 Ἀμήν·

397 1195 435 1266 Ὁ
458 1195 621 1276 διάκονος.
664 1181 729 1254 Ἐν
754 1175 879 1277 εἰρήνη
903 1186 973 1253 τοῦ
998 1177 1141 1277 Κυρίου
1167 1177 1376 1277 δεηθῶμεν.

397 1296 436 1368 Ὁ
463 1295 572 1384 χορός,
621 1277 748 1378 Κύριε,
769 1280 927 1377 ἐλέησον.

398 1396 437 1468 ‘0
459 1397 622 1478 διάκονος,
667 1380 773 1480 Ὑπὲρ
805 1389 871 1479 τῆς
903 1381 1056 1456 ἄνωθεν
1088 1379 1244 1482 εἰρήνης,
1277 1381 1339 1456 καί
1372 1388 1438 1478 τῆς
1470 1404 1577 1476 σωτη-

317 1487 400 1588 ρίας
425 1487 565 1576 αὐτῶν,
590 1491 658 1559 τοῦ
683 1482 827 1582 Κυρίου
852 1483 1062 1580 δεηθῶμεν.

398 1599 437 1670 Ὁ
462 1598 571 1690 χορός,
621 1581 747 1681 Κύρίδ,
771 1585 928 1682 ἐλέησον.

401 1700 439 1771 ‘O
470 1700 635 1781 διάκονος.
681 1685 787 1782 Ὑπὲρ
818 1695 883 1783 τῆς
915 1681 1059 1783 εἰρήνης
1089 1691 1157 1761 τοῦ
1190 1683 1406 1780 σύμπαντος
1431 1681 1578 1782 κόσμου,

317 1790 539 1874 εὐσταθείας
574 1796 653 1863 τῶν
688 1787 808 1890 ἁγίων
842 1795 911 1863 τοῦ
940 1792 1032 1863 Θεοῦ
1068 1791 1281 1884 ἐκκλησιῶν,
1308 1787 1380 1863 ,καί
1415 1795 1483 1884 τῆς
1512 1793 1580 1860 τῶν

317 1890 471 1970 πάντων
496 1887 674 1978 ὲναίσεως,
700 1897 768 1965 τοῦ
794 1890 937 1988 Κυρίου
964 1888 1173 1986 δεηθῶμεν.

399 2005 438 2076 ‘0
465 2004 573 2096 χορός.
623 1988 749 2087 Κύριε,
771 1992 929 2088 ἐλέησον.

399 2107 438 2178 ‘0
460 2106 625 2188 διάκονος,
671 2091 776 2191 Ὑπὲρ
801 2101 870 2168 τοῦ
896 2091 1005 2194 ἁγίου
1023 2096 1127 2168 οἴκου
1144 2088 1293 2181 τούτου,
1320 2091 1383 2167 καί
1401 2099 1481 2166 τῶν
1498 2089 1580 2186 μετὰ

317 2195 485 2286 πίστεως,
526 2192 721 2290 εὐλαβείας
743 2193 806 2270 καί
832 2191 959 2295 φόβου
988 2197 1081 2269 Θεοῦ
1107 2190 1294 2278 εἰςιόντων
1319 2195 1361 2268 ὲν
1377 2193 1498 2292 αὐτῷ,
1523 2199 1581 2266 τοῦ

317 2297 461 2406 ζίυρίου
488 2295 698 2394 δεηθῶμεν.

399 2411 438 2483 Ὁ
460 2410 581 2502 ’χορόςρ
623 2394 750 2495 Κύριε,
773 2396 930 2493 ἐλέησον.
1330 2454 1335 2465 ,

400 2513 439 2583 ‘O
461 2512 624 2594 διάκονος.
671 2497 776 2594 Ὑπὲρ
802 2507 871 2573 τοῦ
897 2495 1182 2593 ἀρχιεπισκόποσ
1207 2496 1328 2594 ἡμῶν,
1362 2505 1432 2573 τοῦ
1458 2497 1580 2584 δεῖνος,

318 2611 387 2678 τοῦ
411 2601 538 2696 τιμίου
563 2599 845 2699 πρεσβυτερίου,
878 2608 942 2697 τῆς
968 2603 1009 2674 ἰν
1033 2605 1189 2697 Χριστῷ
1215 2597 1420 2688 διακονίας,
1455 2598 1581 2681 παντὸς

319 2712 388 2779 τοῦ
412 2700 563 2799 κλήρου,
588 2700 651 2777 καί
676 2709 744 2778 τοῦ
769 2709 875 2791 λαοῦ,
901 2708 970 2776 τοῦ
995 2701 1138 2800 Κυρίου
1165 2701 1375 2798 δεηθῶμεν.

339 2809 343 2817 ’
402 2815 440 2887 Ὁ
466 2811 575 2907 χορός.
624 2800 750 2901 Κύριε,
773 2801 930 2900 ἐλέησον.

402 2917 440 2988 Ὁ
462 2917 626 3000 διάκονος,
673 2903 777 3003 Ὑπὲρ
802 2913 871 2981 τοῦ
897 2900 1035 2980 δοῦλον
1060 2911 1129 2979 τοῦ
1158 2907 1263 2991 Θεοῦ,
1289 2903 1415 2994 τοῦδε,
1442 2903 1583 3000 καὶτῆς

278 3075 281 3082 ,
321 3003 456 3104 δούλης
490 3015 559 3082 τοῦ
588 3012 693 3096 Θεοῦ,
719 3005 838 3104 τῆςδε,
872 3015 957 3081 τῶν
976 3013 1049 3081 νῦν
1074 3004 1385 3102 μνηστευομεῦων
1412 3004 1581 3103 ἀλλήλοις,
1667 3071 1668 3076 ,

319 3107 472 3205 καὶτῆς
497 3105 680 3206 σωτηρίας
706 3108 846 3197 αὐτῶν,
872 3107 1110 3204 τοῦνΚυρίου
1136 3105 1345 3204 διηθιῦμεν.

403 3221 441 3293 ‘O
466 3221 574 3311 χορός.
623 3207 749 3306 Κύριε,
773 3209 930 3306 ἐλέησον.
1226 3211 1232 3224 ’

403 3323 441 3394 Ὁ
463 3323 627 3405 διάκονος.
674 3310 778 3406 Ὑπὲρ
811 3319 879 3386 τοῦ
913 3314 1199 3409 παρασχεθῆναι
1236 3309 1363 3394 αὐτοῖς
1397 3309 1509 3384 τέκνα
1540 3313 1583 3392 εἰς

321 3412 502 3509 διαδοχὴν
534 3413 677 3514 γένους,
711 3413 774 3487 καὶ
806 3409 931 3488 πάντα
963 3411 1011 3487 τὰ
1043 3412 1133 3510 πρὸς
1169 3411 1358 3511 σωτηρίαν
1391 3408 1582 3510 αἰτήματα,

272 3543 273 3550 “
320 3523 389 3590 τοῦ
414 3514 557 3610 Κυρίου
583 3512 793 3611 δεηθῶμεν.

404 3627 442 3697 ‘0
467 3627 575 3716 χορός.
625 3611 751 3711 Κύριε,
774 3615 931 3712 ἐλέησον.

403 3727 442 3798 ‘O
463 3727 627 3811 διάκονος,
673 3716 777 3812 Ὑπὲρ
817 3725 885 3792 τοῦ
924 3719 1243 3816 καταπεμφθῆναι
1285 3716 1411 3800 αὐτοῖς
1444 3711 1583 3817 ἀγάπην
1667 3755 1668 3798 ι

320 3817 475 3908 τελείαν,
502 3817 688 3916 εἰρηνικήν
711 3818 775 3894 καί
799 3815 997 3917 βοήθειαν,
1023 3827 1091 3894 τοῦ
1116 3817 1259 3918 Κυρίου
1285 3815 1497 3916 δεηθῶμεν.
1667 3819 1668 3824 ’

403 3930 442 4002 ‘0
468 3931 577 4023 χορός.
625 3917 751 4019 Κύριε,
773 3921 931 4019 ἐλέησον.

322 4175 370 4245 οἰιὶ
393 4195 523 4257 virginibus
548 4195 604 4245 dum
623 4195 812 4260 desponsantur,
836 4195 880 4248 ἰιιε
898 4196 963 4248 faces
981 4194 1090 4246 ωοαεδίι
1108 4193 1226 4246 ecclesia:
1251 4208 1296 4246 σοι
1314 4195 1360 4245 nisi
1378 4194 1482 4257 virgines
1499 4205 1582 4258 εραοιο

322 4294 377 4336 αισι
396 4279 547 4344 lampadibus
566 4281 658 4331 obvium
676 4281 827 4346 processisse
845 4280 964 4344 leguntur.
999 4281 1077 4343 ἰίἰμς
1094 4280 1110 4330 Ι.
1122 4295 1143 4338 α
1159 4278 1257 4344 pm:
1278 4279 1328 4340 „Er
1347 4277 1582 4331 ωιιίιίδιιίιίιίεο
1667 4295 1668 4300 ’

322 4363 366 4416 des
384 4363 487 4414 ἰλιευτοε
506 4377 535 4414 αα
554 4363 598 4414 der
615 4365 695 4416 Stirne
713 4366 780 4416 einer
795 4366 867 4430 Jeden
886 4367 978 4419 Person
996 4366 1040 4416 mit
1056 4367 1111 4416 dem
1129 4364 1196 4416 Ευδε
1214 4366 1257 4416 der
1275 4364 1374 4427 Κιηεο,
1393 4365 1439 4416 εἰει
1457 4379 1484 4415 ιτ
1500 4363 1533 4414 si·
1550 4361 1582 4412 ih-

322 4461 368 4498 nen
386 4447 554 4498 abnuerem

328 4583 330 4589 ,
409 4545 434 4607 1)
448 4547 558 4600 Imitatur
575 4550 676 4601 ecelesia
695 4551 803 4602 devotam
822 4561 925 4606 montem
935 4551 1034 4614 Tobiae,
1052 4554 1093 4618 qui
1111 4567 1165 4604 eum
1184 4553 1271 4604 iecoris
1289 4553 1388 4604 incenso
1408 4552 1474 4604 ἰοιοο
1492 4558 1515 4601 ιι
1531 4561 1582 4600 ωε·

323 4631 387 4688 λίσαι
405 4631 556 4699 damonem,
575 4636 692 4698 coniugiis
710 4637 781 4690 οειιίε
799 4635 930 4701 ἰυῐεοειίιυ,
948 4638 1075 4689 emicuit.
