3394 5308
438 467 586 535 ,Η
694 414 786 508 99ῖ

82 591 218 660 lelium
234 565 395 660 ennffllunt
408 550 697 668 Missaetlallicaeae
711 602 894 669 venerandae
908 563 1101 684 antiguitatis,
1124 543 1267 676 ¹caldonii
1281 614 1363 664 sen-·
1385 622 1391 637 ·
1425 581 1440 659 '2

83 698 270 762 monadica
295 702 472 772 080-000,
495 701 598 762 saltem
623 701 700 764 inter
714 702 884 769 Diocletiani
898 701 1139 784 persecutionem
1162 698 1356 782 9999999099,
1406 756 1421 785 ,Ι

82 817 152 881 qus
169 799 309 862 89999999
322 801 373 862 Vir
394 819 489 882 99999
512 821 528 864 e
551 801 652 864 codice
673 803 919 871 lteichenoricnsi
941 798 1134 888 palimpsesto
1156 796 1353 874 resuscitavit,

83 901 178 966 09999
196 901 339 967 exhibent
360 901 489 968 osticium
512 903 550 965 do
571 903 697 976 8999909,
720 905 860 972 nimirum
881 907 918 976 ue
939 908 972 969 0.
996 901 1160 970 0999999099
1182 903 1365 983 0999009909.

83 1003 311 1084 opinorldissrs
326 1003 533 1071 099909099οε9.
574 1006 611 1067 m
631 1005 765 1071 recurret
786 1008 874 1072 huius
898 1005 1010 1070 codicis
1032 1008 1156 1082 mentio,
1179 1006 1226 1070 cui
1247 1023 1353 1086 greca

81 1123 152 1183 quae
170 1104 261 1166 nabis
285 1113 333 1173 est
353 1106 388 1168 in
406 1092 611 1171 dictissimuni
634 1108 730 1190 rigum
751 1103 947 1183 9099999909,
977 1127 1089 1236 nomen
1100 1093 1269 1216 dedimus
1259 1107 1386 1170 .-ddo

82 1207 190 1270 90990.
500 1251 503 1258 ·
708 1245 712 1258 ι

160 1307 370 1372 Postmodum·
381 1317 412 1370 et
432 1315 526 1378 statae
546 1309 658 1375 Missae
676 1327 780 1389 praees
814 1318 874 1373 9909
899 1254 1027 1392 amplius
1053 1309 1192 1374 aluerunt
1209 1329 1226 1372 a
1221 1255 1377 1376 literis.

83 1407 164 1481 0990
185 1410 266 1492 qud
287 1396 457 1499 ’0909909099
478 1410 585 1473 tanum
608 1427 676 1478 esec
696 1421 769 1491 puto
791 1413 910 1476 saeculo
932 1422 1037 1494 quarto
1060 1423 1090 1474 et
1110 1410 1225 1496 990909.
1252 1407 1394 1488 Flagi.

84 1511 155 1572 tabat
174 1510 376 1574 9909090999
384 1491 525 1582 haeresis
547 1520 577 1576 et
598 1512 671 1579 aliae
681 1531 767 1594 9999
789 1513 826 1574 ab
847 1513 903 1575 0999
924 1513 1022 1582 radice
1036 1513 1225 1595 pullularent,
1246 1522 1279 1576 nt
1292 1512 1362 1574 ho··.
1422 1585 1429 1598 ⁸

81 1611 220 1688 90900999,
251 1611 357 1679 callide
389 1613 591 1682 auctoritatem
614 1613 838 1712 990999909999
856 1611 1000 1702 ecelesiae
1021 1615 1245 1689 adfectantibus,
1275 1610 1354 1674 inter
1385 1665 1390 1676 .

82 1713 132 1776 alia
151 1713 270 1795 9909999
292 1713 472 1780 sinceritatis
493 1715 865 1781 testimonia-obiicerem
880 1733 999 1796 quoquc
1013 1717 1111 1797 prisca
1124 1717 1253 1797 liturgia,
1274 1730 1351 1795 apo-

82 1815 198 1879 stolicae
220 1815 374 1878 0999909999
396 1816 493 1880 testis.
523 1817 558 1880 lu
575 1815 754 1887 'occidentali
775 1818 916 1892 eeclesia,
931 1835 993 1880 uon
1019 1819 1059 1882 ita
1078 1817 1352 1886 haeresiarcharum
1385 1808 1402 1827 '⁹

82 1917 215 1998 morellis
236 1916 366 1992 turbam,
386 1917 480 1982 multo
504 1917 601 1980 serius
624 1925 688 1984 totu
701 1917 795 1980 000999
813 1918 908 1982 literis
929 1900 1094 2000 9999990909
1110 1924 1165 1985 990.
1187 1918 1289 2002 Neque
1304 1927 1363 1989 tau

82 2037 144 2080 9999
164 2017 279 2098 largior
301 2018 360 2084 tibi
378 2019 515 2082 Missalcs
535 2018 641 2092 libros,
665 2037 769 2082 omnes
790 2019 901 2103 missae
915 2031 1016 2104 pectes
1032 2021 1351 2100 uncoomplecteutes:
1369 2001 1394 2037 '⁴

83 2117 293 2187 adhlbdtantur
314 2121 345 2182 in
366 2119 528 2201 dlissarum
544 2119 729 2186 solemnibus
750 2120 819 2191 libri
840 2121 951 2187 diversi
972 2127 1166 2197 etstataram
1184 2137 1306 2207 9999999
1323 2127 1353 2187 90
1392 2165 1412 2182 ..

83 2241 177 2286 mum
200 2241 278 2304 quae
299 2240 355 2304 pro
371 2228 506 2316 00999999
520 2221 683 2299 9990909990,
704 2221 883 2298 testimonia,
904 2223 1046 2304 Diptgcha
1067 2241 1094 2289 9.
1109 2242 1136 2288 9.
1151 2231 1185 2289 ut
1203 2221 1364 2302 hodieque.

84 2324 155 2405 qiud
176 2324 312 2388 Graecos
339 2331 368 2384 90
389 2311 465 2404 apud
487 2323 660 2389 Latinum
653 2341 683 2384 99
705 2323 794 2388 000999
816 2325 955 2388 andenam
974 2333 1007 2386 et
1026 2321 1200 2391 Ponuneti
1220 2322 1353 2391 liissclia
1422 2379 1441 2419 ,t

84 2445 155 2505 quae
172 2433 318 2487 rotantur
338 2424 473 2511 Pignaria
493 2423 668 2524 recentioris
690 2426 794 2492 aetatis
816 2434 895 2488 sunt
904 2428 925 2506 ¹)

161 2525 263 2606 ltaque
285 2545 320 2587 99
343 2525 485 2606 Liturgiis
508 2527 638 2607 scriptis,
660 2546 735 2606 uuae
757 2528 885 2590 aetatem?
902 2528 1044 2602 tulerunt,
1066 2545 1105 2590 nc
1127 2526 1352 2616 antiquissimae
1381 2582 1388 2597 ,
1454 2550 1458 2560 ·

83 2627 195 2706 quidem
216 2636 363 2708 superant
384 2625 535 2695 saeculum
557 2625 691 2708 quintum
715 2637 745 2692 90
766 2626 912 2710 quartum.
934 2630 972 2692 00
993 2647 1062 2694 care
1084 2627 1247 2692 confundas
1270 2627 1351 2708 quod

81 2725 453 2810 leneestdistingendum,
465 2729 542 2792 aliud
554 2748 706 2794 99999999
720 2730 866 2810 liturgiam
882 2749 1072 2812 componere,
1083 2729 1162 2794 aliud
1177 2748 1242 2792 eam
1256 2728 1351 2808 literis

83 2831 261 2912 consignare.
290 2829 372 2892 llaec
392 2820 456 2912 ipsa
476 2832 668 2911 perversitas,
690 2832 764 2910 quae
778 2832 920 2894 miscebat
935 2832 1099 2913 scriptores
1124 2829 1307 2911 liturgiarum
1323 2838 1353 2892 et

84 2941 213 2994 auctores
229 2939 398 2997 tortuosam
413 2932 450 2994 de
465 2931 636 3012 antiquitate
652 2949 752 2994 earum
768 2942 798 2995 et
812 2933 985 2996 auctoritate
1006 2934 1210 3012 quaestionem
1225 2929 1353 3022 coniecit

85 3035 110 3094 09
128 3035 228 3110 trime,
250 3032 359 3114 quihus
382 3033 549 3099 etiamnunc
570 3033 699 3096 involuta
722 3043 779 3095 est.

160 3135 267 3219 099909
301 3134 442 3215 liturgia,
476 3135 593 3198 sacculo
624 3145 729 3214 quarto
754 3145 784 3197 et
804 3137 907 3216 quinto
931 3135 1052 3218 scripta,
1080 3135 1178 3215 quoad
1206 3131 1366 3216 originem,

85 3247 111 3298 et
129 3237 271 3318 90099999·
286 3235 426 3299 dividitur
447 3236 478 3300 in'
499 3246 599 3318 partes
623 3245 695 3300 tres.
727 3237 884 3301 Veniamus
906 3237 943 3298 ad
966 3237 1109 3315 cuiusque
1131 3235 1353 3316 gatteria-caput
1427 3230 1434 3244 ⁴

85 3347 111 3398 et
127 3341 250 3402 09990999.

84 3541 296 3604 distributionis
319 3540 443 3602 turmula
477 3539 620 3619 originem
642 3546 793 3600 traxerunt
814 3537 850 3600 ab
873 3537 1016 3618 apostolis
1038 3537 1084 3599 rel
1106 3537 1142 3599 ab
1163 3537 1299 3619 apostolo
1322 3543 1353 3599 et

85 3644 238 3724 apostolico
261 3643 338 3716 viro,
361 3641 445 3704 cuius
468 3659 577 3702 nomen
598 3639 733 3720 liturgiae
753 3640 914 3734 praefixum
938 3649 993 3703 cst.

159 3744 296 3810 Secunda
325 3762 395 3825 pars
424 3743 555 3809 continet
581 3759 686 3821 preces
715 3742 867 3820 liturgicae
891 3742 1017 3816 tabulae,
1048 3759 1138 3822 supra
1160 3740 1363 3822 praepositae¹

161 3917 184 3978 l)
210 3917 245 3968 lle
271 3916 340 3966 libris
359 3885 533 3967 eedcsiosticis¹
547 3914 693 3964 Graecorum
712 3913 774 3964 intra
793 3913 960 3965 disserendum
979 3921 1022 3962 est
1060 3877 1129 3971 09οο
1148 3909 1176 3965 90
1194 3911 1292 3962 Latinos
1309 3925 1350 3960 99-
1361 3888 1364 3901 ’

85 4009 153 4050 ustae
176 3997 361 4052 consuetudinis
385 3999 483 4061 vestigia
500 3998 630 4048 ostendant
645 4005 698 4049 tres
717 3995 773 4046 illac
791 3997 886 4050 tabulae
904 4012 965 4062 quae
989 3997 1012 4048 in
1037 3996 1153 4051 altaribus
1177 3995 1350 4046 celebrantium

86 4085 238 4136 commoditati
258 4086 398 4136 inscrrinnt
418 4081 834 4162 09000990099999999999009999,
843 4074 1087 4143 Psalmumlavrbo,
1106 4067 1352 4132 09999999009999990
1379 4085 1383 4092 ’

84 4156 265 4241 0999909998.
276 4170 375 4220 loannis
394 4169 476 4231 itaque
491 4176 586 4233 practer
604 4167 691 4217 librum
701 4153 820 4215 ilissolcm
839 4167 907 4230 quasi
925 4167 1058 4216 secuudum
1076 4166 1164 4216 librum
1183 4163 1351 4212 citiciuutsta·

85 4261 152 4304 trram
175 4256 347 4308 formularum
382 4253 408 4304 ln
431 4251 583 4302 tdozmabmn
602 4251 682 4313 000999,
707 4250 764 4301 dum
788 4257 897 4301 99909099
915 4250 1067 4314 Euangelium
1095 4250 1124 4300 ad
1148 4249 1223 4298 attare
1242 4247 1351 4300 delentur

86 4338 204 4390 ttissate
222 4337 458 4399 miscentium,
486 4336 549 4402 qnod
569 4335 737 4400 complectitur
754 4334 850 4384 illisam
869 4335 984 4386 idatium.
1003 4333 1198 4386 0999099099
1217 4333 1261 4382 tit.
1280 4333 1350 4383 0999.
1392 4375 1397 4386 .

87 4421 136 4486 lp.
148 4423 179 4474 82
197 4424 266 4486 „Nos
286 4423 369 4472 omnia
387 4421 411 4470 in
429 4420 675 4472 Missilibusnostrir
698 4420 836 4470 coniunctas
856 4421 979 4472 habemns.
1013 4421 1043 4470 00
1060 4418 1142 4468 nullus
1160 4431 1231 4482 quem
1250 4431 1349 4468 noscam

88 4507 210 4558 9099909999
230 4507 400 4572 couscriptum
417 4513 489 4555 ante
507 4519 616 4556 annum
636 4504 760 4554 Christi
779 4504 989 4559 millesimum
1008 4503 1134 4568 quisquam
1154 4502 1232 4553 adhuc
1249 4503 1349 4563 exercit,

89 4603 106 4636 tt
125 4607 168 4658 gro
190 4595 319 4645 universus
344 4591 390 4641 istc
413 4604 538 4641 99999999
562 4589 690 4656 adparatus
718 4595 896 4653 coagmentetur
921 4597 944 4640 et
961 4601 1006 4652 per
1023 4587 1132 4640 ordinem
1150 4587 1292 4642 0090009099
1311 4586 1349 4636 le-

90 4677 166 4732 saten‘*

159 3439 328 3502 Gratiarum
357 3439 435 3502 actio
460 3439 595 3518 proxime
625 3446 692 3500 ante
706 3402 996 3510 'consecrationem'
1020 3438 1085 3518 ipsa
1107 3435 1301 3500 consecratis
1320 3441 1353 3498 et
1430 3490 1438 3507 ,

1425 1297 1431 1308 '
1486 1288 1504 1333 U
