3416 5290
742 370 815 444 667

514 602 515 606 =
671 547 877 634 Θευτόκιον.

231 599 301 743 Τῆς
326 646 419 736 Βόας
437 653 497 744 τὴν
520 647 603 742 ἀράν
625 648 711 743 δγνή
728 653 893 736 διέλυσας,
921 659 1062 724 τεκοῦσα
1082 659 1154 735 τοῖς
1173 658 1261 723 πᾶσι
1281 654 1341 744 τὴν
1361 651 1417 724 εύ-

141 750 273 844 λογίαν,
303 751 520 877 ἀδοπάνητυν
548 750 764 859 πηγάοαντο,
788 755 847 824 τὸν
874 761 1008 846 σωτῆρα
1036 760 1097 825 τού
1117 751 1254 843 κόσμου,
1275 759 1417 846 Μητρο-

142 855 305 947 πάρδενε.

188 956 275 1034 02
300 957 461 1040 θέλοντες
488 953 657 1082 ἔρχεσθαι,
685 956 796 1048 φησίν,
823 951 935 1028 όπίοω
959 983 1037 1046 μου,
1064 921 1293 1049 προθύμως’
1272 956 1418 1050 αρνήοα-

141 1067 209 1132 οδε
235 1061 295 1142 τδις
319 1060 482 1147 κοσμικὰς
508 1055 675 1150 ἀφορμάς,
704 1064 812 1147 γονεῖς
832 1059 910 1182 τηύς
929 1058 1156 1151 γεννήσαντας,
1184 1059 1282 1132 τέκνα
1301 1061 1417 1132 τεκαὶ

140 1168 307 1252 γυναῖκας,
329 1159 499 1252 ἀδελφούς
518 1185 556 1230 τε
575 1187 633 1232 και
623 1157 784 1252 φίλους,
804 1159 956 1252 χρήματα
976 1163 1033 1232 καί
1055 1159 1173 1248 οἰκίας,
1195 1168 1369 1256 συγγενεῖς
1380 1189 1417 1233 τε

140 1265 199 1335 καί
221 1263 361 1345 δούλους
381 1263 438 1333 καί
460 1263 608 1348 δέξασθε
629 1259 760 1352 ἀξίωμα
781 1269 847 1332 τῶν
869 1259 1067 1334 ἀποστόλων
1086 1291 1164 1354 μου.

225 1362 490 1456 Ἔπιοτρέφυντα
512 1365 608 1448 δέξαι
626 1389 680 1452 με,
700 1363 797 1453 Δόγε
813 1366 992 1449 Θευύ,·τὸν
1013 1361 1144 1438 ἀσωτον
1164 1363 1210 1450 ιύς
1230 1365 1340 1438 πάλαι
1360 1367 1417 1438 καί

141 1463 189 1550 ιός
208 1467 267 1538 τόν
287 1464 439 1558 τελώνην,
459 1464 543 1554 μόνε
564 1464 799 1558 φιλάνθρωπα
1336 1509 1339 1516 ,

226 1568 412 1660 Λυτρωτης
438 1563 532 1658 ἡμῶν
558 1567 712 1656 γέγονας,
740 1567 798 1637 διά
825 1575 970 1659 σταυροῦ
997 1569 1056 1640 τδν
1081 1568 1206 1658 κόσμον
1234 1567 1417 1662 ἀγοράσας·

141 1668 197 1744 διό
219 1695 276 1742 σοι
294 1667 510 1760 προςπίπτω,
532 1667 631 1760 ῥῦσαί
649 1694 703 1756 με,
724 1670 898 1740 Δέσποτα.

223 1770 263 1842 ‘0
291 1771 421 1862 ἐγείρας
445 1771 505 1840 τόν
523 1769 688 1860 Λάζαρον
714 1770 751 1840 έκ
777 1777 844 1840 τῶν
864 1778 995 1861 νεκρῶν,
1023 1767 1109 1860 κάμὲ
1129 1773 1189 1842 τόν
1209 1771 1418 1862 νεκρωθέντα

140 1871 363 1964 άμαρτίαςέ
325 1901 345 1944 κ
364 1899 448 1964 ιτργ
471 1869 613 1956 ζιύωοον,
634 1871 808 1943 Δέσποτα
1453 1904 1455 1909 ·

225 1972 526 2066 Σημειωθέντα’
484 1999 597 2064 χαριτι
616 1974 674 2043 καὶ
695 1980 859 2066 φωτισμῷ
879 1979 939 2064 τῆς
960 1980 1021 2064 σῆς
1040 1971 1258 2064 δεογνωοίας,
1286 1953 1418 2066 λογικῆς

140 2101 203 2148 σου
224 2076 462 2170 ποίμνηςξ
390 2074 479 2160 δεῖξ’
460 2103 499 2146 ον
518 2101 562 2164 με
582 2073 765 2165 πρόβατον.

687 2190 877 2264 Θεοτόκιον.

226 2294 437 2388 Εὐλογημένη
461 2291 619 2384 πάναγνε,
639 2301 759 2386 Μῆτερ
784 2297 882 2376 Θεοῦ,
903 2301 944 2388 τῇ
965 2301 1007 2388 σῇ
1027 2321 1070 2383 με
1089 2292 1281 2389 προστασίᾳ
1300 2295 1357 2365 καί
1377 2303 1418 2388 τῇ

139 2396 224 2492 θείᾳ
245 2397 350 2491 σκέπη
373 2394 571 2489 φρυύρησον,
593 2396 779 2467 Δέσποινα.

225 2497 373 2590 Ὑπακοῇ
399 2523 471 2581 σου,
492 2498 630 2588 Χριστδ,
658 2499 717 2590 τὴν
743 2495 907 2590 ἡμετέραν
928 2494 974 2582 ιδς
997 2498 1082 2582 Θεὸς
1102 2496 1224 2580 ἔλυσας
1243 2499 1418 2590 παρακοήν

140 2601 199 2672 καλ
210 2609 270 2699 τῆς
281 2599 456 2689 βασιλείας
468 2599 529 2692 τὴν
540 2597 669 2684 είςσδον
680 2598 770 2692 ἡμῖν,
782 2601 841 2671 διδ
847 2599 1028 2688 μετανοίας
1039 2600 1097 2673 καὶ
1108 2599 1264 2684 πίστεως,
1278 2599 1418 2683 ἔδειξας.

228 2706 481 2774 Διατελέσαντα
502 2702 537 2772 έν
558 2700 699 2796 ἀμελείᾳ
720 2705 780 2793 τὴν
802 2704 886 2794 ζωὴν
905 2703 1042 2791 βλέπων
1062 2728 1115 2790 με,
1136 2709 1177 2796 τῇ
1198 2709 1344 2793 προςοχῇ
1359 2708 1419 2791 τῆς

141 2802 336 2892 ἐπιμελείας
357 2802 547 2894 ἐπίστησον,
568 2805 707 2894 Χριστό,
728 2811 788 2896 τῆς
809 2802 1019 2895 δικαιοσύνης
1042 2802 1182 2886 ἐκδύσας
1200 2829 1243 2894 με
1264 2802 1418 2892 θώρακα.
1548 2863 1551 2873 ,

224 2903 262 2973 ‘0
284 2906 343 2973 διὰ
364 2902 520 2986 πίστεως,
547 2903 766 2986 παλιντοκίας
785 2930 823 2974 τε
843 2906 984 2991 λουτροῦ
1005 2903 1134 2986 πλύνας
1154 2930 1197 2992 με
1218 2910 1418 2994 προγονικῆς

141 3002 236 3094 ἀρᾶς,
258 3010 314 3074 νῦν
334 3001 486 3092 δακρύων
508 3001 705 3074 ἀπόπλυνυν
720 3010 845 3094 πηγαῖς
863 3006 1152 3094 καταρυπωδέντα
1168 3006 1291 3086 δεινοῖς
1304 3030 1418 3094 παρα-

140 3102 312 3195 πτώμασι

226 3202 557 3294 Κατακαμπτόμενον
569 3204 627 3276 καί
641 3204 814 3276 νενευκότα
825 3231 869 3293 με
882 3207 969 3294 πρὸς
983 3213 1052 3298 γῆν,
1074 3205 1247 3290 Δέσποτα,
1269 3212 1317 3296 τῷ
1330 3204 1418 3276 έπα-

138 3315 220 3396 χθεῖ
246 3308 304 3379 καί
328 3305 558 3401 θανατηφόριμ
584 3306 805 3397 πταισμάτων
833 3306 972 3400 φορτίῳ,
1002 3315 1043 3400 τῇ
1070 3316 1112 3401 σῇ
1141 3306 1304 3400 ζωηφόρῳ
1328 3306 1417 3396 χειρί

141 3408 394 3501 έπανόρθωοσν.

691 3491 879 3564 Θεοτόκιον.

215 3591 307 3678 ’Ἰσσς
333 3594 491 3684 ύπάρχων
520 3597 625 3686 πατρί
651 3596 736 3666 κατὰ
763 3596 822 3686 τὴν
850 3589 991 3688 ἀναρχυν
1016 3596 1151 3687 μορφὴν
1171 3593 1318 3686 γέγονας,
1344 3591 1419 3678 ίσυς

138 3696 218 3791 ἡμῖν
233 3697 272 3782 έξ
284 3696 515 3788 ἀπειρογάμυυ
530 3697 703 3786 γενόμενος
716 3695 856 3792 μητρός·
879 3689 920 3787 ἧς
934 3703 1009 3780 ταῖς
1024 3695 1174 3782 ίκεσίαις,
1193 3696 1417 3787 Θεάνδριυπε,

141 3799 250 3869 σῶσόν
271 3825 324 3887 με.

226 3901 289 3992 Μὴ
318 3899 463 3994 παρίδης
490 3901 528 3970 τὸ
549 3897 691 3988 πλάσμα
712 3925 784 3983 ουυ,
804 3897 977 3982 Δέσποτα,
1001 3897 1087 3969 ἀλλά
1108 3908 1168 3971 τοῦ
1190 3905 1335 3989 σταυροῦ
1355 3922 1417 3968 σου

140 4009 181 4096 τῇ
205 4001 318 4095 χάριτι
343 4001 453 4071 σῶσόν
479 4029 522 4089 με
542 4003 598 4072 καί
618 4009 667 4094 τῷ
686 4001 787 4094 τιμίῳ
810 4003 938 4089 αἵματι,
966 3996 986 4070 ό
1009 4001 1045 4072 έν
1066 4001 1166 4085 θείας
1186 4004 1334 4092 πλευρᾶς
1354 4024 1416 4070 σου

142 4104 316 4187 έκέκωοας.

223 4203 281 4287 Ὡς
310 4206 354 4295 μὴ
387 4199 469 4275 όντα
501 4205 540 4274 τδ
570 4201 734 4293 πρότερον
766 4203 927 4288 ἔπλασας,
961 4201 1066 4288 σύτως
1098 4200 1309 4292 ἀπολόμενον
1341 4208 1416 4284 ταῖς

141 4305 323 4396 ἁμαρτίαις
341 4333 407 4395 μου
429 4304 635 4398 ἀναζητήσας
656 4305 766 4376 σῶσόν
785 4333 837 4395 με,
860 4303 906 4389 ὥς
925 4307 1054 4396 ποιμὴν
1076 4303 1207 4395 ἀγαθός
1228 4330 1265 4374 τε
1286 4303 1343 4375 καὶ
1360 4331 1415 4374 ει-

139 4412 340 4498 οπλαγχνος.
1475 4492 1478 4500 ὁ

226 4507 414 4602 Μακαρίαν
440 4509 588 4584 ἐλπίδων
615 4512 774 4600 μεθέξειν
799 4536 851 4600 με,
883 4518 948 4582 τῶν
976 4507 1205 4598 ἀποκειμένων
1230 4516 1317 4577 πᾶσι
1344 4512 1417 4590 τοῖς

141 4609 252 4697 ἀξίοις
272 4636 344 4698 σου,
366 4605 412 4683 ὧν
431 4615 492 4706 τὴν
513 4615 599 4708 ζωὴν
611 4612 832 4705 μιμήσασθαι
845 4611 1059 4704 καταξίυισυν,
1080 4610 1162 4701 μόνε
1181 4609 1415 4704 φιλάνθρωπα.
