3378 5302
675 437 747 510 157

77 623 113 696 ἐν
136 619 224 694 ἐλέει
249 619 316 696 καὶ
343 623 543 748 ολκτιρμοῖς
568 617 717 708 εἶναι,
702 616 874 694 εναντίον
894 613 1048 694 πάντων
1063 625 1143 693 τῶν
1156 621 1349 746 αἰχμαλω-

76 719 290 798 τιυσάντιον
315 718 464 804 αυτούς.
521 717 726 848 Μνησθηιι
749 715 854 818 κύριε
879 719 941 794 καί
965 718 1087 815 ἡμῶν,
1120 726 1199 795 τῶν
1225 719 1349 818 εἱμαρ-

76 831 202 900 πελαῖν
235 822 303 900 καὶ
337 822 503 908 ἀναξίαν
535 821 683 949 δουλιρν
716 845 797 911 σου,
829 819 893 898 καὶ
924 819 992 904 τὰς
1023 819 1208 920 ἁμαρτίας
1238 819 1349 919 ἡμῶν

77 917 287 1025 ἐξάλιιψὸν,
328 923 380 1009 ὥς
410 921 560 1025 ἀγαθὸς
591 922 655 1000 καὶ
688 920 957 1020 φιλάνθρωπος
988 920 1089 1006 θείς.
1141 920 1350 1052 Μνήσθητι

77 1026 171 1124 κύριε
205 1027 272 1102 καί
304 1029 397 1122 ἐμοῦ
428 1034 498 1156 ταῦ
529 1031 705 1154 ταπιινρῦ
743 1023 807 1100 καὶ
842 1023 1085 1152 ἁμαρτωλώ
1098 1024 1163 1102 καί
1191 1025 1351 1110 ἀναξίου

79 1127 210 1204 δούλου
238 1153 323 1216 σου,
348 1127 412 1204 καί
436 1125 503 1210 τὰς
528 1125 713 1224 ἁμαρτίας
736 1155 812 1222 μου
838 1123 1085 1224 λξάλειψοῖν
1055 1154 1108 1210 ως
1126 1123 1351 1254 φιλάνθρω-

81 1260 139 1314 πος
162 1228 269 1314 θεός.
296 1225 528 1325 Συμπάρεσο
554 1226 641 1303 66‘
620 1234 712 1358 ημῖν
736 1235 989 1357 λειτουργοῦσι
1009 1235 1067 1356 τῷ
1088 1226 1262 1359 παναγίηι
1281 1253 1352 1304 σου

81 1329 244 1427 ὀνόματι.
284 1331 399 1415 Τὰς’
383 1329 664 1457 επισυναγωγάς
688 1329 798 1428 ἡμῶν
822 1328 925 1428 κύριε
950 1325 1161 1460 666666606.
1198 1330 1275 1427 Τὴν
1301 1337 1352 1404 el-

82 1431 352 1529 δοιλαλατρείαν
377 1431 498 1510 τέλεον
517 1429 770 1559 ἐκρίζωσον’
750 1430 823 1508 απὸ
848 1440 916 1507 τοῦ
915 1428 1095 1559 κύσμορ.
1135 1429 1210 1559 Τὸγ
1235 1456 1351 1506 σατα-

82 1543 147 1610 νᾶν
173 1533 240 1610 καί
265 1542 392 1609 πᾶσαν
418 1533 535 1610 αὐτοῦ
560 1532 629 1629 τὴν
644 1533 840 1662 ἐνέργειαν
863 1531 927 1610 καί
942 1529 1126 1629 πονηρίαν
1142 1529 1353 1662 σύντριψον

82 1635 146 1712 ὑπὸ
173 1635 265 1719 τοὺς
290 1631 454 1719 πύιλας”
433 1635 564 1732 ημίιν.-
584 1633 678 1717 Τοὺς
702 1633 863 1762 ίγθρούς
886 1641 952 1764 τῆς
975 1632 1166 1731 ἐκκλησίας
1188 1658 1260 1710 σου
1284 1631 1351 1711 κύ·

83 1767 141 1864 ριε,
171 1737 223 1822 ὥς
247 1733 408 1814 πάντοτε
432 1735 495 1812 καί
521 1743 594 1812 νῦν
618 1736 859 1813 ταπείνωσον.
893 1731 1105 1834 Γύμνωσσν
1130 1735 1259 1813 αὐτῶν
1282 1736 1353 1834 τὴν

83 1837 356 1938 ὑπερηφανίαν·
395 1834 517 1922 δεῖξον
543 1838 669 1920 αὐτοῖς
693 1840 734 1912 ἐν
758 1833 860 1934 τάχει
886 1835 956 1934 τὴν
981 1837 1184 1966 ἀρθύνιιαν
1210 1838 1351 1928 αὐτῶν,

81 1941 141 2026 τὰς
168 1939 371 2036 ἐπιβουλὰς
396 1939 523 2016 αὐτῶν
547 1938 611 2013 καὶ
635 1937 703 2022 τὰς
727 1937 970 2066 πανουργίας,
996 1937 1040 2023 ἃς
1065 1947 1237 2066 πριοῦσιν
1256 1941 1348 2014 καθ’

82 2042 186 2140 ἡμῶν
219 2037 435 2140 ἀπράκτους
458 2037 621 2137 ποίησον.
668 2039 899 2168 Ἕξιγέρθητι
922 2036 1025 2138 κύριε
1049 2068 1113 2118 και
1100 2039 1354 2168 διασκορπι-

85 2141 289 2240 σθήτωσαν
314 2141 350 2216 06
375 2141 507 2271 ἐχθρρί
533 2165 614 2233 σου,
640 2140 704 2216 καὶ
729 2171 784 2242 φα
809 2141 952 2217 ἔτεισαν
977 2147 1029 2225 ελς
1052 2141 1100 2216 τὰ
1122 2137 1240 2218 ὀπίσω
1258 2138 1354 2216 πάν-

83 2273 134 2330 τις
161 2245 196 2320 οἱ
222 2251 420 2342 μισοῦντες
444 2243 488 2318 τὸ
515 2239 634 2339 ὄνομά
661 2268 730 2318 σου
755 2170 850 2318 v6“
813 2243 943 2374 ἅγιον.
974 2242 1083 2319 Τὸν*
1097 2230 1139 2319 δὲ
1166 2240 1258 2320 λαύν
1285 2265 1353 2318 σου

85 2347 147 2422 τὸν
173 2344 307 2421 πιστὸν
333 2373 396 2420 και
383 2341 641 2444 ὃρθοδοξον,
650 2346 717 2443 ¹)
701 2346 757 2419 επ”
782 2344 956 2474 εὐλογίας
972 2343 1092 2473 χιλίας
1105 2339 1277 2440 χιλιάδας
1292 2343 1355 2420 καὶ

85 2449 217 2548 μυρίας
242 2442 445 2547 μυριάδας,
470 2454 669 2529 ποιοῦντας
693 2445 736 2520 τὸ
760 2444 908 2544 θέλημά
933 2470 1003 2522 σου
1028 2446 1071 2522 τὸ
1096 2446 1216 2547 ἅγιον.

603 2575 826 2658 Ούιάκονος.

160 2683 206 2761 Οί
232 2677 443 2780 καθήμενοι
469 2677 662 2777 ἀνάστητε.

519 2810 590 2881 “0
580 2813 686 2902 ιερεύς
706 2812 850 2904 λέγει’
815 2813 920 2905 ευχήν.

157 2915 366 3017 Λύτριοσαι
391 2915 578 3014 δεσμίους,
611 2919 732 3002 ἐξέλου
756 2917 843 3002 τούς
868 2923 909 2994 ἐν
934 2914 1126 3021 ἀνάγκαις,
1153 2927 1357 3004 πεινῶντας

85 3017 283 3118 χάρτασον,
295 3019 627 3194 ἐόλιγορπιχοῦντας
652 3017 922 3115 παρακάλεσον,
956 3019 1295 3147 πεπλανημένορςέ
1297 3020 1357 3094 πί-

89 3144 260 3220 σιρεψον,
295 3121 575 3216 ἑσκοτισμὲνους
607 3119 901 3253 φωταγιύγησον,
937 3118 1171 3206 πεπτωκότας
1202 3121 1356 3250 ἔγειραν,

89 3221 356 3356 σαλιυρμένσυς
389 3189 579 3320 σιίὶριξον,
615 3221 857 3318 νενοσηκότας
882 3228 1005 3311 ἴασαι,
1039 3219 1194 3311 πάντας,
1220 3223 1357 3350 ἀγαθέ,

89 3325 238 3420 ειςτὴν
271 3322 363 3398 ὁύὸν
376 3331 459 3450 της
494 3323 676 3419 σωτηρίας
708 3321 894 3422 σύναψον,
927 3323 989 3398 καὶ
1022 3322 1159 3406 αὐτούς
1190 3331 1236 3421 τῇ
1269 3323 1358 3426 ἁγίᾳ

90 3449 156 3500 σου
181 3425 340 3521 ποίμνη
367 3424 465 3522 ἡμᾶς
489 3423 531 3499 66
558 3430 667 3520 ῥῦσαι
693 3425 766 3500 ἀπὸ
791 3435 869 3554 τρλν
894 3425 1064 3520 ἀνομιῶν
1087 3424 1209 3522 ἡμῶν,
1239 3453 1358 3528 φρον-

90 3529 150 3622 ρὸς
174 3527 285 3623 ἡμῶν
309 3525 373 3600 καὶ
400 3521 631 3624 άντιλήπτωρ
657 3527 752 3601 κατὰ
778 3523 900 3602 πάντα
926 3497 1132 3644 γενόμενος.

608 3673 646 3744 ‘0
668 3675 831 3758 διάκονος.

165 3767 231 3845 mc
256 3757 454 3857 ἀνατολήν.

419 3911 489 3980 Καὶ
509 3907 652 3980 κλίνει’
634 3938 652 3981 ο
676 3909 792 4000 ἱερεύς,
813 3913 870 3982 καὶ
890 3905 1031 3996 εύχεται.

167 4014 238 4090 Σύ
273 4013 361 4142 γάρ
399 4012 490 4087 τί
472 4043 493 4088 ο
527 4011 742 4112 ὑπεράνω
778 4014 925 4112 πάσης
960 4017 1100 4112 ἀρχῆς
1130 4015 1206 4090 καί
1231 4018 1361 4099 ἐξου-

12 4137 13 4164 }
92 4117 214 4206 σίας,
250 4115 327 4190 καί
363 4112 606 4210 δυνάμεως
639 4116 716 4191 καὶ
751 4115 1066 4246 κυριότητος,
1079 4116 1155 4191 καὶ
1188 4115 1361 4199 παντὸς

12 4257 13 4290 λ

12 4309 14 4358 ι

12 4425 14 4486 λ

12 4499 14 4560 ί
94 4524 330 4628 ἀγγέλων,
366 4521 442 4596 καὶ
478 4522 777 4624 ἀρχαγγύλιον
813 4523 1039 4622 στρατιαί.
1092 4519 1179 4596 Σοὶ
1213 4549 1363 4623 παρα-

91 4217 347 4346 ὀνόματος,
381 4215 752 4314 ὀνομαζομένου,
787 4219 838 4294 ού
870 4216 1018 4314 μόνον
1050 4221 1097 4294 ἐν
1129 4223 1189 4315 τῷ
1224 4221 1361 4292 αλῶνι

92 4317 261 4418 τούτῳ,
299 4319 412 4394 ἀλλὰ
448 4318 525 4394 καί
560 4322 608 4396 ἐν
642 4328 701 4417 τῷ
733 4319 959 4414 μέλλοντι.
1010 4318 1100 4394 Σοί
1124 4315 1361 4415 παραστή-

91 4449 225 4498 κουσι
247 4419 402 4518 χίλιαι
423 4417 655 4550 γιλιάύες,
678 4421 756 4495 καὶ
780 4420 944 4520 μύριαι
968 4416 1361 4548 μυριάύιςάγίιαν

176 4699 199 4761 λ)
216 4699 325 4746 numu
345 4689 499 4761 summ,
517 4691 558 4746 ἐπ’
577 4688 703 4758 umorue.
