3314 5304
677 451 751 524 315

91 637 116 700 io
136 635 254 716 reliquis
276 637 473 699 sacramentis
495 635 742 700 administrandis
765 636 867 699 usitati
890 637 1027 718 aliaeque
1048 655 1153 718 preces
1170 638 1352 702 ecclesiasti-

91 744 262 810 66161616
291 737 429 804 volumen
459 755 571 800 661666
597 735 710 820 6661611
736 737 983 818 6666616611,
1006 739 1094 801 ltuss.
1116 739 1259 802 'lrebniln
1304 739 1353 806 llti

93 856 182 900 omnes
198 837 380 901 Graecorum
402 837 472 900 libri
494 837 704 913 ecclesiastici,
725 839 943 919 6666666166
967 859 1116 921 66166666
1136 839 1215 921 typis
1231 857 1353 922 expres·
1492 887 1495 904 ,

93 958 147 1002 som
172 948 218 1001 est
245 939 388 1002 venetiis.
431 939 556 1004 Nealius
585 950 742 1003 enumerat
762 959 858 1004 annos
890 943 981 1013 1526
1014 943 1105 1014 1544,
1138 945 1229 1014 1553,
1260 945 1352 1012 1510,

95 1045 171 1114 1511,
195 1043 286 1113 1600,
313 1041 404 1112 1602,
428 1043 521 1116 1616,
546 1043 637 1116 1622,
662 1043 754 1116 1620,
779 1045 871 1114 1638,
890 1045 971 1107 1642
989 1050 1046 1103 616.
1089 1043 1162 1104 61161
1184 1042 1222 1104 ad
1244 1059 1351 1112 manus

92 1151 142 1203 cst:
161 1132 361 1222 Είνχολόγιον
383 1135 443 1204 οὖν
459 1141 537 1226 Θεῷ
557 1134 640 1228 ἁγίῳ
662 1137 781 1208 νεωστί
793 1137 1039 1225 μειαιαπωθὲν
1051 1136 1137 1225 ped
1150 1163 1249 1206 τινων
1263 1135 1355 1229 ripe-
1482 1141 1485 1154 '

93 1235 182 1322 λίμων
201 1236 421 1326 προςθέσεων
440 1237 521 1326 περὶ
541 1246 601 1328 τῆς
621 1246 681 1307 τοῦ
703 1236 881 1328 ἀρχιερέως
900 1237 1114 1328 χειροτονίας,
1135 1247 1202 1306 τῶν
1221 1246 1281 1329 τῆς
1293 1263 1355 1326 με·

93 1335 180 1428 γίλής
204 1335 379 1429 ἐκκλησίας
405 1335 591 1430 σ’φφιιιίων,
618 1338 700 1428 περὶ
731 1331 998 1430 ἐξομολογήσοωὲ
1026 1340 1086 1408 καί
1118 1333 1229 1408 ἄλλων
1255 1348 1356 1410 τινῶν

95 1435 262 1528 banaiae
283 1438 450 1509 τεθέντων
471 1440 506 1509 ἐν
526 1446 575 1529 τῷ
595 1440 695 1524 τέλει,
718 1438 897 1534 ἐπιμελείᾳ
919 1442 976 1512 καί
999 1439 1184 1530 διορθώσει
1201 1436 1355 1512 Ἰωάννου

94 1536 306 1628 ἱεροόιαιιόνον
327 1548 388 1610 τοῦ
405 1538 602 1631 Ἀβραμίοο.
647 1547 891 1613 celebratissima
915 1559 961 1610 est
982 1546 1078 1610 editio
1093 1544 1270 1626 2666616611
1293 1547 1353 1609 lac.

95 1647 170 1708 06611
192 1647 274 1710 66116
296 1647 455 1711 illustrato.
484 1649 544 1710 Pro
567 1648 735 1711 ciliciorum
759 1647 1354 1728 6610160166016116666661111666616-

95 1747 426 1828 6166611166166666,
450 1750 576 1812 1616616.

163 1849 201 1912 11.
222 1851 382 1913 Secundus
403 1851 479 1914 liber
500 1851 658 1914 duodecim
681 1849 883 1914 voluminibus
901 1849 1140 1929 comprehensus
1162 1849 1354 1912 (1161161616-

96 1969 212 2015 uacum
232 1947 279 2015 τὸ
299 1952 474 2038 μηναῖσν
494 1953 582 2016 lluss.
596 1951 720 2015 'lscbeti
742 1950 844 2014 blinei.
887 1951 1006 2012 6166666
1027 1949 1144 2030 singuli
1162 1950 1280 2028 6166616
1303 1969 1356 2012 66-

96 2051 165 2131 61661
189 2053 357 2116 volumina:
391 2053 540 2116 interdum
577 2053 609 2116 in
636 2053 693 2116 trin
721 2053 768 2114 rel
796 2061 925 2133 quatuor
950 2049 1101 2114 volumine
1129 2049 1242 2113 redacti
1274 2060 1354 2114 sunt.

97 2153 222 2217 Continet
242 2155 321 2218 liber
342 2156 573 2218 6661816116εῆ
593 2155 721 2218 Romani
743 2163 869 2236 partem,
893 2171 969 2233 quac
991 2161 1115 2214 vocatur
1136 2151 1295 2233 Proprium
1317 2151 1355 2214 de

96 2253 272 2328 8666116116
296 2265 395 2319 161666
416 2267 459 2329 61,
483 2257 605 2322 omissis
628 2276 705 2338 quae
727 2267 799 2319 sunt
812 2256 850 2318 de
866 2247 1034 2326 Communi,
1057 2253 1256 2326 6666616661,
1278 2271 1355 2334 quae
1381 2285 1384 2292 ⁴

95 2356 176 2418 miris
189 2357 301 2420 Sancto
323 2359 446 2440 propria
468 2368 554 2422 sunt:
577 2358 723 2440 Tropnria
745 2358 862 2420 scilicet
876 2356 907 2418 in
922 2355 1029 2436 primis
1045 2364 1075 2418 et
1088 2354 1231 2418 secundis
1243 2355 1356 2436 Vespe-

96 2456 138 2528 118»
164 2459 302 2522 &nones
329 2460 360 2521 in
381 2460 527 2523 Matutino
556 2470 585 2522 ot
607 2460 780 2541 spaoraria,
810 2475 910 2522 rerum
931 2475 1040 2536 nempe
1062 2463 1211 2535 gestorum
1234 2455 1271 2517 ab
1295 2456 1355 2518 illis

96 2557 215 2633 8666116,
244 2579 374 2640 quorum
394 2562 460 2624 dies
482 2561 595 2640 661161,
624 2562 807 2624 succinctam
830 2560 1042 2622 narrationem.
1085 2558 1210 2620 Accedit
1229 2558 1357 2620 aliorum

97 2657 270 2736 Sanctorum,
291 2661 364 2724 11661
385 2681 488 2726 eorum
512 2661 651 2726 01661616
674 2662 825 2745 peculiare
847 2679 908 2722 nou
930 2658 1077 2722 66666161
1098 2658 1356 2722 commemoratio.
1404 2657 1406 2666 ’

97 2759 189 2824 06616
211 2762 397 2826 coniunctim
420 2765 570 2844 16666166
591 2783 714 2846 precum
736 2772 766 2826 et
787 2762 972 2826 canticorum
994 2760 1130 2823 61061661
1144 2760 1263 2822 molem.
1296 2757 1356 2821 lle·

96 2857 326 2940 666116666616,
352 2866 384 2927 in
406 2866 566 2929 duodecim
588 2885 709 2930 menses
732 2865 881 2944 digestum
897 2862 1030 2925 Venetiis
1049 2863 1131 2927 1610
1152 2871 1183 2924 61
1203 2861 1358 2942 sequenti·

97 2960 142 3024 bus
160 2965 246 3028 annis
270 2975 457 3047 expressum.
501 2969 718 3050 complectitur
738 2966 896 3028 Ianuarius
918 2966 980 3029 282
995 2981 1082 3044 6666.
1099 2963 1152 3026 161.
1174 2962 1356 3026 Februarius

99 3067 147 3128 156
160 3085 245 3147 6666.
272 3068 398 3131 Martius
422 3071 482 3133 139
497 3087 585 3151 6666.
611 3069 723 3149 Aprilis
748 3070 808 3132 132
823 3084 910 3147 6666.
938 3063 1032 3126 116166
1059 3067 1118 3128 120
1134 3081 1222 3144 pagg.
1252 3063 1357 3126 lunius

100 3167 148 3232 128
168 3187 255 3250 6666.
291 3169 386 3232 lulius
410 3173 471 3235 159
487 3187 576 3251 6666.
612 3173 761 3246 Augustus
786 3169 847 3233 182
861 3183 949 3248 6666.
986 3165 1167 3245 September
1189 3167 1356 3246 2066666.

99 3267 214 3334 October
235 3273 300 3335 204
314 3287 403 3352 pagg.
430 3271 600 3334 November
621 3272 684 3336 256
699 3287 788 3350 6666.
816 3267 982 3331 December
1001 3267 1064 3330 200
1079 3283 1167 3346 pagg.
1211 3265 1255 3326 Ne
1277 3265 1359 3328 desit

97 3371 249 3452 exemplum
266 3373 431 3453 8666116111,
453 3372 651 3454 proponimus
673 3370 833 3436 historiam
844 3369 899 3432 SS.
915 3366 997 3430 Sexti
1013 3375 1044 3429 et
1056 3365 1211 3429 Laurentii
1226 3365 1305 3442 nol„
1328 3374 1359 3430 61

97 3473 245 3550 16611666
277 3473 543 3538 celebratissimam
572 3476 709 3553 (666661.
731 3485 762 3554 6.
779 3474 836 3536 6οι
876 3455 981 3536 01666
1005 3463 1090 3532 ιιαοὰ
1117 3462 1195 3543 τοὺς
1221 3462 1359 3552 seconde

96 3565 205 3638 Δαίοο
232 3568 398 3659 γεγόνασι.
432 3570 504 3638 Καὶ
533 3567 552 3638 ὁ
578 3570 640 3656 μὲν
661 3567 757 3658 ὅμως
777 3564 907 3647 Erindes·
928 3565 965 3648 ἐξ
982 3558 1135 3656 Ἀθηνῶν
1155 3560 1302 3654 ὑπῆρχεν
1321 3563 1358 3634 ἐν

98 3659 144 3748 είς
159 3670 213 3739 καὶ
237 3671 298 3740 τὸν
323 3677 384 3760 τῆς
405 3667 613 3762 φιλοσοφίας
634 3667 733 3758 λόγον
753 3666 921 3760 ἐξήσκησα.
962 3664 1242 3756 Παραγενόμενος
1263 3667 1303 3735 dd
1322 3665 1359 3735 d»

96 3761 184 3862 Ῥώμῃ
203 3777 442 3860 χειροτονεῖται
463 3769 652 3852 ἐπίσκοπος
676 3770 763 3858 μετὰ
788 3769 828 3838 τὸ
848 3775 1060 3859 μαρτυρήσαι
1078 3769 1139 3836 cde
1159 3767 1254 3855 λίμναν
1275 3767 1359 3837 Στί-

98 3891 206 3955 φανον·
226 3869 406 3953 ὠδίνονιος
427 3871 464 3942 δὲ
484 3866 549 3964 ἤδη
570 3879 631 3940 τοῦ
652 3871 736 3940 κατὰ
757 3875 822 3938 τῶν
835 3876 1048 3962 Χριστιανῶν
1069 3872 1217 3957 διωγμοῦ
1230 3866 1358 3937 κελεύει

98 3965 114 4034 ὅ
131 3969 219 4060 λίνεος
231 3972 362 4056 Edonos
375 3970 576 4064 Λαορεντίῳ
594 3978 643 4062 τῷ
664 3969 1003 4062 6166661ωὼῳαῦτοῦ
1017 3973 1189 4060 διοικῆσαι
1202 3969 1245 4038 τὰ
1260 3967 1357 4059 marin

98 4075 147 4158 ἰῆς
164 4073 350 4167 ἐπλησίας·
372 4071 392 4145 ὁ
416 4076 454 4144 od
473 4080 581 4143 ταῦτα
600 4073 763 4164 πωλήσας
784 4072 929 4160 διένειμε
950 4077 1108 4157 πτωχοῖς.
1146 4077 1216 4140 Τοῦ
1237 4070 1276 4139 dt
1290 4075 1358 4166 Ae-

97 4169 160 4241 ιίοο
178 4173 456 4270 ὑποστρέψαντος
476 4177 513 4246 ἐν
532 4173 701 4266 Περσίδος
720 4171 896 4264 προςήχθή
919 4171 1011 4263 αὐτῷ
1031 4171 1050 4243 ὁ
1072 4172 1167 4260 ὅμως
1187 4168 1317 4250 Erineos
1337 4167 1357 4238 d

99 4269 285 4360 ίτίσιιοπος·
304 4278 364 4348 καί
383 4278 442 4348 τὸν
460 4277 610 4368 Χριστὸν
631 4272 845 4366 ἀρνήσασθαι
862 4277 908 4366 μή
932 4274 1099 4355 πεισθείς,
1122 4269 1209 4340 ἀλλὰ
1228 4277 1360 4362 116ρῤ6-

99 4371 147 4465 οίᾳ
169 4375 268 4449 αὐτὸν
291 4379 377 4450 Θεὸν
403 4378 462 4448 ιιαὶ
488 4378 687 4469 δημιουργὸν
718 4383 779 4446 τοῦ
805 4377 934 4458 παντὸς
961 4371 1241 4464 καθομολογήσας
1266 4370 1360 4463 ξίφει
1471 4372 1474 4380 ’

98 4473 148 4562 τὴν
164 4481 310 4570 κεφαλήν
329 4478 475 4571 ἐτμήθη.
513 4478 694 4564 Είςαμθεὶς
713 4478 924 4568 Λαορέντιος
947 4474 966 4546 ὁ
989 4472 1219 4564 ἀρχιδιᾶιιονος
1237 4473 1297 4542 eoi
1314 4473 1359 4544 nol

100 4575 163 4664 1166
180 4579 332 4671 χρήματα
352 4579 601 4668 ἆπαιτοίμινος
620 4580 679 4648 καὶ
700 4579 840 4670 αἰτήσας
860 4577 991 4666 ἁμάξας
1003 4577 1062 4646 καί
1075 4575 1187 4662 λαβὼν
1201 4575 1280 4656 τοὺς
1290 4599 1359 4660 χω-

99 4675 169 4758 ῑθῦς
191 4683 247 4754 καί
275 4680 469 4774 ἀναπήρους
496 4676 548 4764 οἷς
576 4681 721 4770 διένειμε
747 4682 791 4751 τὰ
816 4677 969 4772 χρήματα
992 4682 1071 4760 ,ταῖς
1091 4675 1237 4766 ἁμάξαις
1255 4670 1359 4767 ήμαμο
