3368 5308
924 422 997 494 534

324 605 384 681 τὸ·
411 610 584 703 κρεῖσσον
601 607 643 680 ἐν
661 601 789 702 Κυρίῳ
806 609 954 706 γἀμεῖν,
980 633 1003 703 η
985 579 1253 700 πυροῦσθαι.
1281 605 1466 696 Αῦτὸς,
1436 636 1489 691 ως
1505 606 1590 708 ἄγα-

324 707 398 792 Θὸς
428 705 492 781 καὶ
525 703 807 804 φιλάνθρωπος,
833 707 980 804 ἐλέησον
1011 705 1076 783 καὶ
1083 708 1374 836 συγχώρησον,
1408 706 1590 805 ίλάσθηιι,

325 811 422 896 άνες,
457 810 549 907 άφες
580 807 628 883 τὰ
662 805 892 906 ὀφειλήματα
924 807 1046 906 ἡμῶν,
1082 807 1139 883 ὅτι
1173 807 1221 883 σύ
1253 808 1337 883 εἶ
1319 838 1339 883 ο
1370 809 1440 894 τὸς
1466 807 1591 894 νόσους
1669 809 1670 824 ’

322 911 434 1009 ἡμῶν
460 909 624 985 ἐπὶτῶν
650 911 775 1038 ὤμων
794 907 990 1038 ἀράμενος.
1042 908 1175 994 Οὐδεὶς
1199 908 1274 1038 γάρ
1298 914 1400 986 ἐστιν
1426 909 1591 1040 ἀναμάρ-

323 1041 442 1108 τητος,
470 1010 603 1088 οὐδ”
585 1039 635 1088 αν
660 1010 729 1108 μία
753 1011 872 1140 ἡμέρα
899 1042 920 1087 ο
906 1011 1030 1140 ’βίος
1055 1013 1174 1086 αὐτοῦ
1199 1011 1313 1102 ἐστὶν,
1347 1012 1371 1109 5
1393 1012 1591 1108 χωρὸςρύ-

323 1143 410 1203 που,
444 1119 475 1188 εί
506 1111 558 1209 μὴ
591 1113 638 1190 σὺ
649 1109 786 1238 μόνος
820 1112 840 1187 ὸ
874 1110 995 1209 σάρκα
1029 1114 1190 1242 φορέσας
1215 1112 1502 1211 ἀναμαρτήτως,
1534 1115 1592 1188 καί

323 1215 393 1312 τὴν
418 1211 617 1290 αίιόνιον
597 1221 687 1311 ημῖν
713 1211 977 1312 δωρησάμενος
1003 1212 1204 1290 ἀπάθειαν.
1219 1215 1305 1291 Ότι
1331 1214 1380 1291 σύ
1404 1215 1478 1291 είὸ
1488 1215 1589 1304 Θεὸς,

313 1317 414 1400 ,Θεὸς
446 1325 525 1392 τιῦν
557 1313 857 1410 μετανοούντων,
890 1317 954 1391 καὶ
987 1316 1047 1391 σοὶ
1078 1315 1148 1412 τὴν
1173 1313 1338 1402 δόξαν
1317 1317 1589 1415 αναπέμπομεν,

323 1426 378 1516 τῷ
404 1417 529 1515 πατρὶ,
554 1417 618 1492 καὶ
643 1426 698 1514 τῷ
723 1417 821 1543 υἱῷ,
835 1417 899 1492 καὶ
923 1425 979 1515 τῷ
1005 1417 1101 1547 5755»
1127 1415 1323 1511 πνεύματι,
1349 1427 1424 1495 νῦν
1446 1419 1510 1493 καὶ
1526 1418 1588 1506 ἀεί,
1669 1477 1670 1512 3

323 1520 387 1595 καὶ
413 1526 463 1603 είς
487 1518 576 1603 τοὺς
601 1523 743 1602 αἰῶνας
767 1526 845 1594 τῶν
872 1490 1033 1594 αἰώνων.
1079 1515 1208 1616 Ἀμήν.

723 1709 799 1779 Τοῦ
826 1703 968 1802 Κυρίου
993 1703 1205 1801 δετβιῦμεν.
1256 1731 1258 1736 ’

395 1839 439 1915 Ὁ
468 1837 618 1928 Θεὸς,
601 1838 763 1941 οάγιος,
799 1837 1031 1945 ὁπλίσας
1015 1868 1056 1914 εκ
1076 1839 1166 1937 χοὸς
1191 1840 1259 1916 τὸν
1285 1841 1499 1938 ἄνθρωπον
1521 1847 1587 1913 κτλ.
1669 1889 1670 1926 5

230 2005 231 2013 ,
385 1943 470 2017 525.

324 1969 357 2043 p.
472 2072 543 2141 Καὶ
564 2073 675 2200 55555
695 2072 739 2139 τὸ
760 2071 921 2162 στέφανα,
943 2071 1062 2164 στέφει
1082 2073 1141 2143 τὸν
1162 2069 1315 2161 νυμφίον,
1337 2071 1452 2160 λέγων.

409 2173 647 2272 Στίφεται“
629 2204 649 2249 ο
682 2174 817 2259 δοῦλος
848 2184 917 2252 τοῦ
946 2181 1038 2251 Θεοῦ
1065 2176 1097 2272 (5
1124 2175 1306 2274 δεῖνα)
1269 2206 1337 2274 την
1367 2173 1508 2273 δούλην
1529 2183 1587 2250 τοῦ
1669 2247 1670 2288 ρ

328 2285 420 2355 Θεοῦ
455 2279 534 2375 (τὴν
560 2277 677 2376 δεῖνα)
712 2282 762 2361 εἰς
794 2275 837 2351 τὸ
871 2279 991 2375 ὄνομα
1024 2287 1093 2354 τοῦ
1126 2279 1277 2378 πατρὸς,
1313 2278 1473 2354 καὶτοῦ
1498 2279 1585 2366 υἱοῦ,
1669 2305 1670 2368 5

323 2381 481 2470 καὶτοῦ
508 2377 617 2483 ἁγίου
643 2377 863 2469 πνεύματος.

588 2507 733 2596 Ὁμοίως
753 2511 872 2601 στέφει
891 2537 948 2580 και
938 2510 1028 2600 τὴν
1050 2509 1189 2604 νύμφην,
1212 2511 1325 2600 λόγων.
1355 2537 1359 2546 ’

408 2617 594 2744 Στεφεται
626 2613 649 2709 5
681 2609 796 2710 δούλη
827 2623 896 2690 τοῦ
926 2620 1018 2692 Θεοῦ
1052 2616 1086 2715 (ἡ
1112 2615 1231 2714 δεῖνα)
1264 2617 1333 2692 τὸν
1365 2615 1505 2694 δοῦλον
1527 2623 1585 2742 τοῦ
1669 2639 1670 2716 5

329 2721 422 2793 Θεοῦ
449 2717 528 2814 (τὸν
553 2715 670 2842 δεῖνα)
698 2719 748 2798 ελς
772 2716 963 2812 τὸόνομα
979 2726 1047 2793 τοῦ
1065 2716 1216 2814 πατρὸς,
1242 2747 1306 2794 και
1294 2718 1392 2793 τοῦ
1409 2719 1508 2808 υἱοῦ,
1531 2715 1586 2792 καὶ

324 2828 393 2894 τοῦ
420 2818 530 2920 ἁγίου
555 2812 775 2912 πνεύματος.

653 2943 738 3017 Εἶτα
760 2947 889 3039 εύλομεῖ
910 2947 1031 3032 αύτούς
1051 2948 1192 3038 λέγων
1177 2979 1212 3021 εκ
1233 2950 1332 3040 y''.

408 3051 581 3149 Κύριε,
562 3083 583 3126 ο
604 3053 737 3137 Θεὸς“
716 3063 838 3150 ημιῦν,
865 3052 955 3150 δόξῃ
980 3053 1044 3129 καὶ
1069 3054 1157 3152 τίμη
1185 3051 1430 3154 στεφάνωσον
1450 3053 1584 3138 αὐτούς.

325 3181 465 3256 Εἶτα
431 3212 488 3254 τον
509 3185 747 3316 προγραφέντα
763 3183 963 3268 ἀπόστολον,
984 3187 1041 3255 καὶ
1056 3213 1095 3255 το
1083 3183 1311 3276 εὐαγγέλιον.
1323 3179 1469 3257 Ἔπειτα
1483 3195 1584 3256 ταῦτα.
1669 3199 1670 3298 5

409 3295 583 3384 Είπωμεν
610 3287 745 3375 πάντες
769 3295 808 3376 ἐξ
833 3289 917 3386 ὅλης
942 3299 1007 3388 τῆς
1032 3300 1165 3390 ψυχῆς.

409 3389 522 3486 Κύριε
548 3389 830 3489 παντοκράτωρ,
858 3391 877 3466 ὃ
907 3391 995 3476 Θεὸς
1025 3403 1104 3468 τῶν
1128 3393 1301 3522 πατέρων
1324 3391 1447 3491 ηἰιιῦν.

402 3493 616 3589 Ἐλέησον
596 3501 694 3590 ημᾶς
720 3494 740 3569 ὸ
769 3492 868 3582 Θεὸς,
892 3493 1051 3567 κατά
1013 3525 1057 3569 τυ
1080 3493 1177 3596 μέγα
1202 3488 1298 3578 ἔλεός
1324 3519 1404 3570 σου.
1669 3501 1670 3552 5

401 3595 477 3668 Ἔτι
503 3592 580 3690 δεύρ
582 3594 717 3670 ιεθα
695 3594 787 3693 υπέρ
813 3597 945 3717 ἐλέους,
981 3593 1089 3694 ζωῆς,
1126 3593 1336 3694 εἰρήνης’
1314 3596 1454 3699 υγείας,
1481 3622 1584 3690 σοπη-

327 3693 423 3796 ρίας,
445 3697 682 3795 επισκεφεως.

717 3827 788 3896 Καὶ
808 3827 1015 3920 μνημονεύει,
1039 3855 1084 3897 ων
1105 3829 1212 3899 Θέλει.

399 3930 485 4008 Ὅτι
510 3925 700 4059 ἐλεήμευν
708 3932 772 4008 καὶ
798 3930 1068 4029 φιλάνθρωπος
1097 3931 1238 4017 Θεὸς
1215 3928 1405 4030 υπάρχεις,
1442 3933 1504 4010 καὶ
1534 3926 1583 4005 σοὶ

326 4033 395 4130 τὴν
429 4029 598 4118 δόξαν’
578 4061 863 4130 αναπεμπομεν,
896 4043 951 4133 τῷ
983 4035 1109 4131 πατρὶ,
1143 4035 1207 4109 καὶ
1241 4043 1296 4132 τῷ
1329 4035 1414 4134 υἱῳ,
1448 4033 1509 4110 καὸ
1538 4037 1582 4126 πῦ

326 4133 423 4237 ἁγίῳ
448 4131 644 4264 πνεύματι,
670 4144 744 4212 νῦν
768 4136 832 4211 καὶ
858 4137 934 4226 ἀεὶ,
959 4137 1023 4211 καὶ
1048 4142 1099 4222 είς
1124 4135 1211 4220 τοὺς
1236 4141 1378 4220 αἰῶνας
1403 4145 1482 4212 τ’(ῦν
1505 4103 1583 4208 αἰνί-

327 4264 417 4313 νων.
462 4233 591 4332 Ἀμήν.

555 4413 696 4487 Εἶτα
661 4444 720 4508 την
741 4415 846 4506 εὐχὴν.
891 4411 966 4482 Τοῦ
991 4405 1134 4503 Κυρίου
1160 4406 1369 4505 δεηθῶμεν.

411 4535 591 4638 Κύριε,“
573 4567 593 4612 ο
623 4538 761 4624 Θεὸς
739 4541 916 4636 ημιῦν,ὸ
951 4545 992 4617 ἐν
1023 4549 1069 4638 τῇ
1104 4537 1331 4643 σωτηριυίδει
1357 4567 1428 4619 σου
1453 4545 1582 4618 ολκονο·

326 4635 398 4741 μία
420 4649 497 4715 κτλ.
524 4644 657 4740 ρ.526.
