3416 5290
673 433 747 507 675

74 625 181 708 βειαν,
201 614 238 685 ἐν
259 611 298 684 δέ
317 616 359 705 τῇ
378 606 532 703 εῦστβείρ
552 609 781 705 φιλαδελφίαν
799 613 858 684 καί
877 613 937 706 τὴν
958 611 1118 706 ὸπακοήν.
1147 613 1347 707 Χαρίτωσον

76 717 177 790 αδτὸν
197 713 436 844 ἀγρυπνοῦντα,
459 712 685 802 ἐργαζόμενον,
706 713 971 800 καθεῦδονταβ
950 715 1177 804 ανιστάμενον,
1199 715 1235 788 ἐν
1255 724 1348 812 ψαλ-

75 828 153 910 μοῖς
172 844 229 890 και
220 813 356 909 ’ᾠδαῖς
375 822 615 902 πνευματικαῖς
635 813 814 907 άγγελικῦς
834 815 1095 908 ἐνοπτρίζεσθαί
1107 843 1148 889 σε
1162 820 1198 888 ἐν
1209 829 1350 917 καθαρᾷ

75 920 197 1014 καρδίη
221 919 279 990 καί
288 921 499 1046 'navemn
525 939 564 986 σε
583 918 644 987 τὸν
661 916 764 1041 μόνον
785 920 892 1004 ζῶντα
911 945 971 990 και
959 917 1153 1012 *ἀληθινὸν
1174 923 1271 1006 Θεὸν,
1300 922 1349 1007 εἰς

75 1024 182 1150 χορὸν
201 1018 305 1091 αδτοῦ
324 1017 555 1111 ἀναιίάληταν.
579 1017 659 1088 -Ὅτι
679 1044 741 1089 σου
725 1018 852 1094 ἐστιν
872 1015 893 1108 ἡ
914 1021 1071 1108 βασιλεία
1090 1023 1207 1094 καὶτὸ
1228 1023 1350 1115 κράτος

78 1125 135 1198 καί
160 1151 182 1215 η
171 1120 348 1205 “ἐξουσία
372 1122 431 1192 καί
458 1123 513 1191 σοί
540 1121 675 1246 πρέπει
686 1127 783 1192 πάσα
810 1121 904 1205 δόξα,
933 1123 1012 1214 τιμὴ
1040 1126 1097 1194 καί
1100 1124 1347 1257 προςκόνησις,

76 1234 124 1318 τῷ
150 1225 258 1352 πατρί
284 1224 341 1296 καί
361 1231 409 1315 τηῦ
430 1219 493 1350 υίηῦ
519 1224 576 1293 καί
596 1229 646 1315 τηῦ
666 1221 750 1316 άγίηι
770 1222 946 1312 πνεύματι,
976 1232 1034 1295 νῦν
1052 1227 1109 1296 καί
1130 1225 1194 1313 ἀεί,
1221 1232 1279 1300 καί
1299 1229 1349 1313 είς

76 1329 155 1412 τοὺς
177 1325 301 1408 αίοῦνας
320 1333 387 1395 τῶν
408 1323 546 1395 αἰώνων.
585 1321 700 1416 Ἀμήν.
764 1343 767 1350 ·

369 1475 457 1570 Εὸχὴ
480 1475 588 1567 ἑτέρα.
633 1484 703 1547 Τοῦ
723 1475 850 1570 Κυρίου
873 1480 1056 1570 δεηθιῦμεν.

152 1613 250 1703 ’Ἅγια
275 1612 384 1704 Κύριε
407 1620 474 1684 τῶν
505 1609 731 1700 δυνάμεων,ε
713 1612 866 1738 οπηπὴρ
888 1620 949 1684 τοῦ
969 1613 1151 1704 Κυρίους
1129 1623 1224 1709 ημῶν
1241 1617 1350 1713 Ἰηοαῦ

76 1723 240 1809 Χριστοῦ,
268 1713 445 1806 εὐλόγησαν
471 1715 529 1784 τὸν
556 1712 676 1784 δοῦλόν
696 1737 767 1796 σου,
789 1707 828 1782 ὸν
837 1717 1134 1840 προςεκαλέσω’
1102 1743 1152 1802 εις
1171 1721 1230 1791 τὸν
1249 1747 1352 1794 πνευ-

76 1816 219 1906 ματικόν
239 1842 300 1888 σου
322 1823 483 1909 νυμφῶνα
502 1843 560 1886 και
550 1811 847 1898 “ναταξίωσον’
806 1817 907 1885 αυτὸν
928 1810 1016 1886 εἶναί
1035 1841 1097 1887 σου
1110 1817 1206 1890 ὅσων
1220 1826 1352 1897 δοῦλον.

76 1918 230 2012 Σόφισον
251 1916 362 2002 αῦτὸν,
383 1916 559 2004 ίπίχεε’
517 1925 608 2010 αυτῷ
628 1918 687 2009 τὴν
707 1917 801 2008 παρά
822 1923 883 1987 τοῦ
903 1913 1100 2008 ἡγεμονικοῦ
1120 1945 1181 1992 σου
1201 1924 1353 2052 πνεόγια-

76 2047 135 2104 τος
158 2019 258 2111 χάριν
282 2022 340 2092 καί
360 2018 502 2092 σόνεσιν.
541 2015 790 2104 Ἐνίαχυσον’
750 2017 851 2088 αυτὸν
871 2016 920 2100 είς
939 2019 999 2089 τὸν
1017 2021 1103 2091 κατά
1122 2029 1184 2093 τοῦ
1205 2022 1351 2117 ἀοράτου
1394 2099 1398 2105 ,

76 2125 203 2214 ἐχθροῦ
224 2121 383 2212 πόλεμον,
405 2123 467 2204 τὸς
488 2122 524 2192 ἐν
544 2128 604 2212 τῆς
624 2119 746 2210 σαρκὸς
766 2118 1011 2202 ἐπαναστάσεις
1032 2147 1072 2250 τη
1093 2135 1236 2220 κραταιᾷ
1252 2129 1355 2200 δυνά-

75 2253 133 2314 μει
167 2250 229 2296 σου
249 2223 428 2313 κατάβαλε.
470 2223 541 2305 Δὸς
562 2220 654 2313 αὐτῷ
673 2219 861 2312 εδαρεστεῖν
881 2245 938 2292 σοι
958 2220 1008 2304 είς
1029 2221 1155 2296 αίνεσιν
1175 2230 1232 2298 καί
1254 2233 1353 2315 δοξο-

77 2327 195 2456 λργίαν
216 2325 444 2408 ἀδιάλειπτον,
472 2323 522 2406 είς
541 2319 718 2412 δμνους’
683 2321 866 2414 ευκαίρους,
894 2321 944 2406 είς
964 2322 1062 2410 εὸχάς
1081 2325 1352 2418 εόπροςδέκτους,

78 2429 128 2512 είς
147 2430 274 2520 βουλὴν
295 2425 412 2517 όρθήν,
441 2425 489 2508 είς
509 2426 648 2517 καρδίαν
667 2426 839 2520 ταπεινὴν,
867 2424 916 2508 είς
937 2429 1059 2517 πρᾶξιν
1080 2429 1166 2521 ζωῆς
1185 2435 1243 2503 καί
1263 2461 1355 2528 πρᾳ-

78 2530 199 2624 ότητος
219 2558 277 2600 και
266 2526 471 2622 ’ἀληθείας
500 2527 719 2613 Καταξίωσον
741 2525 842 2598 αῦτὸν
856 2522 1044 2618 εὐαρεστεῖν
1057 2554 1113 2602 σοι
1128 2532 1163 2602 ἐν
1177 2534 1353 2628 πραότητι,

79 2630 158 2702 ἐν’
137 2631 263 2760 αγάπη,
292 2632 327 2702 ἐν
346 2629 541 2724 τελειότητι,
570 2631 605 2701 ἐν
632 2628 810 2758 ἐπιστήμη,
839 2630 876 2700 ἐν
897 2627 1044 2724 ἀνδρεία,
1074 2635 1132 2704 καὶ
1152 2638 1356 2729 προςφέρειν

79 2759 137 2805 σοι
157 2733 280 2822 ῦμνους
298 2761 356 2804 και
346 2732 572 2822 “δοξολογίας
592 2734 651 2803 καί
671 2730 778 2816 εδχάς,
800 2731 850 2814 είς
863 2729 969 2824 δομὴν
982 2731 1136 2816 εὐωδίας.
1169 2737 1356 2809 Τελιίωοον

80 2833 185 2906 αὐτοῦ
206 2837 265 2926 τὴν
287 2836 373 2926 ζωὴν
394 2836 430 2904 όν
452 2832 602 2926 ἀσιότητι
620 2834 679 2904 καί
700 2831 903 2926 δικαιοσύνῃ,
924 2835 981 2902 ἵνα
1003 2833 1051 2904 δι’
1074 2833 1277 2909 ἀδιάστατον
1298 2840 1358 2910 καί

80 2935 286 3030 ἀκηλίδωτον
306 2938 366 3026 τὴν
386 2934 435 3016 εἷς
456 2937 495 3004 οά
516 2936 634 3004 ἕνωσιν
653 2936 849 3025 καταξιωθῇ
869 2940 929 3024 τῆς
949 2933 1152 3023 ἐπουρανίου
1173 2961 1235 3006 σου
1254 2946 1356 3025 βασι-

78 3037 185 3116 λείας.
227 3035 355 3122 Χάριτι
371 3037 429 3106 καί
450 3034 634 3124 οἶκτιρμοῖς
654 3036 711 3104 καί
730 3033 979 3127 φιλανθρωπίᾳ
997 3043 1058 3106 τοῦ
1076 3047 1274 3126 μονογενοῦς
1294 3065 1355 3110 σου

81 3136 170 3222 υὸοῦ,
190 3133 268 3225 μεθῗ
282 3129 322 3206 05
342 3134 519 3228 εὐλογητὸς
539 3130 580 3219 εί,
602 3136 661 3204 σὸν
681 3143 729 3228 τῷ
750 3135 904 3226 παναγίῳ
919 3137 977 3204 καί
990 3133 1111 3227 ἀγαθῷ
1125 3139 1358 3233 καὸζωοποιρῦ

80 3264 145 3310 σου
167 3237 366 3326 πνεύματος,
387 3245 445 3307 νῦν
464 3238 521 3307 καί
542 3235 605 3320 ἀεί,
626 3238 685 3306 καί
705 3235 755 3318 είς
767 3238 847 3318 τοὸς
861 3236 985 3317 αἰῶνας
997 3244 1065 3306 τεὸν
1080 3237 1220 3311 αίυίνων.
1239 3240 1356 3333 Ἀμήν.

167 3351 253 3428 Εἶτα
274 3355 420 3438 ἐκτείνας
438 3357 498 3448 τὸν
518 3362 612 3442 χεῖρα
633 3351 652 3425 5
675 3353 781 3445 ἱερεὺς
801 3352 851 3437 είς
863 3356 902 3424 τὸ
918 3353 1014 3444 ἅγιον
1027 3353 1227 3446 εὐαγγέλιον,
1250 3361 1356 3449 λέγει·

166 3456 251 3529 Ἰδοὸ
272 3456 291 3528 δ
313 3459 461 3549 Χριστὸς
482 3455 643 3548 ἀοράτως
657 3457 805 3528 ἐνταῦθα
825 3455 981 3548 πάρεστι.
1022 3459 1148 3540 Βλέπε,
1171 3458 1225 3529 ὸτι
1246 3458 1357 3543 ου’δείς

82 3583 121 3630 σε
149 3556 324 3650 ἀναγκάζει
351 3561 465 3630 ἐλθεῖν
492 3558 553 3630 ἐπί
577 3559 737 3628 ταῦτατὸ
759 3566 880 3650 σχῆμα.
921 3558 1046 3642 Βλέπε,
1074 3557 1129 3629 ὅτι
1150 3560 1190 3630 σὸ
1212 3560 1248 3632 ἐκ
1270 3587 1357 3652 προ-

81 3661 215 3744 θέσεως
234 3665 350 3743 θέλεις
370 3663 427 3730 τὸν
449 3659 625 3752 ἀρραβῶνα
646 3666 707 3730 τοῦ
726 3658 871 3749 μεγάλου
892 3660 949 3730 καὶ
971 3657 1144 3750 ἀγγελικοῦ
1164 3662 1343 3755 σχήματος.

164 3762 370 3853 Ἀπόκρισις.
414 3764 495 3846 Ναί,
517 3762 607 3850 τίμια
627 3760 745 3851 πάτερ,
768 3761 804 3830 ἐκ
824 3762 1035 3851 προθέσεως.

167 3867 239 3935 Καὶ
258 3865 343 3951 μετά
364 3863 404 3934 τὸ
425 3862 664 3946 συντάξασθαι,
687 3864 777 3954 λέγει
797 3863 886 3952 πρὸς
906 3859 1007 3931 αὐτὸν
1027 3861 1047 3932 5
1070 3861 1186 3954 ὸερεῦς.

167 3967 270 4054 Λάβε
289 3967 329 4036 τὸ
351 3963 514 4057 ψαλίδιον
533 3991 590 4034 και
580 3963 731 4046 ’ἐπίδος
750 3990 811 4051 μοι
833 3961 926 4034 αδτό.

167 4067 239 4136 Καὶ
266 4065 442 4148 ἐπιδόντος
470 4063 572 4136 αῦτοῦ
597 4067 637 4137 τὸ
666 4065 828 4158 ψαλίδιον
847 4072 896 4155 τῷ
913 4063 1114 4158 Ἡγουμένῳ,
1143 4068 1232 4156 λέγει
1252 4065 1357 4137 πάλιν

85 4167 172 4304 πρὸς
193 4166 293 4240 αῦτὸν
314 4165 332 4238 5
356 4166 472 4255 ίερεῦς.

164 4267 252 4338 Ἰδοὺ
273 4270 309 4340 ἐκ
330 4296 389 4360 της
407 4270 518 4358 χειρὸς
535 4293 597 4338 του
580 4275 761 4357 Χριστοῦ
783 4266 964 4355 λαμβάνεις
985 4265 1078 4339 αδτό.
1107 4269 1223 4339 Βλέπε
1238 4269 1276 4340 δέ
1289 4268 1357 4340 τίνι

84 4369 257 4462 συντάσση,
279 4368 345 4440 τίνι
365 4371 528 4463 προςέρχη
549 4371 606 4440 καί
626 4368 692 4437 τίνι
713 4367 900 4462 ἀποτάσση.

169 4473 240 4536 Καὶ
266 4473 377 4557 λαβὼν
403 4471 423 4543 ό
446 4471 551 4563 ίερεὸς
570 4471 610 4540 τὸ
633 4469 794 4563 ψαλίδιον
815 4470 851 4540 ἐκ
872 4477 931 4562 τῆς
949 4470 1060 4559 χειρὸς
1080 4475 1140 4540 τοῦ
1159 4469 1355 4562 ἡγουμένου,

88 4567 193 4656 λέγει·

168 4666 355 4762 Εὸλογητδς
379 4667 400 4742 δ
423 4673 518 4756 Θεὸς,
551 4671 570 4744 5
597 4673 709 4746 θέλων
737 4669 868 4755 πάντας
885 4668 1098 4761 ἀνθρώπους
1123 4679 1278 4765 σωθῆναι
1299 4675 1356 4747 καί
