3378 5302
719 443 767 520 85

103 629 176 692 tium
199 628 340 709 precibus
361 637 394 695 et
414 628 552 710 incipitur
571 627 739 710 Anaphoru,
763 629 826 694 sire
848 649 930 694 sacra
951 631 1045 698 Actia.
1088 633 1169 694 illius
1195 589 1309 696 initium
1332 641 1380 696 est

104 731 199 794 ontio
222 739 294 794 aute
314 727 449 794 osunen
469 730 562 811 paris,
585 738 616 792 et
631 739 766 811 auteqam
782 731 896 798 dicatur
910 743 1050 813 supmest
1065 735 1094 796 iu
1108 733 1262 798 codicibus
1276 732 1379 800 MSSD.

103 841 189 896 retus
211 830 341 896 lamala
364 831 500 894 eileieadi
521 832 675 896 audientes
698 839 729 894 ot
749 833 948 912 poenitentes,
977 837 1063 898 testis
1085 836 1221 916 autiquae
1243 835 1378 916 discipli·

105 951 169 996 rae.
212 931 292 994 ‘lum
313 931 479 995 benedictio
501 931 722 1013 aracussima:
746 933 868 1000 Curuus
882 933 942 998 Dei
953 936 1065 1008 Putria,
1087 945 1144 1000 etc
1166 937 1285 1016 signum
1308 955 1377 1000 cru-

104 1035 148 1095 cis
175 1051 268 1114 super
296 1033 450 1114 populum.
471 1065 514 1080 ·-
544 1032 619 1096 Post
643 1033 780 1099 osonum
807 1035 899 1114 pacis,
925 1034 1061 1100 Surum
1082 1039 1175 1102 cordo
1203 1038 1378 1117 etreliqua,

105 1136 189 1198 mins
211 1135 358 1198 lormttlae
381 1134 489 1214 ubique
510 1142 647 1214 receptae
667 1135 699 1198 iu
722 1135 859 1200 omnibus
882 1137 1092 1216 unaecunque
1105 1138 1222 1218 linquae
1235 1139 1378 1219 Liturgila

105 1235 183 1298 extat
201 1237 359 1300 memoria.
402 1236 549 1300 Praelatio
570 1253 645 1316 quae
666 1243 713 1300 est
733 1237 770 1300 De
791 1236 951 1316 gratiarum
973 1238 1098 1312 actione,
1124 1239 1320 1320 laudibusque
1341 1241 1378 1304 ad

105 1336 195 1400 uum
218 1337 387 1400 referendis
408 1345 532 1418 propter
552 1337 651 1400 omnia
672 1336 704 1398 iu
725 1355 818 1417 gentas
838 1339 1173 1414 humanum'benouoia
1207 1342 1378 1417 creationis,

105 1437 175 1516 bgia
202 1438 425 1518 promulgatae,
452 1436 607 1532 missionis
633 1438 865 1517 Prophetarum,
900 1441 1019 1507 taudem
1048 1441 1230 1506 liberationis
1257 1443 1377 1506 bumeui

105 1540 222 1617 umeris
249 1557 306 1619 per
327 1538 574 1613 incarnationem,
603 1539 821 1621 salutaremque
841 1541 1096 1622 dispensationem
1119 1543 1228 1606 enuisti
1249 1542 1376 1608 Domini.

104 1639 243 1719 Seuuittrr
257 1640 290 1702 iu
300 1639 497 1705 Pmuauons
510 1641 569 1705 line
578 1639 711 1721 Dymnus
724 1641 918 1718 Cherubiuts,
929 1642 1072 1720 Saccus,
1083 1644 1222 1717 Souctm,
1235 1643 1376 1718 Sanctus,

105 1741 151 1819 qui
173 1741 291 1804 canitur
312 1759 330 1804 a
351 1741 474 1822 pupulo.
823 1729 827 1738 ’

185 1841 337 1906 Sacerdos
364 1839 482 1922 longam
512 1843 678 1906 orationem
706 1844 883 1923 pronunciat
909 1843 941 1906 in
963 1844 1016 1906 Dei
1037 1845 1165 1920 laudem,
1194 1855 1224 1910 et
1244 1864 1300 1925 pro
1321 1845 1375 1908 Li-

105 1942 266 2020 tmpiarum
287 1943 457 2006 diversitate
478 1944 633 2022 abquaudo
655 1943 784 2017 brevior,
805 1945 962 2024 abquanm
984 1946 1129 2025 prolixior
1143 1954 1191 2012 est
1204 1946 1253 2010 illa
1267 1948 1375 2010 oratio.

106 2041 219 2106 Desinit
239 2050 340 2106 autem
362 2045 394 2108 iu
416 2044 611 2108 iustitutionis
625 2044 807 2108 Sacrameuti
829 2047 1121 2120 commemoratione,
1144 2055 1174 2110 et
1194 2047 1375 2126 pronuncia-

107 2141 182 2206 tione
204 2145 367 2210 verborum
382 2145 505 2221 Christi,
526 2165 618 2226 snper
639 2164 757 2226 panem,
780 2155 808 2208 et
829 2165 920 2228 super
934 2147 1076 2225 calicem:
1099 2148 1135 2210 ad
1158 2167 1231 2227 quae
1246 2149 1374 2228 populus

104 2245 258 2308 acclamat:
288 2247 420 2314 Mortem
447 2257 530 2312 tuum
556 2247 683 2312 Domine
709 2251 941 2321 unuuuuomus,
970 2257 1026 2310 etc.
1055 2256 1199 2328 sequntur
1225 2249 1376 2312 orationes

104 2347 269 2410 sacerdotia
291 2349 323 2411 in
347 2348 480 2412 eamdem
502 2348 693 2412 sententiam:
717 2357 748 2410 ct
760 2347 847 2428 paulo
861 2357 933 2430 post
947 2349 1103 2414 leuuectio
1118 2349 1254 2431 Spiritus
1268 2355 1376 2426 sancte}

105 2467 187 2526 quam
216 2449 369 2529 praecedit
395 2449 518 2512 Diaconi
546 2449 711 2512 exhortatio
741 2450 778 2511 ad
804 2451 957 2531 populum,
985 2459 1018 2514 ut
1048 2459 1113 2512 oret
1141 2452 1291 2526 attentius,
1321 2472 1375 2514 ex·

106 2552 265 2628 spectando
289 2547 363 2616 'abrs
385 2552 521 2631 iDapsum
543 2552 574 2612 in
596 2551 673 2614 dona
695 2552 858 2631 proposita.
901 2552 969 2634 Ipsa
990 2553 1187 2616 luvocationis
1209 2555 1302 2617 torma
1324 2550 1376 2616 aa·

105 2650 168 2712 den
196 2653 322 2714 omniuo
351 2659 407 2727 ost,
441 2669 517 2731 prae
544 2651 575 2714 in
598 2649 717 2714 Grae'cis
739 2653 900 2716 codicibus.
946 2655 1117 2734 Sequuntur
1135 2655 1290 2735 Diptycba:
1313 2663 1377 2719 turn

104 2754 347 2816 commemoratio
370 2765 571 2814 mortuorum:
595 2752 772 2815 Sanctorum
792 2755 951 2818 memoria:
982 2756 1083 2817 Oratio
1105 2755 1266 2831 Dominica,
1289 2775 1377 2836 quam

104 2853 248 2916 Sacerdos
277 2854 399 2936 incipit;
426 2855 555 2934 populus
585 2854 640 2916 alta
660 2873 732 2916 voce
754 2855 915 2918 continuat.
958 2855 1088 2918 Elevatio
1111 2857 1323 2931 Eucharistiae,
1346 2868 1376 2920 et

104 2953 216 3018 Sancta
244 2961 370 3018 suncto's.
414 2955 489 3018 Tum
516 2955 632 3017 hostiae
654 2957 769 3032 fractio,
799 2965 829 3018 et
849 2957 1008 3038 particulae
1031 2957 1060 3018 in
1083 2958 1201 3020 calicem
1223 2959 1375 3036 intinctio;

106 3063 162 3118 mm
192 3074 230 3119 er
258 3057 372 3132 eadem,
400 3056 579 3136 reliquarum
601 3077 676 3138 quae
697 3058 729 3120 in
748 3077 836 3122 sacro
859 3059 942 3120 disco
964 3069 1044 3133 suut,
1070 3059 1278 3139 particularum
1300 3078 1375 3122 con·

105 3157 247 3236 ambo:
271 3157 441 3220 Sacerdotis
463 3159 648 3220 communio:
671 3158 803 3221 eiusdem
825 3159 996 3222 distributio
1018 3159 1238 3233 Sacerdotibus,
1265 3160 1374 3222 Diaeu-

106 3257 149 3319 ais
171 3267 203 3320 et
224 3259 351 3338 reliquie
374 3275 409 3321 ex
432 3258 529 3320 Clero.
572 3242 685 3320 Deinde
706 3252 875 3321 cummunio
896 3260 1008 3340 populo
1031 3261 1227 3335 distribuitur,
1249 3278 1304 3339 per
1325 3262 1374 3322 iu-

107 3358 222 3422 tiuctam
241 3360 425 3441 particulam,
443 3379 517 3440 quae
536 3359 682 3423 cochleari
696 3354 870 3442 praebetur:
891 3359 1056 3422 Gratiarum
1071 3361 1147 3423 actio
1162 3371 1192 3424 et
1206 3360 1374 3424 Sacerdotis

104 3461 205 3526 ultima
224 3462 429 3526 benedi‘ctio.“

189 3565 264 3631 Qut
298 3564 393 3632 semel
429 3563 596 3644 expositum
625 3565 672 3626 sit
708 3563 744 3626 de
781 3563 895 3644 origine
931 3572 961 3628 et
995 3563 1145 3626 audentia
1176 3564 1374 3646 Liturgiarum

106 3667 182 3730 drea
210 3685 321 3736 mnam
351 3666 420 3728 CCC
449 3675 480 3726 ct
505 3673 610 3744 postea
635 3665 729 3728 literis
757 3665 969 3741 mandaterum,
1006 3665 1076 3744 quid
1104 3666 1140 3728 ad
1168 3685 1269 3729 nomm
1298 3685 1373 3747 pro·

106 3767 182 3829 xime
203 3767 345 3830 accedere
366 3765 508 3840 videatur,
530 3783 592 3827 nou
614 3775 662 3828 eet
684 3767 762 3846 quod
784 3785 921 3846 magnum
944 3776 974 3829 et
994 3765 1111 3830 difficile
1132 3767 1240 3830 bellum
1257 3769 1373 3832 instau-

107 3887 216 3944 remus,
240 3869 321 3949 qued
343 3867 380 3932 de
403 3876 496 3929 aetate
518 3875 548 3928 et
568 3867 736 3947 integritate
758 3868 941 3947 singulorum
962 3867 1105 3928 librorum
1121 3867 1301 3931 decertatum
1316 3877 1372 3931 est.

105 3969 300 4049 Agnoscimus
334 3969 472 4032 iacobum
503 3968 670 4049 apostolum
692 3969 722 4030 iu
743 3967 938 4044 Praelatioue,
956 3968 1201 4044 Consecratioue,
1222 3969 1371 4032 Distribu-

107 4071 185 4134 tioue
207 4080 239 4134 et
259 4072 396 4136 oratione
418 4070 579 4134 dominica:
611 4069 683 4132 alias
707 4069 866 4145 orationes,
896 4067 1001 4150 GyriDo
1024 4076 1054 4130 et
1076 4069 1217 4132 Clementi
1238 4069 1371 4145 necessit

108 4172 204 4236 tudine
225 4172 354 4253 quadam
375 4172 548 4234 coniunctas
570 4171 709 4234 ecclesiae
723 4170 1006 4251 Hierosolymitanuo
1027 4170 1200 4232 traditiones
1221 4169 1370 4248 liturgicus

107 4274 306 4351 putaverimus
330 4272 449 4336 saeculo
472 4271 602 4336 seeundo
625 4280 655 4334 ct
675 4272 763 4333 tertio
779 4279 898 4348 enatus,
919 4272 1036 4334 tertiam
1050 4280 1163 4350 partem
1179 4287 1301 4350 eamque
1315 4271 1371 4334 ad-

1 4435 2 4442 ,
106 4376 223 4439 modum
243 4375 391 4458 prolixam
411 4373 518 4436 adiecit
539 4373 688 4436 saeculum
709 4381 844 4452 quartum
866 4373 913 4435 rel
934 4372 1107 4453 quintum.¹)

160 4646 165 4659 -
187 4615 212 4678 t)
229 4613 390 4666 lleualdctiue
405 4611 525 4676 liturgiam
543 4611 624 4664 larabi
641 4611 717 4664 literis
735 4609 870 4660 mandatam
888 4624 943 4660 case
960 4607 1264 4672 existimatautanrillum
1277 4609 1369 4660 liierus.

1 4673 2 4698 ³
106 4693 201 4754 sent
217 4698 353 4766 putul
378 4698 457 4762 „Cum
479 4697 549 4750 anub
572 4695 664 4764 aliquot
685 4704 756 4748 antea
777 4694 881 4760 Cprillue
898 4693 1128 4758 illaesolpmiuuue
1146 4692 1289 4747 Catecbeses
1312 4707 1370 4746 aurs
