3378 5302
936 420 1005 492 tta

407 595 479 665 Καὶ
498 593 689 688 ψάλλουσιν
709 598 748 666 cd
770 599 968 690 Movoyaadg
987 597 1062 682 υἱὸς
1081 599 1139 670 καὶ
1159 597 1295 690 Adyocsl'

403 715 482 784 Καὶ·
495 712 662 806 giessensi
685 713 814 798 ι’ίςοδυς
834 725 895 786 τοῦ
916 714 1107 808 εὐαγγελίου
1128 719 1185 789 καὶ
1205 719 1296 808 λέγει
1317 716 1336 788 ὁ
1359 716 1526 800 διάκονος.

399 817 481 892 Ἐπὶ
505 817 718 919 προςευχήν.

878 918 917 989 Ὁ
939 919 1055 1012 ἱερεύς.

406 1001 546 1102 Εἰρήνη
571 1013 697 1082 πᾶσιν.

888 1103 926 1176 ‘0
954 1105 1046 1188 λαός.

406 1189 481 1264 Καὶ
513 1198 566 1290 τῷ
601 1187 785 1288 πνεύματί
816 1218 896 1269 oov.

850 1322 888 1394 ‘0
911 1324 1074 1408 διάκονος.

392 1408 481 1483 -Ἐπὶ
506 1407 720 1510 προςευχὴν.
888 1509 926 1580 Ὁ
955 1511 1037 1594 λαός

407 1595 522 1698 Κύριε
546 1594 705 1692 ἐλέησον.

330 1808 384 1858 eliis
402 1809 522 1870 Litorgiis.
560 1811 628 1870 Quod
647 1824 703 1858 nero
722 1807 809 1870 legitor
826 1802 873 1868 bic,
892 1815 918 1856 ut
935 1807 998 1871 epod
1011 1807 1163 1860 Drtleodoaos
1182 1807 1234 1856 ceni
1253 1805 1356 1866 solebat,
1375 1805 1466 1870 absque
1486 1803 1615 1854 additione

329 1891 427 1944 illorum
447 1892 573 1943 aerborom
592 1893 633 1957 qui
651 1892 778 1942 crocillros
797 1905 823 1940 es
841 1906 886 1956 pro
905 1892 984 1952 nobie,
1003 1907 1073 1956 quum
1093 1892 1316 1956 Petruanuplreus
1335 1890 1433 1948 induxit,
1453 1889 1614 1939 orthodoxae

329 1976 452 2026 doctrinae
476 1975 571 2038 signum
589 1985 634 2038 est,
652 1977 773 2042 simulque
792 1975 948 2040 antiquitatis.
983 1975 1102 2026 lecobitae
1121 1977 1210 2040 quippe
1228 1975 1343 2040 Aegyptii,
1367 1989 1417 2024 noo
1435 1973 1516 2024 reinna
1536 1987 1613 2038 qnam

327 2059 380 2123 Sgri
404 2059 445 2110 ille
463 2059 534 2109 rerba
552 2060 714 2124 subiungent:
736 2060 800 2110 unde
819 2068 913 2111 onustat
931 2061 993 2111 benc
1010 2061 1140 2123 liturgiam
1158 2061 1187 2110 ad
1202 2059 1258 2110 illos
1276 2073 1325 2109 noo
1344 2059 1500 2124 pertinuisse,
1525 2073 1614 2109 rerum

328 2144 358 2194 ad
377 2143 547 2195 Ortbodoaos:
571 2144 643 2208 idque
668 2159 696 2194 eo
716 2145 870 2196 uerisimilius
887 2153 932 2206 est,
956 2145 1020 2210 quod
1040 2145 1063 2195 io
1083 2143 1122 2194 illa
1137 2145 1201 2196 ¹nibil
1220 2145 1326 2196 occurrit
1343 2145 1407 2209 qnod
1425 2143 1614 2208 lionopbpsita-

329 2243 382 2278 rom
398 2228 510 2278 bearesin
527 2227 563 2278 ael
582 2228 665 2278 leuiter
682 2228 817 2279 redoleat.“
853 2229 959 2293 llgmnus
976 2221 1144 2296 Μονογενὴς
1161 2231 1184 2280 in
1203 2236 1288 2280 nostro
1306 2229 1386 2280 nltlcio
1405 2243 1453 2279 unu
1472 2229 1615 2296 exscriptus

331 2320 376 2375 est,
393 2319 491 2376 repetes
509 2327 563 2362 eum
583 2327 595 2360 e
615 2313 692 2376 capite
710 2321 776 2362 sesto
795 2312 884 2362 laeobi.

414 2395 469 2446 Das.
494 2395 586 2445 Deinde
609 2397 797 2460 prostrationem
822 2397 908 2460 laoiet3
933 2411 1035 2463 cnmqoe
1060 2398 1121 2448 lecta
1140 2398 1213 2448 luerit
1230 2395 1338 2461 Epistola
1357 2395 1423 2447 Penii
1441 2396 1554 2461 Coptiee‚
1575 2397 1614 2448 di·

331 2489 368 2532 cet
391 2481 525 2531 orationem
549 2488 690 2546 sequentem
714 2489 817 2532 secreto.
852 2482 877 2531 Si
902 2483 973 2532 luerit
991 2497 1045 2532 cum
1064 2497 1093 2532 eo
1112 2483 1232 2534 Sacerdos
1250 2483 1341 2542 socies,
1365 2483 1386 2532 is
1414 2495 1466 2532 eam
1486 2483 1614 2532 recitabit.

330 2565 450 2616 Diaconos
474 2564 538 2626 leget
556 2564 688 2628 Epistulam
707 2566 806 2630 Coptice
830 2575 854 2616 et
878 2567 964 2617 deinde
981 2567 1081 2618 Arubice
1099 2574 1125 2617 ot
1143 2569 1214 2618 etiem
1233 2567 1380 2618 Cetbnllcem
1403 2567 1451 2616 siaa
1476 2566 1616 2618 lectionem

331 2664 358 2700 ea
377 2649 487 2714 epistolis
507 2649 646 2700 Catholicis.
682 2649 727 2700 llic
749 2651 860 2701 adoletur
883 2652 1008 2702 incensum
1026 2660 1063 2702 ter
1081 2653 1170 2704 circum
1189 2652 1266 2704 altere
1284 2667 1297 2702 u
1315 2650 1441 2702 sacerdote
1459 2651 1615 2702 celebrante.

331 2732 413 2784 Dantio
432 2741 488 2798 post
505 2733 614 2798 Apostoli
633 2749 676 2784 seu
687 2733 800 2785 Paulinae
818 2734 937 2799 epistolae
957 2737 1099 2786 lectionem:
1118 2737 1219 2788 Domina
1237 2737 1352 2789 scientiae
1370 2743 1393 2786 et
1410 2735 1546 2800 sapientise
1561 2736 1616 2786 lar·

330 2819 393 2880 gitor
412 2826 457 2867 etc.
493 2817 553 2867 Tum
571 2833 634 2872 nnus
650 2819 809 2868 Diaronornm
829 2818 892 2882 leget
910 2819 1051 2872 catholicon
1062 2822 1161 2886 Coptiee
1179 2830 1203 2872 ιι
1212 2820 1311 2871 Arabiae
1329 2830 1352 2870 et
1370 2829 1498 2885 postquem
1518 2821 1615 2871 lectum

329 2903 403 2954 luerit
420 2905 514 2966 coptice
532 2901 595 2952 dicet
612 2903 732 2952 Sacerdos
751 2903 876 2953 celebrans
895 2905 957 2954 hene
975 2907 1123 2957 ouationem:
1142 2905 1206 2971 qood
1224 2907 1245 2955 si
1257 2905 1393 2956 Patriarcba
1410 2905 1463 2969 ipse
1481 2919 1553 2955 sacra
1574 2907 1615 2956 fa-

332 2986 386 3047 cist,
411 2986 474 3036 dicet
498 3000 551 3036 eam
569 2987 693 3036 sacerdos.
729 2987 811 3038 Oratio
830 2996 886 3053 post
904 2989 1053 3042 catholicon.
1089 2991 1192 3041 Domine
1210 2991 1282 3051 Deos,
1307 2989 1347 3054 qui
1365 3003 1409 3053 per
1427 2997 1528 3040 sanans
1547 3005 1615 3054 epo-

331 3071 409 3122 stolos
428 3079 473 3122 etc.
509 3071 586 3121 Finita
605 3070 708 3121 lectione
726 3071 843 3122 Catbolici
862 3072 966 3134 arabice,
993 3075 1103 3125 escendit
1118 3074 1238 3126 Sacerdos
1262 3074 1292 3124 ad
1309 3073 1384 3124 altera
1403 3081 1427 3124 et
1443 3073 1553 3124 adolebit
1574 3077 1616 3125 in·

331 3171 430 3206 censum
454 3155 539 3216 semel,
564 3165 613 3206 tom
638 3157 778 3206 recitabitur
802 3159 879 3207 oratio
902 3173 1015 3223 sequens.
1051 3159 1133 3210 Oratio
1152 3163 1250 3210 Actuom
1268 3158 1447 3223 Apostolorum.
1483 3157 1550 3208 Dans
1571 3162 1617 3225 qui

330 3242 459 3306 suscepisti
483 3250 528 3292 ets.
564 3241 659 3291 Perfecit
682 3241 748 3292 illam
767 3255 795 3291 ea
813 3243 922 3292 oratione
939 3245 1016 3294 thoris
1035 3244 1111 3305 Decii,
1136 3243 1201 3295 nulle
1220 3259 1246 3294 re
1264 3245 1370 3294 detracta
1386 3243 1423 3294 rel
1442 3242 1537 3294 addita:
1564 3261 1617 3310 qna

330 3327 423 3390 explete
443 3326 542 3376 eborum
561 3325 629 3376 solus
647 3341 700 3376 eum
720 3328 820 3377 incenso
838 3327 956 3378 circuibit.
991 3330 1067 3379 Finita
1091 3330 1194 3380 lectione
1211 3332 1324 3380 Actorum
1342 3329 1442 3394 Coptica
1465 3335 1489 3378 ιι
1506 3327 1617 3380 Arabico

331 3410 410 3460 dicent
428 3417 478 3461 ter:
497 3411 600 3460 Senctos
619 3425 666 3476 qno
685 3411 752 3462 Dnito
771 3412 828 3462 dicit
845 3413 965 3462 Sacerdos
983 3413 1117 3464 orationem
1136 3414 1255 3476 Evangelii
1273 3415 1357 3465 sancti.

414 3495 482 3544 Aetb.
506 3495 638 3545 Coadiotnr
654 3496 792 3546 Sacerdotis
811 3497 874 3546 dicet
890 3505 1018 3562 antequam
1037 3498 1245 3564 legatorlipietole
1256 3498 1337 3548 Pauli:
1355 3497 1457 3549 Domine
1474 3497 1579 3562 sepiens
1592 3507 1619 3551 et

331 3585 415 3628 auctor
429 3579 562 3642 sapientiae
577 3585 622 3628 etc.
658 3580 779 3631 Diaconos
796 3587 922 3644 antequem
939 3581 1031 3644 legetur
1040 3581 1148 3647 Epistola
1158 3584 1228 3634 dicit:
1246 3580 1282 3632 Ει
1292 3583 1366 3634 Paulo
1376 3597 1443 3634 serre
1454 3591 1478 3632 et
1489 3587 1617 3649 Apostolo

330 3661 426 3712 Domini
445 3670 468 3711 et
479 3663 607 3712 saluatoris
618 3663 695 3714 nostri
704 3664 722 3713 l.
730 3663 766 3724 G,
777 3665 817 3728 qui
828 3674 933 3726 rocetos,
943 3666 1034 3716 electus
1045 3675 1069 3717 et
1078 3677 1217 3731 segregatus
1226 3674 1263 3718 est
1273 3668 1302 3718 ed
1311 3669 1514 3732 praedicationem
1525 3669 1618 3721 Sancti

330 3745 465 3808 Euangeliir
490 3746 560 3797 lectio
578 3746 702 3812 Epistolae
719 3749 748 3798 ll.
772 3748 854 3799 Oratio
864 3751 916 3799 eius
926 3757 949 3800 et
958 3750 1093 3802 benedictio
1104 3755 1135 3803 sit
1145 3753 1279 3804 nobiscnm.
1298 3753 1391 3817 Etpost
1400 3753 1529 3803 lectionem
1541 3753 1618 3806 Pauli

330 3831 452 3880 Diaconos
461 3830 538 3882 dicet:
557 3832 637 3882 Gratia
648 3833 735 3894 Putris,
754 3835 841 3884 ceritas
852 3834 905 3884 titii
915 3843 960 3885 eto.
979 3835 1065 3886 Sancte
1078 3837 1150 3887 Paule
1159 3836 1278 3902 apostole,
1296 3837 1360 3888 bone
1371 3839 1489 3898 minister,
1506 3849 1619 3892 senator

314 3972 317 3982 ,
330 3914 490 3976 infirmorum,
509 3916 623 3980 accepisti
634 3930 764 3968 seronem:
783 3933 825 3968 ore
837 3927 861 3970 ιι
872 3933 972 3983 precare
982 3935 1027 3984 pro
1038 3921 1108 3971 uobis
1122 3922 1252 3984 Christum,
1271 3930 1297 3972 ιιι
1307 3922 1382 3973 saliet
1393 3924 1486 3973 enimes
1500 3931 1617 3986 nostras,

330 4013 376 4063 per
393 3999 570 4050 multitudinem
589 4000 730 4052 clementiae
747 4004 852 4054 nominis
870 4005 907 4054 soi
926 4006 1010 4056 saneti.
1038 4005 1166 4056 Sacerdos.
1184 4007 1231 4056 l‘aa
1249 4007 1314 4057 robis
1333 4007 1453 4058 omnibns.
1480 4007 1551 4058 Tunc
1570 4023 1618 4060 re·

330 4085 390 4148 petit
407 4086 555 4136 orationem:
575 4086 641 4136 Deos
658 4095 742 4136 noster
759 4089 782 4138 in
800 4097 924 4140 aeternum
943 4099 988 4142 etc.
1023 4091 1142 4141 Sacerdos
1160 4093 1277 4142 assistens
1295 4100 1423 4157 antequam
1437 4091 1617 4158 legatnrApo·

330 4169 408 4218 stolus
426 4169 475 4219 sira
493 4169 600 4234 Epistula
620 4186 646 4220 er
659 4171 791 4222 Catholicis
815 4175 891 4224 dicet:
910 4175 974 4226 llaec
986 4182 1024 4226 est
1039 4175 1111 4226 lectio
1130 4174 1274 4241 eerlatola
1287 4176 1316 4226 lt.
1334 4176 1446 4241 discipuli
1464 4179 1618 4242 etApostoli

330 4251 426 4303 Domini
444 4261 489 4304 ιιι.
526 4256 607 4306 Orntiu
626 4262 649 4305 et
666 4255 801 4307 benedictio
820 4261 872 4308 eius
891 4261 923 4310 sit
940 4261 1074 4311 nobiscum.
1109 4262 1167 4311 l‘oat
1184 4261 1312 4312 lectionem
1331 4261 1469 4312 Cetbolicee
1487 4263 1617 4327 epistolae

329 4335 450 4387 Diaconos
475 4339 532 4389 dicit
552 4340 807 4402 lloenn.l‚lb-l'l.
843 4343 957 4408 Populus.
988 4345 1206 4406 Sanctolonius,
1229 4360 1277 4395 noa
1300 4347 1324 4395 in
1347 4345 1543 4398 substantiatus
1564 4358 1616 4402 etc.

329 4420 458 4472 Diaconos.
477 4423 573 4486 Surgitc
590 4425 620 4475 ad
638 4426 781 4476 orationem.
817 4427 944 4479 Sacerdos.
969 4429 1016 4480 Pes
1032 4431 1100 4480 robis
1118 4429 1239 4480 omoibua.
1274 4431 1391 4494 Populus.
1414 4433 1443 4482 lit
1460 4447 1526 4483 curu.
1564 4435 1617 4484 Se-

330 4505 424 4556 ceadus.
453 4508 554 4559 Domine
571 4509 636 4560 Deua
654 4519 745 4572 noster,
779 4513 819 4576 qui
838 4512 961 4577 Apostolis
979 4516 1026 4566 tois
1044 4515 1134 4566 sanetis
1152 4523 1197 4566 etc.
1233 4515 1354 4567 Sacerdos
1380 4516 1461 4567 adolet
1480 4517 1616 4570 incensum

329 4596 353 4638 et
370 4589 441 4640 dieta:
459 4591 633 4645 DomineDeos
652 4605 735 4647 noster
752 4605 796 4647 ete.
832 4603 888 4650 Acta
907 4600 1071 4650 ministrorum
1089 4601 1159 4650 istius
1175 4601 1372 4665 praedicationis,
1391 4601 1488 4652 Petrum
1507 4613 1617 4655 nostro·

328 4687 382 4726 rum
399 4675 579 4745 Apostolorum,
603 4695 720 4747 purorum
745 4690 768 4734 et
790 4683 865 4745 gratie
890 4683 1033 4748 plenorum,
1060 4685 1193 4738 electorum
1218 4694 1243 4738 et
1265 4687 1401 4749 iustorum,
1427 4686 1617 4740 cumulatorum
