3378 5302
917 404 988 480 164

311 587 540 692 σπλαγχνία,
584 587 641 665 ὅτι
668 588 723 666 ὀῦ
758 584 963 686 δυνάμεθα
998 579 1215 693 ῦπενεγκείν
1247 587 1314 664 διά
1348 589 1418 688 τὴν
1453 589 1601 688 πολλὴν

309 693 421 792 ἡμῶν
446 691 667 769 ἀσθένειαν·
695 689 790 766 ἀλλὰ
815 691 973 788 ποίησον
998 689 1072 768 σῦν
1095 700 1150 794 τῷ
1176 700 1371 792 πειρασμῷ
1396 689 1461 769 καὶ
1479 693 1600 792 ἔκβα-

311 819 386 892 σιν,
421 801 491 870 τοῦ
523 791 719 873 δύνασθαι
743 791 843 892 ἡμᾶς
867 792 1091 896 ὑπενεγκεῖν.
1144 793 1208 870 Σὺ
1230 792 1307 898 γὰρ
1333 792 1477 878 ἔδωκας
1501 793 1601 892 ἡμῖν

310 895 484 983 ἐξουσίαν
492 898 515 996 1)
542 901 674 972 πατεῖν
698 891 824 971 ἐπάνω
851 895 977 995 ὄφεων
996 895 1060 970 καὶ
1078 894 1281 996 σκορπίων,
1305 895 1372 972 καί
1387 895 1447 972 ἐπὶ
1464 903 1601 972 πᾶσαν

309 997 380 1096 τὴν
405 995 573 1093 δύναμιν
596 1005 666 1074 τοῦ
690 999 846 1096 ἐχθροῦ.
868 1005 1055 1101 Ἐκφιίνως.
1093 997 1194 1092 [Ότι
1219 1005 1290 1074 σοῦ
1314 995 1417 1074 ἐστὶν
1440 996 1601 1099 ἡβασι-

311 1099 391 1176 λεία
416 1099 481 1178 καὶ
503 1099 527 1198 ἡ
553 1096 743 1197 δύναμις]

872 1190 912 1264 Ὁ
940 1193 1033 1277 λαός.

382 1281 512 1383 Ἀμήν.

864 1377 903 1448 Ὅ
925 1376 1042 1471 ἱερεύς.

391 1473 481 1550 XIX.
514 1465 654 1568 Εἰρήνη
679 1476 806 1548 πᾶσιν.

841 1581 879 1651 ‘0
902 1579 1066 1665 διάκονος.

422 1685 497 1774 Τὰς
519 1687 684 1790 κεφαλὰς
707 1686 815 1786 ἡμῶν
840 1695 895 1786 τῷ
913 1687 1038 1784 Ἰησοῦ
1062 1685 1220 1764 κλίνατε.

334 1880 338 1890 ,
874 1814 914 1886 Ὁ
943 1817 1035 1900 λαός.

392 1907 456 1984 Σὺ
480 1902 595 2007 κύριε.

762 2000 803 2072 Ὁ
826 2001 933 2095 ίερεός
953 2004 1141 2090 ἐπεύχεται.

314 2129 318 2136 ’
392 2110 564 2185 Δέσποτα
588 2103 692 2206 κύριε
718 2105 738 2181 ὃ
767 2105 867 2198 θεάς,
895 2107 915 2182 ὅ
940 2105 1224 2208 παντοκράτωρ,
1252 2111 1273 2185 ὁ
1297 2107 1520 2208 καθήμενος·
1541 2113 1605 2190 ἐπὶ

314 2213 423 2310 ww)
454 2208 654 2310 χερουβίμ,
689 2206 753 2282 καὶ
786 2205 1033 2300 δοξαζόμενος
1057 2209 1132 2285 ὑπὸ
1158 2211 1268 2310 τῦνδ)
1296 2214 1477 2313 σεραφίμ·
1514 2213 1606 2302 ὃὲξ

315 2311 471 2390 ὑδάτων
497 2309 663 2410 οὐρανὸν
690 2304 885 2400 σκευάσας,
912 2310 976 2386 καὶ
1001 2317 1078 2396 τοῖς
1100 2320 1182 2400 ,τῶν
1203 2313 1374 2413 ἀστέρων
1386 2321 1515 2415 χοροῖς
1531 2346 1606 2392 κα-

315 2410 572 2512 τακοσμήσας·
607 2410 627 2486 ὃ
654 2415 696 2488 ἐν
720 2410 895 2510 ὑψίστοις
921 2410 1146 2510 ἀσωμάτους
1171 2415 1339 2520 ἀγγέλων
1366 2417 1608 2516 συστησάμε-

315 2546 385 2603 νος
414 2511 601 2616 στρατιάς,
635 2511 728 2613 πρὸς
753 2511 935 2600 ἀεννάους
960 2513 1192 2617 δοξολογίας·
1226 2517 1285 2592 σοὶ
1311 2517 1507 2618 ἐκλίναμεν
1530 2520 1607 2598 τὸν

317 2619 458 2714 αὐχένα
490 2625 570 2692 τῶν
601 2623 740 2715 ψυχῶν
771 2615 836 2692 καὶ
866 2625 946 2695 τῶν
977 2614 1168 2714 σωμάτων
1193 2617 1316 2716 ἡμῶν,
1349 2619 1483 2719 τὸτῆς
1508 2620 1607 2700 δου-

318 2719 417 2805 λείας
442 2716 640 2818 πρόσχημα
667 2716 922 2814 σημαίνοντες,
948 2718 1013 2794 καὶ
1036 2715 1206 2818 δεόμεθά
1232 2747 1314 2810 σου,
1344 2721 1412 2808 τάς
1438 2747 1608 2800 σκοτοει-

318 2820 394 2906 δεῖς
417 2830 484 2918 τῆς
509 2817 693 2919 ἁμαρτίας
720 2815 881 2919 ἐφόδους
905 2823 946 2896 ἐκ
971 2828 1035 2918 τῆς
1067 2820 1178 2919 ἡμῶν
1203 2821 1374 2908 διανοίας
1399 2824 1606 2918 ἀπέλαυον,

317 2924 381 2999 καί
406 2928 488 3006 ταῖς
510 2929 580 2996 τοῦ
605 2919 716 3023 ἀγίου
742 2945 811 2996 σου
837 2919 1047 3000 θεοείδεσιν
1072 2924 1206 3026 αῦγαῖς
1224 2921 1293 3000 τὸν
1309 2925 1488 3026 ἡμέτερον
1505 2937 1607 3005 νοῦν

317 3023 642 3124 καταφαίδρυνον,
678 3022 778 3106 ὅπως
807 3029 853 3120 τῇ
885 3021 1022 3126 γνώσει
1055 3048 1125 3100 σου
1158 3027 1450 3126 πληθυνόμενοι,
1488 3029 1608 3116 ἀξίως

319 3122 568 3225 μετάσχοιμεν
600 3131 679 3202 τῶν
711 3127 965 3224 προκειμένων
988 3125 1081 3223 ἡμῖν
1106 3127 1283 3232 ἀγαθῶν,
1314 3138 1383 3204 τοῦ
1409 3128 1607 3230 ἀχράντου

319 3224 505 3324 σώματος,
530 3225 686 3302 καὶτοῦ
712 3225 839 3324 τιμίου
865 3230 1022 3325 αἵματος
1049 3236 1118 3304 τοῦ
1142 3239 1370 3333 μονογενοῦς
1395 3255 1465 3306 σου
1498 3235 1607 3326 Υῑοῦ,

318 3336 387 3405 τοῦ
422 3327 569 3425 κυρίου,
606 3327 671 3403 καὶ
704 3332 801 3405 θεοῦ
835 3329 900 3405 καὶ
935 3338 1101 3426 σωτῆρος
1134 3330 1244 3429 ἡμῶν
1269 3333 1390 3429 Ἰησοῦ
1416 3337 1606 3430 Χριστοῦ,

321 3438 530 3531 συγχωρῶν
561 3427 654 3524 ἡμῖν
685 3438 763 3507 πᾶν
796 3430 894 3515 εἶδος
926 3431 1135 3530 ἁμαρτιῶν,
1173 3431 1237 3509 διά
1271 3434 1341 3534 τὴν
1364 3435 1514 3532 «πολλὴν
1537 3440 1608 3514 καὶ

321 3526 601 3626 ἀνεξιχνίαστόν
628 3553 697 3603 σου
724 3529 957 3632 ἀγαθάτητα,
980 3530 1107 3631 χάριτι
1131 3535 1194 3611 καὶ
1220 3540 1422 3636 οἰκτιρμοῖς
1446 3537 1511 3612 καὶ
1538 3569 1608 3640 φι-

319 3629 546 3730 λανθρωπίη
571 3637 640 3703 τοῦ
665 3641 892 3731 μονογενοῦς
918 3659 986 3708 σου
1020 3634 1116 3710 Υἶοῦ.
1155 3647 1338 3741 Ἒχφώνως,
1377 3637 1428 3713 δι’
1460 3633 1507 3716 οὗ
1538 3641 1608 3717 καὶ

320 3731 411 3828 μεθ’
451 3725 496 3806 οὗ
529 3730 589 3804 σοὶ
620 3729 644 3825 ἡ
677 3728 769 3816 δόξα
801 3732 865 3808 καὶ
897 3735 940 3809 τὸ
972 3732 1107 3834 κράτος
1142 3737 1215 3814 σὺν
1249 3747 1304 3838 τῷ
1337 3739 1513 3842 παναγίῳ
1538 3743 1608 3819 καὶ

318 3833 492 3930 ζωοποιῷ
518 3827 712 3927 πνεύματι.

871 3929 910 4001 Ὁ
933 3931 1047 4023 ἱερεύς.

399 4019 471 4093 XX.
504 4013 644 4116 Εἰρήνη
669 4029 794 4094 πᾶσιν.

337 4111 347 4126 ‘
843 4116 881 4186 ‘0
904 4116 1067 4200 διάκονος.

400 4203 513 4278 Μετὰ
540 4199 666 4302 φόβου
693 4205 830 4318 θεοῦά)

410 4337 680 4405 1)1·“ιι1ιιίο.ἰξουσίας.
753 4345 777 4406 2)
795 4345 882 4389 Fabric.
899 4338 954 4392 τόν.
1026 4345 1050 4408 8)
1069 4348 1156 4397 Fabric.
1175 4340 1294 4396 ὑπὸτοῦ.
1366 4348 1390 4410 4)
1407 4350 1501 4398 Nonius
1515 4355 1607 4412 supplet

323 4425 350 4459 ex
366 4413 449 4458 Iacobo
467 4408 629 4477 προσχῦμεν.

409 4580 467 4644 Cap.
485 4582 532 4632 XX.
568 4580 616 4630 lac.
633 4579 675 4630 40.
693 4578 735 4632 41.
770 4578 825 4628 Βοο.
843 4579 971 4632 Diaconos⁸
990 4581 1049 4633 Cum
1069 4589 1154 4634 ιιιοοτο
1171 4585 1222 4634 Deo
1240 4583 1400 4637 attendamus.
1434 4585 1547 4651 Populus
1566 4589 1606 4639 di·

323 4669 370 4712 οοι.
389 4661 454 4712 Unus
471 4661 542 4712 Pater
560 4669 666 4712 sanctus.
694 4663 738 4715 Ubi
756 4663 877 4715 Diaconus
896 4665 988 4716 dixerit.
1012 4667 1072 4718 Cum
1091 4668 1185 4732 ιίωοιε,
1205 4678 1249 4721 etc.
1275 4670 1391 4736 Populus.
1412 4669 1484 4736 Kyrie
1501 4673 1601 4724 εΙοίιοο
