3378 5302
927 421 975 496 tt

315 609 385 673 sirm
414 611 517 690 operis
545 608 708 672 secundem
736 616 893 688 congestus
922 617 953 670 et
973 607 1134 670 tunsurus
1156 607 1205 682 (ot
1227 605 1357 670 tabulam
1378 607 1518 690 Nealiil¹t
1538 611 1599 674 scd

317 711 456 774 omnibus
477 712 574 792 prima
596 709 730 773 lambuei
752 707 842 771 ollicii
864 727 947 789 pars,
968 727 1042 789 queo
1065 725 1178 786 usquae
1198 707 1235 770 ad
1256 709 1392 772 osculum
1413 710 1495 790 pecie
1518 730 1597 793 pcr-

315 812 442 888 dunitur,
470 811 593 876 inservit
619 821 650 874 et
676 811 790 891 reliqua
815 809 919 874 itidem
940 810 977 873 ad
998 808 1138 872 Iacobum
1159 808 1191 870 in
1211 809 1350 889 menimis
1369 814 1598 875 acommodata

315 921 395 977 sunt.
425 913 478 976 Vis
501 914 659 994 quidquem
683 912 814 975 occurrit
834 911 914 992 quod
935 911 972 974 ad
995 927 1115 972 errores
1138 917 1237 972 accim
1264 913 1405 992 proprios
1433 912 1597 977 insinuan-

316 1015 373 1076 dos
408 1016 566 1096 pertineat
610 1013 797 1077 Testimonio
832 1023 880 1075 est
909 1013 1060 1092 Liturgiae
1096 1010 1271 1076 lambitione
1302 1023 1498 1094 momentus·
1514 1016 1597 1096 apud

315 1115 522 1178 llanaldotinm
538 1117 574 1178 ll.
596 1116 616 1178 l.
632 1135 658 1178 o.
680 1133 711 1196 p.
724 1114 803 1177 xvii
826 1115 1024 1195 „Praepnrsto
1047 1113 1141 1186 alteri,
1163 1112 1309 1176 Sacerdos
1331 1113 1464 1186 dirorum
1486 1135 1599 1197 preces

315 1217 430 1290 recitat,
454 1235 537 1280 sacre
558 1217 734 1279 nocumenta
752 1215 860 1288 induit,
882 1225 913 1278 et
934 1215 973 1277 its
995 1213 1031 1278 ad
1054 1213 1256 1276 sanctuarium
1277 1216 1479 1294 progreditur.
1499 1217 1596 1282 Penis

315 1319 537 1382 Eucharisticus
565 1337 632 1380 cum
659 1316 760 1390 calice,
789 1315 977 1391 nPnotinesi‚
1004 1315 1055 1378 uhi
1084 1314 1183 1378 stetim
1213 1314 1403 1390 collocantur,
1432 1319 1469 1381 sd
1501 1319 1597 1382 altare

318 1420 501 1493 deteruntur,
529 1419 631 1481 eadem
653 1437 749 1499 prope
771 1417 898 1491 mtione,
926 1435 984 1498 qua
1005 1417 1038 1479 iit
1059 1416 1136 1496 apud
1159 1416 1289 1478 Graecos
1311 1435 1449 1500 mperes,
1483 1427 1517 1481 ut
1537 1439 1598 1482 ro-

318 1521 569 1594 osntlsrtroitss.
598 1520 739 1582 Miscetur
760 1537 836 1598 aque
856 1518 966 1592 vinum,
987 1537 1025 1580 eu
1039 1515 1237 1580 uetustissima
1251 1517 1424 1581 traditione:
1447 1519 1525 1582 dona
1542 1521 1598 1585 ubi

318 1623 356 1684 ad
383 1623 474 1684 altare
501 1621 578 1684 illota
601 1628 681 1694 sunt,
710 1619 819 1700 duplici
841 1619 918 1692 nelo,
945 1617 1052 1680 maiori
1073 1626 1103 1680 et
1124 1619 1233 1680 minori
1255 1628 1405 1699 teguntur,
1436 1631 1467 1684 et
1487 1622 1597 1685 inocu-

318 1732 432 1787 eentur.
476 1723 618 1786 Dicuntur
638 1721 752 1784 interea
774 1721 872 1792 uariae
894 1721 1057 1794 orationes,
1080 1719 1258 1801 Trissgium,
1281 1721 1382 1784 Gloria
1402 1723 1433 1784 in
1449 1723 1598 1794 excelsis:

182 1871 209 1916 ·.
318 1825 428 1888 Psalmi
459 1824 587 1904 aliquot:
616 1822 724 1903 llymni
750 1822 862 1884 diuersi
884 1821 1047 1884 secundum
1069 1822 1145 1895 dies,
1173 1823 1302 1884 carmine
1323 1823 1525 1903 ephronitico
1549 1827 1599 1889 rel

317 1926 493 1988 leoobitico:
522 1924 689 1987 Prooemia.
732 1924 848 1986 Beinde
875 1923 1014 2004 leguntur
1041 1923 1192 1986 sectiones
1219 1941 1254 1986 en
1276 1923 1419 2004 Epistolis
1439 1925 1535 2000 Pauli,
1565 1937 1600 1990 et

318 2027 489 2100 Catholicis,
511 2025 668 2105 aliquando
689 2045 727 2088 eu
747 2025 834 2096 dentis,
849 2025 1062 2104 Apostolorum
1085 2035 1116 2085 et
1135 2024 1279 2088 enisuri
1289 2025 1491 2100 Testamenta,
1514 2029 1599 2090 iuxta

320 2130 432 2192 indices
462 2126 512 2206 qui
542 2127 687 2189 trahentur
713 2126 745 2188 in
774 2125 917 2204 singulari
944 2125 1056 2198 codice,
1085 2127 1282 2205 nequeenim
1304 2127 1435 2206 utapud
1457 2127 1598 2204 Latinos,

318 2229 478 2292 Lectimm
499 2227 583 2288 libris
604 2225 773 2288 llissolibus
795 2226 979 2301 inseruntur,
1001 2227 1055 2288 sed
1076 2234 1219 2306 petuntur
1240 2227 1497 2304 enhefflmnuriis,
1520 2246 1601 2310 quae

320 2331 398 2412 apud
420 2330 523 2409 Syros,
546 2335 577 2390 ct
597 2327 730 2406 reliquos
753 2326 920 2390 Orientnles
940 2327 1096 2400 habentur,
1123 2335 1157 2390 ut
1177 2327 1255 2408 apud
1278 2328 1408 2390 Graccus
1425 2320 1600 2396 unome-

318 2425 545 2515 tomayyttne.
588 2429 708 2502 Preces,
736 2428 1019 2509 benedictinumque
1046 2428 1227 2501 Sacerdotis,
1258 2427 1445 2492 hortationes
1471 2431 1599 2496 [liaconi

320 2533 358 2596 ad
379 2531 531 2614 populum,
555 2530 680 2609 singulis
701 2529 879 2592 lectionibus
902 2530 1100 2610 aditmguntur
1121 2539 1151 2591 et
1172 2530 1277 2592 eodem
1299 2538 1413 2605 tenore,
1440 2541 1528 2595 antea
1550 2535 1598 2596 sel

318 2634 407 2717 pensio
429 2641 501 2714 post
521 2632 659 2694 dicuntur
680 2632 833 2694 orationes
848 2624 1030 2718 Εἰρηνικαί,
1053 2630 1115 2694 sive
1136 2649 1192 2710 pro
1214 2649 1296 2711 pace,
1318 2640 1348 2693 et
1361 2631 1428 2694 eliis
1442 2632 1601 2699 heaefidis

321 2751 398 2816 quae
418 2754 435 2797 a
456 2735 518 2798 Deo
540 2734 737 2815 postulentur,
764 2741 925 2813 praeeunte
945 2733 1093 2795 Diacono:
1122 2731 1283 2794 Sacerdote
1310 2743 1453 2796 secretum
1477 2738 1600 2800 oratio-

322 2855 392 2900 nem
413 2838 524 2898 interea
545 2833 770 2914 pronunciante,
793 2841 822 2896 et
842 2833 953 2914 populo
976 2833 1153 2896 acclamante
1175 2833 1269 2913 Kyrie
1291 2834 1411 2898 eleison.
1456 2836 1599 2918 Scriptu-

319 2955 418 3000 rsrum
439 2936 525 2998 lectio
548 2935 581 2996 lit
601 2935 731 3016 primum
753 2934 886 3014 Syriaco:
910 2942 939 2996 et
960 2943 1066 3014 postea
1086 2934 1219 3010 Arabico,
1242 2953 1316 3016 quae
1338 2935 1438 3016 lingua
1460 2947 1509 3000 est
1531 2959 1600 3002 ma-

319 3037 415 3104 ximae
442 3035 533 3118 partis
557 3036 688 3099 Orientis
716 3036 882 3098 vernacula.
925 3035 979 3098 llis
1006 3036 1133 3116 peractis
1163 3036 1276 3098 canitur
1297 3037 1417 3117 Syriaco
1445 3043 1600 3122 apopulo

322 3139 484 3204 Niceennm
507 3137 694 3218 Symbolum:
723 3137 871 3200 Sscerdos
891 3155 998 3200 monus
1019 3137 1108 3199 lavat:
1136 3139 1322 3200 commendat
1343 3158 1377 3201 se
1397 3141 1601 3218 droumstnn3

409 3411 434 3472 l)
458 3409 673 3461 Bessldatias
691 3411 721 3461 ll.
739 3409 865 3474 plllllll
887 3409 973 3460 Stetim
997 3409 1125 3475 unicuique
1148 3410 1171 3460 in
1195 3417 1300 3460 mentem
1322 3410 1408 3471 veniet,
1433 3425 1479 3476 qus
1504 3415 1602 3465 ratione

322 3497 412 3546 laetum
436 3496 477 3554 sit,
500 3501 527 3544 ut
548 3500 584 3544 tot
606 3495 671 3559 epod
688 3493 762 3558 Syros
779 3494 898 3544 leeotitss
916 3501 1004 3554 essent,
1023 3507 1077 3544 cnm
1094 3494 1228 3544 Nestorisri
1246 3503 1296 3544 tres
1313 3493 1442 3545 admodum
1461 3497 1601 3549 lambent:

322 3579 432 3643 Coptitae
456 3579 496 3642 qni
524 3579 594 3627 etiem
620 3577 739 3628 lecobitse
766 3585 831 3638 sunt,
855 3591 903 3627 non
927 3577 1026 3640 plures:
1051 3579 1095 3628 etsi
1113 3577 1265 3643 Aethiopicae
1284 3577 1410 3629 umeeetn
1428 3591 1598 3634 numerentur.

322 3663 399 3713 liuius
417 3661 577 3723 liturgiarum
601 3663 660 3712 tanti
683 3661 777 3712 numeri
801 3660 863 3711 ratio
885 3661 954 3712 reddi
979 3661 1045 3712 nelis
1063 3669 1143 3726 potest
1161 3663 1207 3712 nisi
1225 3677 1253 3712 er
1272 3663 1423 3714 coniecturis
1458 3664 1513 3716 llos
1532 3667 1600 3718 enim

322 3759 352 3797 es
373 3747 452 3809 gentis
477 3747 555 3808 neuin,
580 3747 751 3811 eminentiore
773 3747 852 3811 patria
876 3745 957 3808 lingue
981 3745 1104 3808 lucilitste,
1128 3755 1198 3798 ustae
1215 3755 1272 3798 sunt
1288 3755 1324 3798 tot
1341 3749 1449 3798 dirersse
1466 3749 1601 3814 Litoreise,

323 3845 378 3882 anm
396 3829 533 3880 Nestorisni
550 3830 602 3894 Syri
627 3838 718 3893 essert,
742 3837 766 3881 st
788 3830 883 3893 lingone
900 3843 960 3880 esse
977 3830 1163 3881 studiosissimi:
1187 3845 1265 3898 neque
1283 3831 1414 3884 Orthedou
1433 3833 1506 3884 elium
1525 3849 1601 3900 queis

323 3915 405 3966 iacobi
422 3915 553 3977 liturgiam
570 3915 695 3966 sidesntur
712 3915 845 3978 spreuisse.
871 3915 937 3966 Solis
955 3913 979 3966 id
997 3917 1110 3966 leontius
1128 3915 1235 3980 contigit,
1253 3924 1278 3967 ot
1295 3924 1331 3967 tet
1348 3917 1453 3968 diverses
1472 3919 1601 3971 heberent.

322 4025 355 4040 ···
374 4001 440 4052 luter
456 3998 530 4064 Syros
554 3999 610 4050 ilios
634 3999 691 4066 plus
714 4001 837 4050 doctrines
860 3999 1043 4051 Ecclesisstieee
1067 4001 1119 4062 init,
1143 4013 1214 4066 qnam
1239 4001 1302 4065 apud
1326 4001 1395 4062 silos,
1422 4003 1487 4065 qnod
1510 4017 1599 4055 omnes

322 4099 401 4150 prope
419 4083 474 4134 libri
492 4083 535 4134 SS.
554 4083 650 4134 Patrem
667 4084 766 4149 Syrisos
782 4083 902 4135 hebebant
918 4085 1097 4150 interpretston,
1116 4093 1186 4150 sique
1204 4099 1232 4136 es
1250 4085 1299 4136 illis
1315 4087 1466 4136 senioribus
1480 4086 1601 4139 Arabiane

322 4183 402 4235 prope
425 4180 510 4219 omnes
532 4167 681 4232 prodierunt.
715 4169 799 4235 ltsqne
815 4171 836 4219 si
854 4169 928 4234 Syros
946 4183 1000 4222 eum
1018 4170 1072 4219 silis
1089 4169 1201 4220 lseotsitis
1217 4169 1336 4234 Aegyptiis
1354 4184 1535 4234 comparemus,
1560 4171 1601 4224 istl

324 4254 460 4303 eruditione
483 4262 507 4304 et
531 4253 653 4304 seniendi
677 4253 790 4304 lacuitrte
813 4253 886 4316 longe
907 4255 1048 4318 superiores
1067 4262 1237 4315 agnoscuntur.
1273 4255 1339 4306 Unde
1356 4255 1446 4306 dudem
1464 4265 1598 4323 postquem

324 4337 420 4402 Syrisce
439 4338 519 4401 lingue
536 4337 639 4400 vulgaris
657 4352 711 4388 esse
729 4337 808 4399 desiit,
822 4337 898 4388 mults
916 4339 1008 4388 erudite
1026 4344 1049 4388 et
1066 4337 1189 4401 eleganter
1206 4340 1363 4404 seripserunt,
1382 4341 1446 4406 qood
1465 4341 1598 4406 Copticea

323 4421 420 4472 neruine
436 4429 552 4474 senutnns
571 4430 616 4482 est,
634 4435 688 4475 euro
705 4423 775 4488 pauci
794 4435 848 4472 etro
865 4422 970 4486 lingusm
989 4423 1163 4485 intelligerem:
1182 4430 1206 4473 et
1221 4433 1318 4489 prester
1327 4427 1383 4475 leta
1402 4433 1425 4475 et
1436 4425 1599 4476 instrumente

324 4503 504 4566 Petrisrclnslit,
522 4507 580 4556 uiuit
599 4505 624 4556 io
642 4521 669 4556 es
687 4506 841 4557 scriberetur.
876 4507 943 4572 Syris
960 4507 1032 4569 igitur
1049 4509 1120 4558 laclle
1138 4508 1183 4558 luit
1195 4509 1280 4559 Oliicis
1298 4521 1357 4560 noes
1375 4509 1490 4572 serium-e,
1511 4525 1599 4576 ensu-

324 4589 360 4640 ris
379 4589 458 4651 lingua
476 4590 580 4652 suissuis
597 4605 651 4641 esse
669 4592 759 4642 dudum
778 4591 916 4641 desinisset:
940 4591 994 4641 sliis
1012 4605 1060 4641 non
1078 4593 1143 4642 item.
1179 4593 1237 4644 luds
1253 4595 1343 4645 lectum
1361 4602 1386 4644 nt
1402 4594 1502 4646 illorum
1522 4595 1602 4646 multe

322 4673 404 4738 plora,
422 4688 493 4738 qoem
512 4675 661 4740 reliquorum
680 4676 871 4728 Christianorum
889 4676 1046 4730 Orientalium
1065 4677 1150 4728 Omeis
1167 4677 1308 4730 humantur.
