3394 5308
483 475 487 482 .
566 441 591 483 'e
635 455 666 486 a·
711 398 764 480 w
846 442 850 450 ’

199 532 205 543 ι
486 492 507 527 n
535 536 548 556 ι’
575 527 581 540 ο
660 553 665 565 .
771 495 775 508 l

106 590 221 654 omuino
252 587 477 657 ali·ueuuullis
512 589 581 654 uiris
621 591 717 660 doetis
753 591 789 654 ad
827 611 913 659 suam
946 593 1123 658 sententiam
1155 591 1374 675 quodammodo

106 699 280 758 contortum.
324 680 613 765 nemuspatrium,
646 705 736 776 saepe
768 693 846 773 apud
867 693 1008 761 Basiliam
1036 688 1174 781 ἄγραφα
1194 695 1263 770 diei,
1295 695 1375 778 quod

104 811 159 856 oon
180 801 283 858 extem
303 793 478 856 nominatim
501 794 531 856 in
553 794 724 874 seripturis:
747 795 875 858 sortasse
897 794 970 859 nihil
991 790 1070 860 aliud
1092 797 1185 873 uoluit
1197 798 1378 865 Caesareum

104 893 206 968 tumen,
229 895 291 957 uisi
313 905 346 958 ut
367 891 660 978 πνευματομάχους
681 896 768 958 etiam
783 895 1148 973 formulineuoharistinie,
1171 899 1249 964 seori
1264 898 1375 964 codicis

103 995 188 1058 lituis
210 993 290 1058 haud
314 995 471 1072 mandatis,
493 997 666 1060 centaurea.
709 996 795 1064 Patet
816 1006 925 1072 umen,
947 979 1026 1080 quod
1047 1009 1212 1063 memoratu
1234 997 1375 1082 dignissi-

105 1115 176 1160 mum
209 1103 270 1174 ent,
304 1097 488 1162 Basiliam
520 1097 727 1178 ignorasse
757 1099 940 1179 liturgias
972 1097 1022 1162 ab·
1047 1099 1145 1181 ipsis
1171 1097 1375 1182 Apostolis

104 1199 356 1278 conscriptae.
399 1199 560 1280 Nequeei
583 1200 713 1280 apostoli
734 1209 826 1263 statas
849 1201 990 1284 quandam
1012 1201 1154 1265 formulas
1178 1201 1375 1267 condiderunt
1490 1221 1498 1238 ·

105 1298 312 1362 eumeristicas
341 1299 435 1381 (quod
461 1299 596 1380 proximo
625 1300 660 1362 ad
682 1308 786 1364 terum
808 1301 948 1366 nooedere
969 1301 1262 1382 demonstravimus),
1294 1311 1375 1368 rente

104 1397 295 1475 oooeluditur',
323 1419 386 1466 nou
407 1400 501 1465 literis
518 1401 572 1463 sed
587 1404 750 1466 memoriae
763 1399 996 1486 eturogotlooee
1010 1398 1061 1466 eas
1078 1403 1199 1468 traditas
1215 1421 1294 1480 ense.
1315 1407 1374 1466 Ac-

104 1509 254 1564 cesserant
277 1503 384 1566 canoni
405 1501 570 1582 apostolico
593 1504 743 1577 orationes
765 1523 929 1592 armenes,
951 1503 988 1568 ab
1003 1503 1207 1586 apostolerum
1222 1504 1391 1586 discipulis.

103 1603 140 1664 ut
161 1603 315 1685 episeopis
337 1603 460 1684 aliisque
481 1606 680 1691 compositam
702 1615 732 1667 at
750 1598 830 1670 eavit
858 1604 999 1670 eeclesiae
1016 1593 1217 1691 ,cousuetudo
1234 1614 1264 1670 et
1285 1613 1373 1686 post·
1464 1661 1470 1670 .

102 1703 151 1766 lae
185 1703 346 1786 disciplina
374 1720 489 1780 areana,
521 1724 560 1766 ne
583 1703 787 1786 evulgarentur
808 1708 927 1788 seriptis
949 1707 1158 1772 voluminibus.
1201 1705 1275 1770 Nam
1296 1705 1376 1788 quod

103 1815 241 1869 verentur
261 1807 522 1870 Assemannus
551 1805 866 1884 etlliuterimiue‚
897 1824 937 1872 ne
967 1808 1176 1922 sacerdotes
1167 1827 1198 1871 1n
1218 1807 1376 1872 recitanda

103 1909 189 1972 missa
219 1908 395 1972 mementote
417 1907 589 1982 vacillarint‚
616 1927 669 1970 eon
691 1927 795 1990 parum
818 1917 994 1984 commovet,
1024 1909 1075 1989 qui
1095 1925 1196 1970 rerum
1216 1926 1377 1994 puppem

103 2009 163 2074 nair
184 2008 361 2090 peritiores,
384 2009 502 2074 diverso
525 2009 739 2072 soeculorum
731 2009 849 2090 ingenio
872 2009 1039 2084 aestimato,
1060 2009 1155 2090 probe
1176 2010 1283 2084 solunt,
1306 2008 1376 2088 opud

104 2111 195 2174 valeat
224 2112 384 2187 memoria,
416 2111 486 2190 quid
516 2112 594 2174 terre
614 2119 742 2174 recuset.
786 2109 852 2172 Et'
844 2130 909 2191 ipsa
931 2130 1018 2190 quam
1041 2110 1194 2191 impugnat
1213 2110 1374 2174 asseman-

103 2231 168 2286 nuo,
200 2211 360 2274 Iustiniani
382 2211 496 2276 novella
518 2211 616 2288 donet,
649 2213 723 2276 adeo
744 2212 793 2275 illa
816 2221 921 2287 aetate,
944 2212 991 2279 cui
1012 2211 1092 2292 larga
1114 2220 1178 2276 erat
1198 2212 1376 2292 scriptarum

103 2315 286 2395 liturgiarum
307 2313 403 2393 eopia,
424 2313 602 2395 plurimis
623 2313 804 2395 presbyteris
816 2305 989 2388 memoriam
1006 2314 1101 2377 luisse
1115 2311 1257 2376 eodieem.
1289 2311 1376 2390 Quot

104 2404 208 2496 aperte
226 2425 386 2490 testantur,
409 2433 484 2496 quae
504 2405 606 2477 ua'rrat
628 2415 789 2496 Gregorius
812 2415 874 2478 Tur
894 2415 926 2478 iu
947 2415 1137 2478 aleaume.
1159 2418 1190 2491 2,
1206 2415 1263 2479 22:
1285 2411 1377 2476 Sido-

105 2522 171 2580 an'nr
190 2515 392 2598 Apollinaris,
416 2517 517 2582 oiloto
538 2517 597 2580 aiii
616 2522 754 2599 urgetur
776 2516 887 2591 libello,
906 2535 967 2600 por
988 2536 1073 2600 poem
1094 2525 1292 2580 noeroroueto
1312 2513 1376 2576 eol·

106 2619 210 2682 lrauu'o
238 2637 328 2699 ugerae
357 2629 564 2697 praeuenerat,
596 2624 642 2684 ito
666 2629 799 2701 porotaon
827 2639 847 2682 o
873 2630 1009 2700 tempore
1036 2627 1176 2698 nunctum
1196 2617 1375 2698 festivitatis

106 2741 176 2804 opus
204 2720 354 2804 enph‘cnit
378 2733 415 2788 at
443 2722 479 2784 ob
502 2722 639 2787 omnlino
661 2725 840 2786 nu'roretur.
883 2719 977 2782 Immo
999 2737 1060 2780 non
1082 2719 1196 2794 dubito,
1224 2717 1295 2798 quin
1316 2716 1375 2779 ho-

104 2823 204 2886 dierno
236 2841 309 2885 aevo
332 2819 380 2884 eui
401 2828 464 2885 arto
491 2821 701 2902 typoffiaphioa
731 2821 850 2886 inventa
881 2821 982 2901 segnis
1004 2830 1051 2884 est
1072 2828 1102 2884 et
1121 2820 1200 2884 lenta
1220 2816 1376 2892 memoria,

105 2925 183 2988 multi
206 2924 379 2988 sacerdotes
400 2921 526 2984 Romani
548 2922 698 2985 Canonem
716 2907 825 2984 llissae
846 2922 1020 2986 memoriter
1041 2929 1170 2995 teneant,
1192 2920 1250 2984 etsi
1271 2919 1375 2982 lauda·

105 3027 153 3090 bili
172 3037 204 3090 et
225 3024 390 3090 verecunda
414 3023 525 3102 cautela
546 3024 705 3087 admovere
726 3024 825 3087 solent
840 3022 933 3086 oeulis
948 3023 1056 3086 librum
1069 3021 1253 3088 missaticum
1268 3020 1314 3083 vel
1329 3028 1375 3082 ta-

107 3129 195 3204 bulas,
219 3129 251 3190 in
273 3145 360 3190 usum
382 3123 507 3188 labantis
531 3126 692 3188 memoriae
713 3126 895 3208 propositas.
905 3126 926 3203 ¹)
1367 3188 1382 3217 „k

184 3232 323 3292 alumen
345 3245 436 3292 mum
459 3236 522 3290 erat
543 3226 657 3290 divinae
677 3226 813 3307 liturgiae
834 3221 1024 3310 regularior,
1047 3225 1128 3306 quod
1142 3222 1216 3286 alios
1231 3229 1376 3302 expostu-

106 3331 178 3394 labat
204 3331 287 3410 leges
316 3349 351 3392 ae
378 3347 494 3392 mores:
516 3327 741 3409 Deprecatiouis
763 3323 1022 3407 perlatusque
1044 3310 1190 3386 nimirum
1205 3321 1377 3386 continebat

107 3435 237 3496 virorum
259 3441 290 3494 et
310 3431 517 3494 defunctorum
538 3430 659 3492 uomina
681 3447 716 3492 ae
736 3447 852 3510 preces,
874 3437 906 3492 ut
927 3427 1052 3490 barbara
1074 3428 1146 3488 vo'ee
1171 3432 1246 3498 utar,
1269 3436 1374 3486 casua-

107 3535 155 3596 les.
193 3533 277 3596 Ordo
299 3531 422 3607 missae,
443 3531 612 3600 anulinus
635 3539 665 3596 et
686 3530 811 3606 nubilis,
833 3529 965 3592 variabat
985 3529 1015 3592 in
1036 3527 1094 3590 hoe
1114 3525 1375 3590 commemoratio-

107 3657 173 3700 num
194 3635 289 3717 eapite
311 3638 406 3716 prout
419 3619 582 3698 fluctuabat
601 3632 840 3714 deprecationum
862 3631 1001 3694 materies
1024 3639 1055 3692 et
1068 3629 1191 3692 eandem
1207 3627 1245 3689 ob
1260 3641 1378 3690 eausam

108 3737 310 3802 incommodus
340 3747 406 3800 erat
433 3735 604 3800 memoriae.
648 3734 724 3798 Hine
752 3733 836 3796 fluxit
857 3733 976 3814 opinor,
1005 3731 1152 3796 sacerdoti
1173 3749 1228 3810 pro
1252 3728 1324 3791 rivis
1347 3730 1377 3790 'et

188 3995 212 4052 ll
235 3993 286 4051 Nee
311 3991 552 4057 praetermittendum
577 3997 622 4050 est,
648 3989 763 4054 plurimas
783 3989 905 4051 liturgionn
924 4001 1008 4052 preces
1026 3987 1161 4050 scripturae
1178 3999 1262 4034 noerae
1279 3981 1377 4032 uocibus

108 4079 176 4130 trinae
193 4086 319 4129 contextas
338 4077 427 4126 lione
445 4077 491 4127 le.
510 4077 593 4142 pio:
620 4075 704 4136 „liam
729 4074 771 4124 dan
789 4075 855 4125 Alton
877 4074 921 4124 der
938 4071 1134 4124 vertuderliehen
1154 4070 1244 4122 (lebete
1261 4067 1376 4118 erwieneu

109 4163 205 4222 mem,
228 4177 259 4212 no
283 4164 326 4213 het
351 4175 406 4212 nunu
431 4161 500 4212 einen
524 4160 700 4224 tohaltepuntt
725 4159 762 4209 tir
786 4159 832 4208 dan
846 4157 913 4209 Alter
930 4159 973 4208 dee
991 4157 1096 4220 Karous,
1120 4155 1172 4206 weil
1191 4168 1217 4204 er
1235 4166 1277 4205 ror
1294 4150 1376 4205 diesen

109 4245 228 4314 Zeitpunltt
251 4246 409 4309 aarnrlgeht.
445 4245 478 4296 lla
501 4246 540 4298 die
564 4242 768 4296 Sohlunniormeln
798 4242 912 4294 arelatens
935 4241 1039 4292 biblisnh
1063 4240 1134 4300 siud,
1156 4236 1309 4300 dengleiehen
1334 4236 1377 4286 das

108 4331 203 4387 §romu
222 4331 272 4382 and
292 4331 447 4390 laterunner,
466 4345 494 4380 so
512 4329 574 4394 lolgt
591 4330 687 4380 hiereos
705 4339 749 4377 ron
768 4327 853 4390 uellent,
872 4326 928 4376 dans
946 4325 1006 4376 auch
1025 4324 1068 4374 der
1086 4323 1167 4374 lanua
1186 4321 1225 4372 die
1243 4319 1377 4370 bihllsoluen

109 4415 182 4468 llario
204 4417 333 4469 enthelten
359 4415 408 4474 hat,
433 4413 535 4466 uolones
559 4413 627 4464 larino
652 4411 741 4462 rudera
766 4411 818 4461 sein
842 4411 947 4461 ineuntem
973 4409 1009 4459 als
1027 4409 1065 4458 dio
1083 4407 1315 4467 Eionetnaugeworte
1334 4403 1377 4452 eles

106 4501 271 4556 inanimalia.
310 4501 379 4555 Deua
398 4499 510 4562 gerndo
504 4513 536 4552 rm
546 4497 681 4548 Bibliselreu
701 4495 740 4559 lat
756 4495 800 4546 dnn
812 4493 1028 4546 Uorertnrlerliehe
1046 4489 1247 4541 elieserl'onmelu
1267 4487 1314 4539 nal
1328 4489 1375 4538 Ge-

107 4585 161 4648 lae,
188 4589 276 4638 ‹iarnrn
304 4580 386 4636 lernte
413 4583 449 4635 rio
473 4584 541 4648 jeder
565 4583 669 4634 Priestor
695 4579 833 4644 annuendig
859 4579 910 4631 nol
937 4593 991 4630 mnu
1016 4575 1132 4628 braunate
1155 4576 1191 4631 tin
1210 4573 1276 4636 nieht
1293 4573 1381 4624 onina

105 4671 252 4725 sureituw
