3378 5302
693 435 765 508 155

91 615 158 692 τὸν
182 611 424 714 προςήλυιον,
449 614 501 692 δι’
529 614 629 713 ἡμᾶς
651 613 796 702 πάντας
814 616 902 702 τούς
918 616 1131 710 ἐλπίζοντας
1147 618 1263 694 ἐπὶ
1223 647 1276 711 σε,
1302 623 1366 699 καὶ

92 717 403 815 ἐπικαλουμένους
433 717 476 793 τὸ
511 716 632 814 ὄνομά
659 743 728 800 σου
753 718 796 794 τὸ
873 747 941 794 ιον.
997 721 1045 798 οί
1068 720 1143 824 γάρ
1170 722 1367 851 ὀφθαλμοί

92 820 243 896 πάντων
270 824 323 903 είς
348 819 387 894 σὲ
413 815 637 911 ἐλπίζουσιν,
670 820 733 896 καί
759 819 808 895 σύ
792 745 1011 905 ⁰666
972 851 1042 920 την
1065 822 1211 954 τροφὴν
1237 825 1365 903 αὐτῶν

92 924 130 996 ίν
154 920 353 1049 εὐκαιρίᾳ.
358 919 402 998 O
426 919 557 1006 διδους
580 923 736 1048 τροφὴν
750 919 850 1018 πάσῃ
871 921 1013 1054 ραρκί,
1025 921 1221 1025 πλήρωσον
1243 936 1365 1027 χαρᾶς

92 1023 151 1097 καί
182 1018 420 1150 εὐφροσύνης
443 1021 511 1109 τὰς
534 1021 736 1152 καρδίρς“
715 1031 837 1122 ημῶν,
871 1025 935 1100 ἵνα
960 1022 1118 1154 πρίντοτε
1143 1035 1270 1105 πᾶσαν
1296 1029 1366 1106 αὐ-

90 1121 264 1221 τάρκειαν
304 1124 448 1220 ἔχοντες
487 1121 762 1252 περισσεύωμεν
794 1130 844 1210 είς
876 1132 952 1201 πᾶν
983 1127 1094 1230 ἔργον
1125 1127 1290 1231 ἀγαθόν,
1323 1136 1365 1208 ἐν

91 1231 241 1355 Χριστῷ
260 1225 385 1322 Ἰησοῦ
410 1233 463 1324 τῷ
489 1225 608 1357 κυρίῳ
632 1225 752 1324 ἡμῶν.
781 1231 960 1320 [Βασιλεῦ
977 1257 1056 1304 των
1070 1229 1363 1360 βασιλευόντων,

91 1327 149 1402 καὶ
179 1326 288 1423 κύριε
319 1334 398 1402 τῶν
429 1326 692 1456 κυριευόντων,
724 1328 794 1426 τὴν
817 1327 1013 1425 βασιλείαν
1037 1339 1105 1408 τοῦ
1129 1329 1267 1410 δούλου
1294 1359 1363 1410 σου

93 1437 154 1504 τοῦ
179 1426 399 1556 ὐρθοδόξου
423 1427 488 1504 καὶ
513 1427 799 1558 φιλοχρίστου
777 1437 887 1526 ημῶν
911 1431 1151 1528 βασιλέως,“
1132 1464 1177 1510 ον
1193 1432 1364 1510 ἐδικαίω-

93 1555 154 1656 σας
177 1526 395 1628 βασιλεύειν
420 1529 479 1604 ἐπὶ
503 1538 569 1659 της
592 1539 670 1706 γῆςέ
684 1533 725 1606 ἐν
750 1530 874 1630 ελρήνῃ
899 1561 961 1606 και
954 1531 1126 1662 ’ἀνδρίᾳ
1142 1564 1205 1611 και
1192 1535 1364 1612 δικαιο-

91 1629 189 1728 σύνη.
200 1633 271 1730 1)*
298 1631 342 1710 Ὁ
369 1631 463 1716 θεὸς
494 1629 621 1708 πάντα
654 1631 796 1731 ἐχθρὸν
827 1631 892 1708 καί
916 1633 1091 1731 πολέμιον
1116 1635 1298 1768 ἐμφύλιόν
1322 1666 1362 1714 τε

88 1733 145 1807 καί
171 1731 399 1862 ἀλλόφυλον.
426 1736 608 1864 ἐπιλαβοῦ
633 1731 748 1861 ὅπλρυ
773 1761 837 1807 και
825 1733 1065 1835 θυραίουβ)
1091 1767 1154 1814 και
1142 1735 1362 1837 ἀνάστηθι

89 1839 134 1920 είς
163 1835 237 1932 τὴν
270 1831 456 1962 βοήβειαν
482 1837 615 1926 αὐτοῦ,
650 1835 714 1910 καὶ
739 1837 866 1932 ἔκχεον
891 1837 1084 1966 ῥομφαίαν
1107 1839 1171 1915 καὶ
1174 1839 1363 1970 σύγκλει-

89 1961 151 2010 σον
182 1933 397 2022 ἐξεναντίας
427 1941 507 2014 ταίν
530 1933 843 2063 καταβιωκόντων
869 1935 995 2014 αὐτόν.
1041 1938 1319 2017 Επισκίασον’
1303 1941 1363 2018 επὶ

87 2067 150 2134 την
174 2037 345 2134 κεφαλὴν
367 2035 484 2112 αὐτου
469 2038 580 2117 '⁸6
558 2038 687 2168 ημέρᾳ
697 2038 876 2136 πολέμου·
902 2035 1069 2117 κάθισον
1084 2043 1184 2117 ἐκ
1126 2072 1203 2170 της
1221 2041 1363 2141 ὀσφύος

9 2203 10 2208 ,
87 2140 201 2214 αὐτοῦ
217 2138 437 2268 *67666‘
413 2136 506 2267 υπέρ
530 2145 598 2238 τῆς
622 2139 732 2244 ἁγίας
757 2166 826 2216 σου
850 2145 1053 2240 καθολικῆς
1075 2143 1139 2219 καὶ
1165 2146 1362 2220 ἀποστολι-

86 2245 147 2366 ρης
178 2240 374 2338 ἐκκλησίας
406 2239 468 2316 καί
501 2241 641 2327 παντὸς
672 2247 742 2316 τοῦ
775 2243 1014 2372 φιλοχρίστου
1047 2253 1160 2336 λαοῦ,
1201 2247 1266 2322 ἵνα
1297 2246 1361 2322 καί

86 2341 184 2438 ημεῖς
209 2345 252 2418 ἐν
278 2349 326 2439 τῇ
351 2339 571 2473 γαληνότητι
597 2344 714 2419 αὐτοῦ
739 2345 878 2473 ἤρεμον
903 2343 966 2420 καὶ
989 2343 1146 2442 ησύχιον
1170 2348 1260 2446 βίον
1276 2346 1362 2424 διά-

9 2487 10 2496 1
85 2472 221 2544 γωμεν,
248 2447 291 2519 ἐν
316 2441 416 2540 πάση
443 2443 612 2544 εὐσεβείᾳ
636 2445 699 2519 καὶ
726 2441 930 2543 σεμνότητι.
972 2450 1090 2524 Τιῦν
1074 2478 1115 2525 εν
1131 2448 1250 2580 πίρτει
1263 2455 1361 2549 Χρι-

86 2555 176 2619 στοῦ
204 2547 557 2642 προκεκοιμημένων
589 2545 758 2645 πατέρων
790 2576 829 2620 τε
854 2577 918 2621 και
906 2547 1186 2675 ἀδελφῶν
1143 2579 1212 2637 τας
1234 2551 1361 2652 φυχάς

86 2645 321 2735 ἀνάπαυσον,
353 2644 457 2748 κύριε
489 2648 510 2723 6
544 2647 678 2738 θεὸς”
657 2654 779 2744 ημῶν,
809 2647 999 2770 μνησθεὶς
1021 2657 1101 2727 τῶν
1126 2652 1191 2728 ἀπ’
1222 2659 1360 2740 αἰῶνος

85 2749 372 2874 nponaz6pwv,³)
398 2749 582 2850 πατέρων,
608 2755 861 2875 πατριαρχαίν,
888 2755 1103 2850 προφητῶν,
1127 2752 1358 2845 ἀποστόλων,

84 2847 301 2948 μαρτύρων,
329 2847 579 2978 ὃμολργητῶν,
606 2848 872 2940 ἐπισκόπων,
854 2851 981 2943 οσίων,
1017 2852 1186 2946 δικαίων,
1220 2855 1359 2942 παντὸς

84 2949 294 3046 πνεύματος
326 2953 367 3026 ἐν
399 2953 519 3027 πίστει
541 2956 713 3081 Χριστοῦ
737 2955 1041 3048 τετελειωμένων·
1075 2956 1138 3084 καὶ
1164 2949 1220 3033 ὦν
1245 2961 1287 3035 εν
1310 2963 1358 3056 τῇ

9 3065 10 3112 ἐ
86 3049 266 3180 σήμερον
279 3050 397 3152 ἡμέρᾳ
428 3053 498 3150 τὴν
531 3051 743 3150 ὑπόμνησιν
776 3053 1008 3152 ποιούμεθα,
1048 3057 1112 3132 καὶ
1143 3069 1215 3134 τοῦ
1246 3058 1357 3163 ἀγίου

9 3193 10 3240 3
84 3155 221 3248 πατρὸς
245 3151 357 3250 ἡμῶν
379 3153 550 3285 Μάρκου
573 3162 643 3230 τοῦ
668 3153 876 3231 ἀποστόλου
901 3155 965 3232 καὶ
991 3157 1264 3261 εὐαγγελιστοῦ,
1289 3171 1360 3237 τοῦ

83 3253 390 3340 ὑποδείξαντος
370 3262 462 3352 ημῖν
488 3254 580 3381 ὁδὸν
606 3255 798 3385 σωτηρίας.

154 3361 279 3452 Χαῖρε
305 3358 589 3456 κεχαριτωμένη,
624 3357 644 3432 6
671 3357 797 3486 κύριος
821 3357 915 3454 μετά
942 3384 1023 3449 σου,
1057 3359 1312 3489 εὐλογημένη
1308 3359 1356 3438 σύ

82 3461 119 3532 ἐν
144 3457 334 3560 γυναιξίν,
366 3459 429 3534 καὶ
433 3459 740 3587 εὐλογημινος”
722 3490 742 3534 υ
767 3459 906 3558 καρπὸς
931 3469 995 3559 τῆς
1019 3461 1158 3548 κοιλίας
1184 3488 1265 3554 σου,
1299 3462 1357 3538 ότι

82 3561 195 3644 ἔτεκες
213 3567 373 3690 σωτηρα
397 3569 476 3637 τῶν
500 3571 637 3661 φυγῶν
661 3561 781 3658 ἡμῶν
830 3573 1013 3690 Ἐκφώνως
1055 3563 1267 3665 Εξαιρὲῖως
1291 3574 1355 3665 τῆς

81 3660 281 3790 παναγίας,
308 3659 511 3756 ἀχράντου,
537 3663 718 3792 εὐλογη’
672 3693 780 3760 αενης
805 3661 1045 3762 δεσποίνης
1023 3673 1146 3763 ημῶν,
1171 3665 1354 3744 θεοτόκου

80 3763 140 3836 καὶ
168 3763 421 3862 ἀειπαρθένου
448 3763 633 3865 Μαρίας]

602 3927 640 3998 ‘0
663 3929 825 4012 διάκονος.

154 4011 270 4112 Κύριε
295 4012 508 4120 εὐλόγησαν.
729 4031 732 4044 ’

626 4131 697 4202 “0
687 4131 802 4220 ιερεύς.

147 4233 347 4333 Ὁκύριος
371 4234 557 4342 εὐλογήσει
584 4264 623 4312 σε
647 4246 693 4332 τῇ
720 4238 839 4312 αὐτοῦ
860 4233 998 4334 χάριτι,
1025 4245 1098 4312 νῦν
1121 4237 1184 4311 καί
1210 4237 1353 4312 ἀείκαὶ

80 4343 127 4421 εἰς
152 4338 240 4422 τούς
267 4343 408 4423 αλιῦνας
431 4347 510 4415 τῶν
537 4333 697 4413 αλαίνων.

150 4466 189 4538 ‘0
212 4465 427 4551 διάκονος
389 4498 432 4540 τα
455 4469 598 4555 δίπτυχα
619 4477 684 4537 τῶν
704 4469 956 4560 κεκοιμημένων.

164 4630 187 4690 1)
205 4631 299 4675 Nenlius
318 4633 420 4686 supplet:
440 4625 613 4694 διαφύλαξον,
632 4623 793 4686 ὐπόταξον’
781 4623 831 4676 υπύ
849 4623 910 4683 τούς
928 4621 1011 4679 πόδας
1029 4619 1109 4674 αίτοῖι
1128 4629 1155 4672 ολ
1169 4631 1222 4675 ολ
1271 4628 1353 4690 ηλι-

78 4697 131 4745 ime.
151 4699 241 4746 Νειλίιιε
261 4695 367 4765 θυρεοῦ
385 4703 508 4748 seeundum
526 4699 676 4759 Septuaginta,
747 4697 771 4760 3)
788 4699 892 4744 Nemus:
910 4688 1093 4764 προπατόρων.
