3314 5304
879 437 956 510 aet

281 625 364 688 eirca
393 641 503 688 annum
533 625 597 689 900
626 622 673 685 vel
694 623 758 688 800
785 623 1000 704 conscriptum.
1044 621 1136 685 'lacet
1163 621 1215 684 illa
1244 621 1418 686 membrana
1448 641 1563 686 nomen

281 726 487 806 Chrysostomi
509 723 541 786 in
563 724 659 805 prima
685 723 795 786 illusae
817 733 920 806 parte:
942 713 1158 788 commemorat
1179 723 1306 786 simulac
1327 724 1459 804 attigerit
1488 743 1562 788 ana-

281 827 419 910 phoram.
462 817 550 910 Εάχὴ
585 827 645 910 τῆς
671 823 898 910 προςκομιάῆς
923 827 984 890 τοῦ
1012 817 1108 909 άγλου
1133 817 1286 888 Ἰωάννου
1314 818 1564 910 Χρυσοστόμαυ

279 923 367 1010 μετὰ
387 922 426 992 τὸ
448 919 662 1012 άπστιθῆναι
681 921 724 989 τὰ
746 919 826 1009 άγισ
847 924 939 1010 δῶρα
961 922 997 990 ἕν
1016 929 1058 1014 τῇ
1076 919 1225 1012 τραπέζῃ
1238 920 1298 989 καὶ
1310 924 1489 1012 πληρῶσαι
1501 921 1565 990 τὸν

281 1025 364 1094 λαὸν
383 1024 441 1094 τὸν
460 1022 619 1112 μυστικὸν
638 1021 754 1110 liguros·
777 1020 883 1112 Κύριε
905 1020 924 1091 6
945 1024 1030 1105 θεὸς
1050 1022 1069 1094 6
1092 1019 1329 1110 παντοκράτωρ
1350 1023 1419 1090 κτλ.
1461 1026 1562 1089 Porro

280 1131 312 1193 in
335 1141 465 1194 mentem
487 1129 589 1192 veniat
610 1145 737 1192 necesse
759 1137 806 1192 est
826 1130 934 1209 ingens
956 1132 1094 1193 codicum
1116 1129 1245 1193 varietas
1268 1128 1299 1190 in
1321 1127 1441 1210 prima
1464 1127 1561 1190 officii

281 1243 375 1314 parte,
404 1231 441 1294 ah
470 1229 610 1294 omnibus
637 1229 853 1312 interpretibus
875 1231 916 1294 ita
939 1231 1108 1312 desperata,
1135 1240 1169 1293 ut
1200 1240 1274 1310 quot
1294 1229 1485 1310 exemplaria,
1515 1237 1564 1291 tot

280 1332 402 1394 codices
424 1349 493 1395 esse
514 1329 675 1414 conquesti
697 1331 773 1394 sint:
796 1333 849 1394 sed
874 1331 944 1396 inde
967 1332 1004 1395 ab
1021 1333 1174 1396 oratione:
1196 1324 1303 1414 Κάρισ
1324 1323 1343 1393 6
1363 1326 1449 1406 θεὸς
1469 1351 1562 1394 παν-

278 1425 448 1518 τοκράτωρ
470 1434 563 1496 multo
586 1436 684 1496 minus
707 1433 882 1514 discrepant
903 1434 959 1510 (uti
982 1435 1013 1496 in
1026 1433 1180 1514 lliptychis
1203 1440 1233 1494 et
1254 1431 1405 1510 rubricis),
1427 1449 1560 1494 concon

279 1535 353 1596 dant
374 1535 405 1596 in
429 1535 646 1614 gravioribus.⁴
672 1535 708 1597 Ut
729 1533 812 1597 brevi
843 1535 950 1608 dicans,
975 1541 1081 1615 magn'a
1105 1533 1317 1615 probabilitate
1338 1550 1459 1594 omnem
1482 1551 1560 1596 cun-

278 1637 443 1698 ctationem
463 1644 496 1698 et
516 1635 733 1699 dubitationem
755 1636 880 1700 discutit
901 1636 1066 1700 sententia:
1089 1637 1232 1698 loannem
1245 1635 1502 1714 chrysostomum,
1526 1633 1560 1695 in

279 1735 424 1800 auxilium
445 1737 559 1798 vocatis
581 1737 701 1816 liturgia
717 1737 988 1818 hierosolymitana
1004 1747 1035 1800 et
1048 1737 1235 1801 Antiocheae
1257 1734 1468 1816 composuisse
1482 1734 1559 1796 mis-

279 1857 344 1900 sam
372 1837 586 1919 anaphoricam
614 1846 645 1901 et
667 1857 732 1902 earn
755 1857 813 1920 qua
836 1839 976 1902 hodierni
1000 1839 1106 1902 Graeci
1129 1844 1261 1901 utuntur.
1305 1837 1343 1898 lit
1363 1837 1441 1900 haec
1463 1835 1559 1914 Chry·

278 1939 406 2002 sostenii
428 1941 588 2021 Amphora
610 1940 734 2002 omnino
757 1939 877 2003 brevior
899 1951 945 2004 est
967 1959 1055 2020 quarn
1077 1940 1240 2003 basiliana.
1270 1937 1397 2019 Reliqua
1420 1935 1558 2017 sequiori

279 2042 398 2104 domurn
421 2051 557 2121 tompore
579 2049 660 2103 certa
682 2049 712 2104 et
732 2041 911 2103 immutabili
933 2041 1000 2120 lege
1022 2042 1158 2104 devincta
1181 2049 1261 2114 sunt,
1283 2038 1473 2102 balsamonis
1488 2039 1559 2119 opi·

279 2161 337 2205 nor
364 2151 469 2217 aetate,
499 2161 534 2204 ea
561 2142 677 2204 ratione
705 2151 738 2202 ut
758 2161 855 2224 paene
883 2150 944 2212 tota
967 2142 1059 2205 hlissa
1088 2142 1328 2224 proanaphorica
1354 2139 1558 2220 transscripta

279 2240 320 2306 sit
342 2261 377 2304 ex
400 2243 492 2304 missa
513 2242 629 2306 Basilii.
672 2243 734 2304 lam
757 2252 860 2324 aperta
882 2251 913 2306 et
933 2241 1014 2305 clara
1036 2253 1115 2318 sunt,
1139 2261 1215 2325 quae
1237 2242 1348 2324 spretis
1370 2241 1557 2318 argumentis

279 2344 405 2418 uostris,
426 2343 474 2404 vix
497 2343 631 2406 tenebris
654 2344 719 2406 suis
741 2352 869 2424 possunt
890 2345 1015 2408 extrahi.

362 2445 446 2507 lnlra
480 2444 599 2524 positae
632 2452 702 2508 sunt
728 2445 838 2507 llissae
866 2445 969 2507 Basilii
999 2455 1029 2510 ot
1057 2446 1279 2528 chrysostomi,
1314 2461 1391 2527 quae
1418 2441 1556 2522 legitimo

277 2563 336 2612 usu
365 2545 512 2609 ecclesiae
539 2544 704 2607 hodiernae
726 2546 974 2609 commendantur
995 2557 1167 2629 comparata
1191 2556 1290 2610 tamen
1312 2546 1345 2608 in
1366 2543 1556 2624 gravissimis

279 2648 428 2728 capitibus
458 2646 596 2709 codicum
623 2647 775 2710 varietate.
819 2647 879 2710 Sed
908 2645 1044 2712 addenda
1072 2651 1129 2712 erit
1150 2650 1239 2712 tertia
1261 2639 1281 2734 ἧ
1303 2648 1369 2710 τῶν
1389 2665 1558 2732 προηγια-

278 2741 408 2830 σμένων
422 2739 620 2831 λειτουργία,
636 2747 721 2810 cuius
737 2757 888 2811 auctorem
904 2749 1019 2812 iaciunt
1030 2750 1167 2832 plerique
1183 2749 1358 2830 Gregorium
1374 2747 1554 2810 Pontificem

278 2847 455 2924 Romanum,
485 2849 532 2912 oui
555 2842 724 2933 Διάλογος
751 2849 789 2912 ob
812 2849 948 2929 dialogos
971 2851 1161 2934 conscriptos
1184 2868 1350 2932 cognomen
1372 2847 1440 2912 luit
1484 2848 1554 2911 lite·

277 2947 341 3014 n'im
364 2969 431 3013 cum
454 2949 558 3012 ieiunii
580 2961 715 3031 tempora
738 2952 868 3014 moerori
889 2951 1082 3032 potissimum
1100 2953 1199 3017 dicata
1215 2951 1432 3035 explendisque
1448 2950 1554 3012 intimo

278 3051 372 3118 animi
393 3052 499 3116 dolore
522 3051 698 3116 criminibus
721 3055 783 3116 sint
803 3053 958 3130 instituta,
990 3055 1181 3119 sacrificandi
1203 3074 1274 3118 vero
1296 3053 1398 3116 munia
1414 3051 1553 3115 festivam

279 3152 483 3217 celebritatem
511 3161 542 3216 et
569 3152 736 3235 spiritualis
758 3153 891 3218 laetitiae
913 3155 1145 3220 sollemnitatem
1167 3158 1267 3220 lerant
1286 3173 1388 3218 secum
1411 3163 1443 3216 et
1463 3153 1553 3217 indu·

278 3267 361 3318 cant:
390 3271 429 3318 ne
456 3253 599 3318 sacrillcii
631 3253 771 3320 alacritas
792 3257 945 3320 moestitia
967 3257 1137 3321 turbaretur
1158 3267 1210 3322 aut
1230 3255 1479 3339 quadragesimae
1501 3273 1553 3317 ne·

277 3358 428 3421 cessarius
450 3355 548 3420 luctus
571 3356 712 3420 saorilicii
734 3357 919 3421 iucunditate
940 3357 1104 3435 tolleretur,
1119 3360 1308 3423 Laodicenos
1330 3356 1553 3438 synodipatres

278 3475 344 3522 can.
367 3460 409 3524 49
432 3466 614 3522 statuerunt:
645 3449 683 3522 oi
707 3455 759 3522 dei
779 3459 820 3544 τῇ
840 3463 1087 3548 τεσσαρακοστῇ
1108 3451 1209 3547 άρτον
1230 3453 1434 3546 προςφὲρειν
1455 3449 1488 3521 ai
1505 3453 1551 3542 μὴ

277 3553 312 3623 ἐν
340 3551 499 3644 σαββάτῳ
525 3553 583 3624 καὶ
608 3561 746 3645 κυριακῇ
771 3553 874 3643 μόνον
902 3572 932 3624 et
954 3562 1026 3626 Gan.
1047 3567 1086 3628 51
1116 3555 1155 3628 oi
1179 3561 1231 3627 dei
1251 3558 1287 3627 ἐν
1307 3561 1555 3646 τεσσαρακοστῇ

276 3652 451 3742 γενέθλιον
472 3653 649 3737 incredulo,
671 3651 757 3724 ἀλλὰ
776 3661 843 3724 τῶν
863 3653 966 3745 ἁγίων
985 3657 1161 3748 μαρτύριον
1175 3655 1292 3746 μνείαν
1306 3664 1419 3728 ποιεῖν
1434 3658 1470 3726 ἐν
1482 3663 1556 3737 τοῖς

276 3752 461 3842 σαββάτοις
480 3755 537 3823 καὶ
557 3761 738 3844 κυριακαῖς.
746 3761 768 3838 ¹)
799 3761 975 3830 intermisso
997 3783 1067 3828 vero
1089 3765 1181 3829 totius
1203 3765 1410 3828 hebdomadae
1423 3765 1555 3828 domasa

277 3861 379 3924 dirino
408 3860 599 3924 sacrificandi
627 3879 752 3927 munere
780 3883 818 3926 ne
847 3865 915 3942 iuge
942 3867 1123 3930 sacrificium
1152 3883 1169 3930 e
1198 3867 1299 3930 medio
1328 3865 1478 3930 sublatum
1502 3875 1554 3928 aut

277 3961 419 4026 coelestis
441 3961 527 4026 cibus
550 3961 697 4026 lamelicis
721 3964 830 4028 animis
853 3977 977 4048 negatus
1000 3969 1152 4034 videretur
1174 3989 1189 4032 a
1213 3967 1437 4050 dictaeSynodi
1458 3967 1553 4050 patri·

275 4063 333 4128 bus
360 4063 408 4128 rel
436 4064 475 4127 ab
496 4064 564 4128 aliis
587 4064 721 4130 Orientis
742 4067 904 4149 Episcopis
926 4072 1096 4136 consultum
1118 4081 1174 4147 est,
1203 4081 1237 4134 ut
1256 4071 1313 4134 suh
1335 4071 1500 4152 vesperam
1522 4079 1554 4132 et

276 4164 308 4228 io
330 4165 399 4246 ipso
420 4167 658 4248 vespertinarum
679 4187 804 4249 precum
826 4170 938 4244 allicio,
967 4191 1026 4253 quo
1049 4173 1195 4237 ieiunium
1216 4174 1334 4236 solvere
1355 4171 1437 4246 licet,
1465 4171 1553 4234 litur-

275 4265 342 4346 giae
374 4266 566 4332 simulacrum
593 4267 641 4330 rel
668 4269 733 4332 eius
760 4271 866 4334 saltem
887 4273 1050 4355 spectanda
1073 4293 1145 4357 pars
1167 4273 1358 4340 exhiberetur
1378 4284 1409 4335 et
1431 4273 1552 4336 divinus

275 4368 363 4450 panis
385 4369 417 4432 in
439 4370 568 4433 ecclesia
590 4381 825 4454 proponeretur:
852 4381 881 4436 ct
903 4374 1037 4439 ollieium
1058 4375 1142 4452 illud,
1166 4397 1225 4459 quo
1247 4377 1308 4440 iam
1330 4385 1418 4439 antea
1441 4394 1550 4439 conse·

277 4521 588 4538 *ua-m...-

362 4606 385 4666 1l
411 4607 504 4660 Similia
530 4611 641 4662 observat
657 4612 718 4663 ritas
735 4612 916 4664 Ambrosianus.
950 4615 1093 4666 Sanctorum
1112 4617 1173 4667 leste
1190 4616 1253 4667 intra
1272 4611 1486 4677 Quadragoeimom
1504 4627 1550 4664 oo·

275 4690 394 4741 currentia
412 4694 589 4759 praetermittit,
607 4697 712 4764 itemque
730 4698 820 4749 missac
837 4699 981 4752 samidciam
1001 4701 1114 4752 omnihus
1131 4701 1198 4753 tertie
1215 4701 1296 4752 tutia
