3314 5304
677 411 751 486 297

84 588 180 662 οῦτοῦ
205 587 350 662 άντολιῦν
376 586 515 682 δργάτην
536 588 674 678 δόκιμον
694 588 850 684 ἀναδείξῃ
870 615 924 678 με.
966 590 1039 660 Καὶ
1064 588 1194 681 πάρυσό
1214 615 1276 679 μοι
1297 587 1353 666 δεῖ

84 691 127 776 ῦς
149 690 297 783 ἐλεήμων
325 690 383 762 καὶ
408 691 594 782 συμπαθής
619 692 678 762 καὶ
706 692 911 785 φιλάγαθος.
960 687 1014 760 Ἕν
1040 691 1102 780 μὲν
1128 700 1176 784 τῷ
1207 691 1354 782 παρόντι

84 791 143 884 βάρι
162 795 273 885 θερμὴ
296 791 482 883 προστάτις
501 793 559 862 καὶ
578 795 719 886 βοηθός,
749 795 812 877 τὰς
832 802 899 864 τοῖν
919 793 1076 864 ἐναντίων
1096 793 1244 886 δφόδοος
1264 792 1353 864 άπο-

85 894 275 980 τειχίζουσι,
302 895 359 965 καὶ
386 895 474 985 πρὸς
501 893 667 987 σαπηρόαν
691 893 931 988 καδοδηγοῦοό
956 917 1017 982 με·
1043 896 1102 966 καῖ
1123 895 1159 966 ἐν
1178 903 1228 988 τῷ
1247 902 1352 990 καιρῷ

84 1005 138 1088 τής
155 994 273 1079 άξόδου
294 1021 360 1083 μου
381 995 441 1086 τήν
463 993 588 1066 aalma
606 1022 673 1085 μου
695 999 805 1090 ψυχήν
824 997 1047 1087 περιέπουσα,
1068 997 1127 1066 καὶ
1146 997 1209 1080 τὰς
1224 1021 1353 1069 σκοτει-

84 1099 138 1179 νάς
163 1093 266 1189 ὄψεις
291 1102 358 1166 τῷν
382 1104 538 1190 πονηρῶν
565 1097 734 1185 δαιμόνιον
753 1096 870 1189 πόρρω
892 1094 994 1188 οῦτής
1014 1095 1259 1172 άπελαῦνουσα.
1300 1097 1354 1170 Ἕν

84 1200 120 1269 δὲ
143 1206 182 1291 ci
207 1205 342 1292 roras
368 1195 478 1291 lutea
504 1207 565 1290 vis
583 1198 746 1288 Κοίντου
771 1207 832 1290 τῆς
853 1197 991 1270 «λινοῦν
1010 1225 1054 1286 νε
1075 1205 1218 1293 λυομένη
1239 1200 1355 1271 Κολά-

84 1325 172 1384 σειος,
187 1300 247 1370 καὶ
267 1307 329 1391 τῆς
348 1297 540 1392 ἀπορρήτου
563 1299 661 1394 δόξης
686 1308 747 1370 τοῦ
767 1309 830 1372 σοῦ
854 1299 946 1384 Υῖοῦ,
973 1302 1031 1370 καὶ
1054 1306 1143 1372 Θεοῦ
1162 1299 1257 1393 ήμιῦν
1276 1307 1355 1395 alp-⁴

84 1399 220 1489 ρονόμσν
231 1427 278 1490 με
292 1398 570 1472 άποδεικνόσυσα.
588 1394 652 1485 ‘Hs
664 1402 723 1473 καὶ
735 1401 879 1490 τῦγσιμι,
893 1400 1070 1474 Δόοποινά
1082 1428 1159 1490 μου,
1172 1401 1356 1495 Ὑπεραγλα

87 1501 234 1587 Θεστόκε,
258 1503 317 1572 διὰ
337 1511 398 1594 ιής
417 1511 479 1594 σής
498 1502 669 1590 μεσιτεόας
688 1505 746 1574 καὶ
765 1501 989 1598 ἀντιλήψεως,
1011 1501 1134 1594 χάριτι,
1155 1505 1213 1575 καὶ
1234 1509 1356 1597 φιλαν-
1389 1587 1392 1600 1

85 1601 221 1697 δραιπόρι
247 1612 309 1674 τοῦ
334 1612 533 1693 μονογενοῦς
553 1629 613 1676 σου
639 1603 731 1689 Υῖοῦ,
752 1613 813 1674 τοῦ
833 1603 973 1696 Κυρίου,
994 1605 1053 1674 καὶ
1075 1610 1175 1689 Θεοῦ,
1204 1609 1262 1678 καῖ
1282 1613 1337 1676 Σω

85 1713 178 1796 τήρσς
197 1703 293 1798 ήμῶν
304 1703 412 1798 Ἰησοῦ
426 1715 588 1796 Χριστοῦ.
611 1699 666 1776 Ὧι
685 1709 813 1797 πρέπει
834 1714 930 1776 πᾶσα
951 1705 1045 1790 δόξα,
1066 1706 1158 1798 τιμή,
1178 1708 1237 1778 καὶ
1251 1734 1356 1798 προς-

84 1809 219 1898 κόνησις,
241 1808 301 1878 σὺν
322 1815 371 1899 τῷ
391 1804 523 1899 άνάρχρι
545 1805 647 1878 αῦτσῦ
667 1806 790 1899 nasot,
811 1809 869 1878 καὶ
888 1815 936 1898 τῷ
949 1807 1122 1899 Παναγλῳ,
1143 1809 1202 1878 καὶ
1222 1806 1353 1900 άγαδῷ,
1461 1809 1468 1820 ’

85 1911 135 1978 καὶ
155 1911 315 1999 ζωοποιῷ
337 1905 441 1978 αὐτοῦ
454 1908 638 1996 Πνεῦματι,
659 1916 726 1992 νῦν,
747 1910 806 1980 καὶ
826 1906 890 1992 δεῖ,
911 1910 969 1980 καὶ
991 1908 1041 1990 εἰς
1057 1910 1138 1990 τοῦς
1152 1907 1277 1992 αῖεῦνας
1291 1919 1356 1980 τιῦν

85 2009 218 2080 αἰώνων.
258 2007 374 2100 Ἀμήν.

162 2117 258 2180 Porro
281 2116 340 2180 alia
360 2116 505 2180 recitatur
526 2117 622 2180 oratio
645 2110 831 2194 ἒπικσότισς
849 2117 991 2180 Antiochi
1013 2118 1170 2180 monachi:
1203 2111 1276 2182 Καὶ
1297 2113 1358 2194 δός

85 2209 157 2302 ήμῖν
178 2215 332 2284 δέσποτα
352 2213 440 2298 πρὸς
460 2210 564 2282 ῦπνον
585 2210 746 2283 άπιοῦσιν
768 2210 957 2283 ἀνάπαυσιν
982 2211 1139 2301 σώματος
1159 2213 1217 2284 καὶ
1231 2220 1356 2305 ψυχῆς·

84 2315 137 2383 καὶ
162 2311 372 2405 διαφόλαξον
397 2311 485 2402 ήμάς
513 2311 583 2384 άπὸ
610 2321 671 2384 τοῦ
699 2315 843 2406 ζοφιροῦ
871 2313 979 2384 όπνσυ
1006 2321 1065 2405 τῆς
1093 2311 1272 2404 άμαρτλας,
1300 2316 1359 2390 καῖ

86 2413 151 2485 άπὸ
170 2413 286 2506 πάσης
306 2422 476 2505 σκοτεινής
502 2416 560 2484 καὶ
582 2424 768 2506 νυκτερινῆς
787 2414 1015 2508 ήδινταδεόας.
1058 2423 1199 2485 Παῦσον
1218 2417 1280 2498 τάς
1300 2415 1359 2507 ‹lp-

82 2517 145 2602 μδς
163 2523 232 2586 τιῦν
253 2523 389 2595 ποδοῖν,
412 2517 534 2602 σβέσον
554 2517 597 2587 τά
619 2520 948 2610 πεπι·ριομὲνα.βέλη
965 2525 1026 2588 τοῦ
1039 2519 1199 2609 πονηροῦ,
1221 2513 1264 2588 τά
1277 2515 1357 2589 καθ’

84 2615 171 2706 ήμιῦν
192 2615 318 2698 δολίαις
337 2617 523 2705 κινούμενα.
563 2619 634 2700 Τάς
653 2627 712 2709 τής
733 2620 856 2709 σαρκός
874 2616 969 2710 ήμιῦν
990 2617 1237 2702 ἐπαναστάσεις
1255 2619 1360 2692 κατά-

83 2721 218 2799 στειλον,
248 2719 306 2788 καῖ
331 2726 401 2789 πᾶν
422 2723 553 2808 γεῶδες,
579 2721 639 2790 καῖ
658 2719 771 2790 όλιιιδν
791 2718 885 2808 ήμιῦν
906 2719 1061 2813 φρόνημα
1081 2718 1246 2809 κοόμισσν.
1288 2723 1360 2794 Καὶ

84 2819 230 2912 διάρησαι
251 2817 331 2910 ήμῖν
352 2817 371 2890 δ
388 2821 475 2902 Θεὸς
495 2819 655 2911 γρήγσρσν
675 2829 762 2904 νοῦν,
784 2820 944 2912 σαόφρονα
958 2823 1127 2911 λογισμὸν,
1148 2821 1288 2914 καρδίαν
1301 2821 1360 2914 νή-

84 2947 222 3014 φουσαν,
250 2920 356 2990 ῦπνον
383 2921 540 3014 ἐλαφρόν,
567 2924 624 2992 καὶ
651 2921 763 3014 πάσης
791 2930 970 3013 σατανικής
997 2923 1185 3015 φαντασίας
1206 2921 1361 3016 ἀπηλλο-

83 3024 209 3112 γμένσν.
251 3021 486 3115 Διανάστησον
507 3023 545 3092 δά
566 3021 655 3114 ήμᾶς
676 3023 711 3093 δν
733 3029 781 3113 τῷ
800 3030 907 3114 καιρῷ
927 3031 987 3113 τῆς
1007 3032 1200 3115 προςουχής,
1229 3027 1361 3119 ἐστηρι-

84 3126 220 3214 γμένους
240 3123 278 3195 δν
298 3132 374 3206 ταῖς
395 3123 547 3207 ἐντολαῖς
567 3149 639 3208 σου,
659 3124 717 3195 καὶ
737 3125 798 3214 τήν
817 3123 947 3215 μνήμην
967 3131 1033 3192 τῶν
1054 3132 1122 3194 σεῦν
1141 3125 1310 3215 κριμάτιον
1324 3128 1361 3199 δν

84 3225 214 3308 ἑαυτοῖς
242 3223 532 3316 άπαράδραυστον
559 3223 704 3310 ἔχοντας.
746 3223 934 3310 Παννόχιον
961 3223 1040 3316 ήμῖν
1060 3226 1119 3316 τήν
1140 3227 1200 3316 σήν
1222 3228 1361 3310 δσξσλο-

84 3327 156 3416 γλαν
173 3326 324 3418 χάρισαι,
347 3325 396 3408 εἷς
416 3328 456 3396 τό
478 3324 601 3413 ὑμνεῖν,
622 3327 680 3396 καὶ
701 3323 859 3415 εὐλογεῖν,
881 3327 941 3396 καῖ
963 3326 1114 3410 δοξάζειν
1128 3327 1167 3395 τό
1182 3326 1360 3416 πάντιμον,

84 3429 137 3499 καλ
161 3429 421 3519 μεγαλοπρεπὲς
448 3421 555 3515 όνομά
582 3452 655 3512 σου,
682 3435 742 3498 τοῦ
763 3428 910 3519 Πατρός,
939 3429 997 3497 καὶ
1016 3435 1078 3497 τοῦ
1102 3425 1195 3512 Υῖοῦ,
1221 3430 1361 3500 καὶτοῦ

5 3531 7 3572 ³
84 3529 194 3621 Ἀγίου
214 3528 423 3617 Πνεῦματος,
452 3537 518 3613 νῦν,
546 3531 613 3624 καὶ,
631 3527 695 3613 rici,
723 3531 781 3600 καὶ
808 3528 857 3611 εἰς
885 3529 971 3612 τοὺς
991 3528 1114 3612 αῖιῦνας
1132 3537 1200 3599 τοῖν
1221 3529 1361 3604 αλοῖνοιν.

84 3629 196 3723 Ἀμήν.

6 3721 7 3730 ¹
167 3740 280 3802 lterum
303 3738 458 3820 suspirant
478 3738 589 3801 Beatas
601 3739 731 3818 Virginis
753 3747 783 3802 et
797 3737 1013 3802 Sanctissimae
1028 3739 1187 3802 Trinitatis
1202 3739 1360 3806 arrxilium:

83 3833 309 3926 Ὺπιρόνδσξε,
328 3832 562 3924 Ἀειπάρδενε,
585 3829 784 3925 εόλσγημόνη
807 3831 963 3918 θεοτάκε,
990 3832 1180 3924 πρσςάγαγο
1200 3837 1260 3926 τήν
1280 3835 1363 3927 ήμε-

86 3939 182 4029 τόραν
203 3937 387 4027 προςεοχήν
408 3945 455 4027 τῷ
474 3934 545 4026 Υῖῷ
566 3958 638 4017 σου,
659 3935 718 4004 καὶ
734 3940 811 4025 Θεῷ
830 3933 932 4027 ήμιῦν,
954 3935 1013 4004 καὶ
1033 3933 1180 4029 α’ότηοαι,
1201 3939 1257 4006 ἵνα
1270 3935 1362 4030 σιάση

87 4041 144 4108 διά
170 4046 232 4108 σοῦ
259 4038 322 4120 τάς
349 4039 462 4131 ψυχάς
487 4035 592 4128 ήμῶν.
632 4033 678 4104 Ἡ
695 4034 795 4118 ἐλπίς
814 4062 880 4123 μου
901 4034 921 4107 δ
942 4038 1074 4127 Πατήρ,
1100 4037 1274 4128 καταφυγή
1295 4063 1362 4125 μου

90 4137 177 4222 Υῖδς,
198 4139 307 4231 σκέπη
328 4163 394 4226 μου
415 4141 454 4210 τό
475 4146 617 4225 Πνεῦμα
638 4134 678 4207 τό
690 4135 818 4227 Ἅγιοι,
844 4137 949 4228 Τριάς
965 4135 1072 4226 Ἅγόα,
1094 4137 1178 4220 δόξα
1198 4162 1263 4208 σοι.
1301 4144 1363 4207 tu·

7 4275 9 4341 η
86 4249 196 4310 duntur
216 4245 382 4327 lloxologia
406 4247 504 4312 minor
525 4254 556 4310 ct
575 4244 666 4326 llyrie
689 4243 815 4309 eleison.

8 4427 9 4432 η
169 4349 232 4412 lam
260 4357 381 4410 ventum
410 4359 457 4412 est
483 4349 521 4412 εδ
549 4347 764 4412 caerimoniam
790 4345 982 4428 perpulcram
1011 4337 1254 4431 συγχωρήσαις,
1283 4345 1364 4428 apud

8 4451 9 4532 l
88 4450 251 4514 monachos
280 4450 356 4512 satis
384 4449 541 4532 prolixam.
584 4451 619 4512 ln
648 4447 787 4512 ecclesiis
823 4446 911 4511 laicis
940 4445 1106 4519 Sacerdos,
1132 4447 1283 4528 proluntle
1315 4449 1364 4511 iu·

8 4559 9 4624 g
87 4552 212 4614 elinatus
235 4550 355 4614 veniam
377 4551 571 4614 delictorum:
594 4542 760 4633 εὐλογεῖτε
773 4537 919 4633 πατέρες
934 4539 1025 4630 άγιοι
1038 4541 1095 4610 καῖ
1110 4539 1264 4636 άδελφοί,
1286 4567 1365 4634 συγ-

8 4627 9 4675 ³
85 4645 256 4738 γορήσατό
282 4671 346 4735 μοι
372 4655 420 4740 τῷ
448 4645 634 4738 ἁμαρτωλῷ
653 4648 723 4718 κτλ
765 4650 899 4734 Populus
921 4649 1040 4713 veniam
1061 4648 1114 4714 dat
1135 4670 1168 4715 se
1192 4650 1364 4716 inclinando
