3314 5304
895 405 968 480 354

388 587 593 687 Μνήσθητί
618 617 694 686 μου
719 587 856 686 ἀδελφέ
881 541 946 666 καὶ
971 587 1237 744 συίἰειτρυργὲ.

675 717 786 790 Ka6‘
768 745 787 789 ο
810 717 964 802 διάκονος
985 721 1073 808 πρὸς
1093 717 1204 788 αὐτὸν.

383 823 588 954 Μνησθείη
614 823 795 944 K6666c‘
777 853 797 898 ο
826 823 914 909 Θεὸς
946 834 1011 922 τῆς
1042 812 1245 924 ίερωστίδης
1272 825 1407 898 σουέν
1385 852 1472 920 ντρ
1457 825 1554 920 βα-

300 925 416 1024 σιλείᾳ
443 927 571 1002 αὐτοῦ.

633 1059 705 1127 Καὶ
726 1055 779 1127 6‘
768 1057 875 1146 ιερείς
896 1059 982 1148 πρὸς
1002 1057 1061 1127 τὸν
1083 987 1247 1126 διάκονον.

378 1163 495 1250 Εὖξαι
520 1162 612 1260 ὑπὲρ
640 1167 745 1260 ἐμοῦ,
773 1162 1032 1266 σολίεττοορμί
1049 1191 1135 1259 μου.

793 1293 903 1364 Καὶ(
885 1323 904 1364 ο
927 1293 1129 1376 διάκονος

385 1395 633 1496 Πνεῦμα’
609 1426 746 1525 αγιον
772 1396 1105 1474 ἑπείεύσεται’
1089 1399 1163 1474 επὶ
1186 1398 1253 1490 σὲ,
1279 1427 1356 1473 και
1344 1393 1557 1490 δύναμις

300 1503 508 1602 ὑψίστου
542 1498 804 1576 ἐπισκιάσει
842 1525 914 1576 σοι
950 1504 1024 1598 (lac
1046 1505 1122 1629 24).
1173 1509 1425 1628 Ka6666666g.
1471 1495 1558 1572 Αὐτὸ

301 1603 344 1682 τὸ
371 1611 519 1700 πνεῦμα
545 1599 907 1743 σοι’ἰίειτοορμήσειι
887 1609 979 1700 ημῖν
1004 1599 1125 1687 πάσας
1150 1603 1217 1686 τὰς
1240 1601 1380 1700 ἡμέρας
1404 1607 1467 1696 τῆς
1482 1597 1560 1696 ζωῆς

301 1705 422 1803 ἰνῶν·

388 1815 472 1888 Εἶτα
493 1817 550 1886 καὶ
571 1844 590 1887 ο
579 1815 768 1942 κδιάκονος
789 1816 970 1900 δποκίίνας
992 1821 1050 1888 καὶ
1072 1817 1173 1900 αὐτὸς
1193 1819 1252 1908 τὴν
1274 1811 1432 1909 κεφαλὴν,
1452 1821 1562 1904 κρατῶν

303 1920 392 2046 ἅμα
403 1921 460 1988 καί
488 1920 525 1989 τὸ
557 1917 701 2034 αἰράριον
728 1925 800 2000 τοῖς
827 1921 916 2032 τρισί
945 1921 1120 2034 δακτύλοις
1145 1926 1205 2010 τῆς
1233 1921 1355 2046 δεξιᾶς,
1383 1919 1472 2008 λέγει
1490 1917 1563 2004 πρὸς

302 2021 360 2091 τόυ
382 2047 431 2111 τερ
435 2021 484 2092 ἑα
514 2005 725 2104 Μνήσθηῖί
749 2035 837 2098 μου,
865 2007 1076 2082 (δέσποτα
1051 2019 1438 2137 αγιε.1(αὶὸἶερεῦς
1467 2013 1562 2100 Μνη-

304 2049 431 2240 σθείρρ
438 2137 509 2236 μου
524 2106 705 2204 Κύριος
687 2139 706 2236 6
730 2107 859 2191 6666'
843 2139 884 2184 ει
899 2141 943 2206 τρ
927 2110 1196 2208 666666'6'
1151 2117 1282 2202 αυτοῦ,
1309 2110 1479 2199 πάντοτε,
1502 2114 1562 2182 νῦν

302 2211 366 2288 καὶ
393 2209 538 2285 ἀείκαὶ
564 2215 614 2294 εἰς
638 2207 725 2292 τοὺς
751 2215 892 2296 αἰῶνας
916 2220 995 2287 τῶν
1021 2209 1182 2288 αἰαίνων.

390 2323 498 2394 Ka6’
484 2325 635 2395 επειπών
656 2325 695 2392 τὸ
720 2322 806 2414 ἀμὴν
827 2329 885 2394 καί
906 2323 1144 2450 ἀσπασάμενος
1165 2327 1224 2418 667
1244 2333 1306 2395 τοῦ
1327 2325 1443 2415 ἱερέως
1459 2323 1563 2406 δεξιὰν,

305 2430 482 2518 εξὲρχεται,
503 2428 560 2558 6666
581 2427 663 2507 στὰς
684 2426 719 2495 ἰν
739 2435 788 2516 τῷ
808 2425 949 2552 συνήθει
969 2427 1067 2520 τόπῳ
1087 2429 1193 2518 λέγει·

384 2629 510 2759 Υπὲρ
544 2639 637 2707 τῶν
662 2605 1003 2734 προτεθέντων
1019 2635 1191 2730 τιμίων
1217 2632 1382 2732 δοίρων
1409 2638 1483 2732 (lac.
1502 2637 1565 2730 22),

304 2743 373 2810 τοῦ
384 2731 542 2864 Κυρίου
569 2732 780 2858 δεηθῶμεν.

384 2833 488 2933 Ὑπὲρ
521 2841 589 2910 τοῦ
596 2833 732 2963 ἁγίου
766 2841 869 2911 οἴκου
903 2834 1052 2970 τρύτμο,
1085 2837 1149 2914 καὶ
1180 2844 1260 2912 τῶν
1292 2835 1386 2932 μετὰ
1413 2838 1567 2924 πίστεως,

306 2937 512 3036 εὐλαβείας,
545 2935 609 3011 καὶ
641 2933 766 3036 φόβου
796 2943 943 3013 606³
915 2936 1101 3023 ειςιόντων
1127 2942 1168 3016 ἰν
1194 2939 1311 3038 αὐτῷ,
1344 2948 1413 3014 τοῦ
1439 2939 1568 3034 Κυρίου

306 3042 516 3138 δεηθῶμεν.

386 3140 513 3267 εΥπὲρ
543 3148 626 3216 τοῦ
659 3141 942 3272 ῥυσθῆνμι
922 3150 1040 3238 ημᾶς
1066 3140 1154 3216 ἀπὸ
1180 3139 1324 3268 πάσης
1349 3143 1569 3236 θλίψεως,
1648 3201 1649 3206 ,

307 3247 465 3346 ὁρμῆς,
497 3239 747 3333 κινδύνου,
781 3243 859 3318 καί
892 3242 1116 3346 ἀνάγκης,
1150 3251 1232 3319 τοῦ
1264 3244 1447 3344 Κυρίου
1476 3241 1571 3337 δεη-

307 3351 469 3442 θιῦμεν
496 3349 570 3440 (lac.
591 3348 662 3442 12).

394 3499 515 3572 XXVI·
558 3507 646 3599 Είχὴ
675 3513 901 3601 προςκομιδῆς
926 3511 1012 3598 μετὰ
1038 3509 1098 3598 τὴν
1125 3511 1160 3580 ἕν
1186 3517 1226 3602 τῇ
1248 3507 1328 3602 άγίρι
1348 3511 1494 3604 τραπέζῃ
1514 3516 1574 3616 τῷν

307 3609 414 3682 θείων
435 3609 550 3700 δώρων
571 3608 752 3680 ἀπόθεσιν.

392 3713 550 3812 ’Κύριε
532 3746 551 3790 ο
581 3713 712 3798 Θεὸς”
694 3745 714 3790 ο
739 3712 1023 3815 παντοκράτωρ,
1053 3716 1072 3791 ὃ
1098 3713 1215 3813 μόνος
1240 3715 1356 3843 ἅγιος,
1383 3747 1403 3790 ο
1389 3712 1575 3847 ςδεχόμε-

308 3847 373 3902 νος
405 3815 550 3892 θυσίαν
583 3817 755 3901 αἰνέσεως
777 3816 902 3945 παρὰ
922 3827 1001 3894 τῶν
1034 3819 1335 3916 ε’πικαίουμενων
1368 3843 1408 3947 σε
1442 3822 1483 3893 εν
1516 3817 1575 3912 ὅλῃ

308 3917 465 4048 καρδίᾳ,
500 3917 693 4016 πρόςδεξαι
724 3919 789 3996 καί
819 3919 929 4048 ἡμῶν
960 3927 1039 3996 τῶν
1074 3919 1309 4018 ἁμαρτωλῶν
1341 3919 1411 4017 τὴν
1446 3919 1576 4016 δέησιν,

308 4021 385 4097 καὶ
375 4017 693 4150 προςάμαγε
734 4029 796 4120 τῷ
840 4019 958 4124 άμίῳ
994 4049 1077 4097 σου
1113 4019 1464 4120 θυσιαστηρίῳ,
1505 4017 1577 4096 καὶ

308 4120 546 4199 ἱκάνωσεν
570 4151 692 4220 ημας
716 4129 1063 4252 666667672667
1072 4149 1145 4198 σοι
1172 4121 1330 4250 δῶρά
1328 4153 1373 4198 τε
1399 4122 1477 4198 καὶ
1502 4125 1578 4248 66·

310 4224 414 4308 σίας
439 4224 759 4352 πνευματικὰς
784 4223 897 4322 ὑπὲρ
924 4234 1017 4301 τῶν
1041 4224 1282 4354 ἡμετέρων
1307 4221 1579 4323 ἁμαρτημά-

308 4355 421 4454 των,
447 4326 642 4405 καὶτῶν
667 4334 750 4402 τοῦ
775 4327 935 4453 6606'
914 4324 1230 4456 αγνοημάτων
1257 4331 1332 4424 (lac.
1352 4331 1412 4402 24.
1428 4331 1489 4404 26.
1504 4331 1577 4450 27]·

310 4429 374 4503 καὶ
398 4427 676 4514 καταξίωσον
655 4435 754 4526 ημᾶς
778 4428 900 4526 εὑρεῖν
923 4427 1036 4558 χάριν
1060 4426 1221 4504 ἐνώπιόν
1242 4454 1324 4518 σου,
1350 4437 1433 4504 τοῦ
1458 4429 1579 4530 γενέ-

312 4533 428 4606 σθαι
454 4555 527 4606 σοι
552 4529 896 4629 εὐπρόςδεκτον
921 4531 1004 4628 τὴν
1022 4529 1242 4660 θυσίμν“
1221 4539 1373 4630 ημῶν,
1399 4531 1578 4606 καίεπι-

313 4639 554 4728 σκηνῶσαι
586 4631 636 4709 τὸ
670 4641 856 4732 πνεῦμα
887 4640 967 4731 τῆς
988 4629 1186 4734 χάριτός
1212 4659 1296 4710 σου
1321 4633 1371 4708 τὸ
1397 4630 1580 4736 ἀγαθὸν
