3378 5302
715 438 760 511 91

391 613 524 708 1626’
502 641 701 708 ααοκριτικη
686 589 819 708 παρὰ
836 623 898 687 τοῦ
919 606 1086 688 διὰαὸνου.

181 739 320 816 V1.‘O
351 735 491 836 Κύριος
525 739 746 868 εὐλογήσαι
754 738 817 814 καλ
851 735 1060 868 ἁξιηίσαι
1038 744 1137 836 ηιιᾶς
1171 748 1380 838 σεραφικιῦς

101 841 367 939 ιλωνοφορῆσαι
399 839 463 915 καὶ
495 847 675 939 προςᾷσαι
707 840 777 938 τὴν
807 837 1070 939 πολυύμνητον
1097 837 1202 969 ᾠδήν
1225 869 1293 915 του
1277 844 1380 916 ’ἐν-

101 947 314 1017 θεαστικοῦ
328 941 393 1016 καλ
417 941 619 1071 τριςαγίου,
651 971 706 1041 τῳ
691 941 901 1020 ἁνενὰεεῖ
923 943 988 1018 καλ
1011 940 1230 1043 ἁπερπλήρει
1260 937 1380 1039 πάσης
1496 1031 1502 1042 ‚

100 1057 162 1142 τῆς
185 1036 404 1146 ἁγιαστιιεῆς
429 1041 661 1142 τελειότητος,
687 1048 761 1119 νῦν
785 1043 848 1119 καὶ
874 1043 942 1119 ἁεί.

300 1186 430 1265 Ελτα.’Ι
397 1217 543 1282 αρχεται
563 1189 728 1263 ιίείὸεινε
710 1218 728 1262 ο
752 1191 906 1274 διάκονος
926 1193 962 1264 ὸν
982 1200 1022 1285 τῇ
1043 1190 1172 1284 ελςόδηι.

170 1312 446 1441 Ὀμονογενής
476 1313 558 1397 Υἱὸς
581 1313 645 1389 καὶ
669 1311 795 1444 Λόγος
819 1319 889 1390 τοῦ
917 1319 1011 1390 Θεοῦ
1037 1312 1279 1400 ἀθάνατος
1256 1309 1379 1409 υπάρ

101 1443 213 1591 χων,ἐ
217 1414 380 1500 καταὸεξ
360 1412 544 1512 ξάμενοςῑ)
572 1413 701 1490 616
661 1443 731 1513 την
755 1415 938 1545 ήαετίραν
964 1415 1152 1516 σωτηρίαν
1177 1418 1381 1544 σαρκωθή-

104 1544 165 1592 ναι
196 1519 239 1592 ἐκ
270 1527 336 1612 τῆς
369 1515 478 1644 ἁγίας
501 1514 685 1592 θεοτόιεου
711 1517 773 1591 καλ
800 1517 1052 1615 ἁειπαρθένου
1077 1517 1293 1614 Μαρίας,’
1273 1514 1379 1647 ατρί-

104 1647 199 1704 πτως
224 1614 536 1715 ἐνανθρωπήσας,
563 1617 798 1716 αιαυρωθείς
813 1649 865 1707 τε,
891 1618 1068 1716 Χριστὸ“
1050 1649 1070 1694 ο
1090 1619 1190 1708 Θεὸς,
1215 1616 1379 1716 θανάτῳ

105 1717 276 1796 θάνατον
302 1727 480 1816 πατήσεις,
513 1717 566 1804 εἷς
591 1718 649 1794 ὢν
671 1726 738 1816 τῆς
761 1719 872 1847 ἁγίας
900 1718 1071 1818 Τριάιλος,
1106 1717 1379 1816 συνὸοξαζάμι-

104 1849 166 1905 νος
187 1827 244 1918 τρλ
271 1821 399 1919 Πατρλ
423 1821 487 1895 καλ
511 1849 565 1919 τῳ
594 1818 690 1921 ἁγίῳ
716 1817 927 1918 Πνεάματι,
955 1826 1080 1897 σῶσον
1103 1823 1212 1918 ἡμᾶς

103 1967 163 2040 Η0
152 1970 259 2057 ιερεὸς
274 1968 414 2058 λέγει
377 1997 436 2060 την
452 1966 548 2060 εὸχην
561 1967 684 2061 ταύτην
699 1965 769 2038 άπὸ
780 1974 846 2038 τῶν
856 1972 972 2039 πολῶν
982 1969 1045 2051 ἕως
1054 1996 1114 2056 τρο
1099 1927 1378 2075 θυσιαστηρίου

180 2093 254 2167 VH.
282 2089 327 2166 Ὁ
356 2090 488 2174 Θεὸς“
471 2119 490 2166 ο
517 2088 815 2218 παντοκράτωρ,
835 2088 1160 2221 ὸμεγαλιάνυμος
1175 2089 1378 2188 Κύριος,ὸ
1376 2175 1381 2188 ,

104 2191 234 2276 ὸοὸς
213 2197 307 2289 ημῖν
332 2192 474 2275 ε’ίςοὸον
499 2198 550 2278 ελς
574 2192 623 2268 τὰ
649 2193 739 2295 ὸίγια
760 2199 839 2270 τῶν
862 2191 995 2294 ἁγίων,
1021 2191 1149 2268 ιλιὰ
1103 2224 1167 2296 της
1152 2191 1392 2290 απιὸημιαςΙ

103 2305 166 2371 τοῦ
188 2300 418 2395 μενογενοῦς
442 2318 511 2370 σου
544 2295 643 2384 Υῖοῦ,
672 2294 814 2424 Κυρίου
840 2293 881 2371 66
907 2295 971 2370 ιιαλ
999 2299 1092 2371 Θεοῦ
1116 2324 1180 2371 και
1168 2295 1379 2424 Σωτῆρρς

103 2395 207 2492 ἡμῶν
226 2397 351 2491 Ἰησοῦ
366 2397 589 2492 Χριστοῦ,“
574 2393 784 2492 ιιιετεάομιν
809 2397 874 2474 καὶ
898 2389 1189 2495 παρακαλοῦμεν
1212 2396 1282 2494 τὴν
1308 2396 1379 2494 σὴν

104 2494 336 2626 ἁγαθάτητα,
371 2496 494 2594 ἐπειδὴ
528 2499 691 2598 ἔμφοβοι
722 2498 786 2579 καλ
818 2497 992 2626 εντρομοί
1024 2501 1154 2626 ήσμεν,
1187 2498 1412 2596 μέλλοντες·

104 2597 332 2695 παρεστάναι
357 2601 412 2696 τῷ
411 2597 522 2725 ἁγίῳ
541 2622 609 2675 σου
626 2597 899 2696 θυσιαστηρίῳ,
926 2597 1213 2684 εξαπόστειλον
1188 2599 1258 2726 ecp',
1279 2599 1380 2696 ἡμας

105 2700 122 2776 6
149 2699 237 2784 θεὸς
271 2701 341 2796 τὴν
371 2695 486 2798 χάριν
518 2723 587 2776 σου
618 2731 688 2828 την
713 2701 880 2830 ἀγαθὴν,
905 2701 969 2777 καλ
995 2701 1154 2830 ἁγίασον
1177 2699 1288 2798 ἡμων
1312 2701 1380 2786 τὰς

104 2802 225 2930 ψυχὰς
258 2800 325 2877 καλ
349 2801 398 2876 τὸ
424 2799 582 2898 σώματα
605 2804 670 2879 καλ
694 2802 742 2877 τὰ
767 2799 975 2898 πνεύματα,
1011 2803 1075 2878 καλ
1100 2805 1306 2882 ἁλλοίωσον
1331 2803 1378 2878 τὸ

104 2900 328 3004 φρονήματα
360 2902 470 3000 ἡμῶν
494 2903 586 3002 πρὸς
611 2903 815 3000 εὐσέβειαν,
847 2905 912 2980 ἵνα
938 2908 979 2980 ἐν
1003 2907 1166 3019 καθαρῷ
1194 2902 1380 2982 συνενλότι

106 3005 370 3133 προςιγίρωιιεν
407 3029 464 3080 σοι
498 3005 617 3105 δῶρα,
651 3005 814 3103 ιλόαατα,
849 3035 1095 3136 καρπωματα
1116 3012 1166 3090 ελς
1197 3007 1380 3103 αθίτησιν

105 3117 177 3184 τῶν
208 3106 401 3234 ἡμετέρων
433 3105 767 3236 πλημμελημάτων,
800 3107 864 3181 καὶ
890 3113 940 3193 ελς
964 3107 1125 3204 ἱλασμὸν
1149 3107 1287 3192 παντὸς
1311 3115 1380 3182 τοῦ
1361 3104 1412 3134 ”“’

107 3217 194 3286 λαοῦ
220 3224 315 3298 σου,
329 3204 456 3305 χάριτι
480 3207 544 3284 καὶ
570 3215 772 3340 ολκτιρμοῖς
796 3209 860 3284 καλ
886 3207 1155 3309 φιλανθρωπίᾳ
1180 3217 1248 3284 τοῦ
1263 3236 1380 3312 μονο-

107 3339 234 3440 γινους
261 3333 331 3386 σου
354 3311 454 3399 Υῖοῦ,
480 3313 570 3404 μεθ
602 3305 648 3388 οὗ
673 3310 868 3412 εὐλογητὸς
893 3310 925 3384 ελ
950 3317 1000 3395 ελς
1024 3310 1111 3393 τοὺς
1136 3314 1277 3394 αλῶνας
1301 3336 1380 3386 των

109 3410 266 3490 αλοίνων.
297 3409 445 3508 Ἀμήν]
560 3447 566 3463 ·

219 3561 325 3631 Μετὰ
345 3587 385 3630 το
371 3526 621 3645 ελςελθείν’
591 3585 640 3643 εις
659 3562 698 3632 τὸ
719 3558 961 3650 θυσιαστήριον
982 3557 1113 3701 λέγει’
1094 3586 1113 3631 ο
1137 3557 1252 3654 ίερεύς.

185 3685 275 3760 Vm.
319 3679 461 3782 Εἰρήνη
482 3689 607 3760 πᾶσιν.

661 3793 702 3864 ‘0
727 3795 820 3879 λαός

176 3878 257 3959 Καὶ
280 3893 341 3984 τῷ
361 3882 548 3983 πνεύματί
571 3909 651 3960 σου.

178 4101 384 4236 ὉΚύριος
415 4101 634 4231 εὐλογήσω
643 3996 1022 4231 πίὰνὶτεὰιςίςὸμὰς,
961 4103 1024 4177 καὶ
1057 4100 1209 4204 ἁγιάσαι
1243 4101 1301 4174 ἐπὶ
1333 4109 1377 4198 τῇ

116 4203 235 4304 ελςίιλῳ
267 4205 332 4281 καλ
364 4207 554 4309 ἱερουργία
582 4215 660 4282 τῶν
692 4205 811 4282 θείων
836 4205 899 4280 καὶ
925 4201 1125 4304 ἁχράντων
1149 4200 1378 4301 μυστηρίων,

195 4347 219 4406 η
235 4349 301 4392 Fnhr.
319 4343 364 4393 ιιοιλ
380 4361 440 4396 κατ.

194 4531 250 4598 Cap.
268 4531 305 4581 Vl.
341 4533 531 4598 Responsorium
544 4531 651 4583 Diaconi.
669 4527 760 4582 Ueinde
779 4529 972 4584 εεοὶιῦἰεοοηοε
990 4529 1013 4578 in
1032 4528 1141 4589 ingressu
1155 4523 1272 4590 Hymnum
1291 4518 1306 4576 6
1322 4538 1381 4592 μο-

122 4609 236 4679 νογενής,
260 4615 346 4668 Νοελίο
372 4617 459 4682 iudice,
488 4617 614 4693 ιοελίοεερι
639 4615 747 4668 Commo
771 4615 910 4686 Ephgsino:
937 4615 1026 4678 quippe
1050 4612 1090 4677 qui
1115 4609 1281 4664 Nestorium
1305 4609 1379 4676 plene

122 4703 340 4761 tmthnresin.

1265 4884 1277 4937 λ
