3416 5290
714 411 786 486 681

116 588 223 684 γητόν.
258 587 443 681 Τριςάγιαν.
479 587 585 677 Κίριε
606 589 742 682 δλίησον
764 590 819 682 ιβ’.
842 590 861 662 ό
882 589 938 664 Ν’.
959 594 1017 664 καί
1036 591 1120 688 ψάλ.
1141 595 1201 666 τόν
1217 595 1392 685 ,τριαδαιδν

116 691 239 764 κανόνα
258 691 328 764 κατ’
352 691 435 774 ἔθος
454 693 523 762 κτλ
545 689 564 762 6
588 689 785 782 ἁξάψαλμος
805 692 854 776 είς
873 695 913 764 τό
938 697 1024 778 Θεὸς
1044 695 1180 786 Κύριος.
1226 698 1278 769 Τὰ
1302 705 1391 788 Τρο-

117 794 226 885 πὰρια
246 793 293 877 ιίς
314 793 363 876 είς
382 795 440 864 τόν
462 791 646 884 ἑσπερινόν.
694 797 742 865 Τό
763 793 952 890 ψαλτήριον
972 798 1031 868 καί
1057 795 1076 868 6
1098 798 1291 880 πολυίλεος.
1338 799 1390 868 Τά

116 894 327 983 ἁναστάοιμα
348 895 543 984 καθίσματα
563 895 650 983 μετὰ
668 903 734 966 τῶν
747 896 930 986 δγκαινίεον.
954 897 1001 970 Οἱ
1015 896 1211 988 ἁναβοθμοί
1224 909 1284 971 τοῦ
1297 893 1390 990 ἤχου.

117 999 188 1066 Καὶ
213 997 263 1080 τό,
292 997 526 1088 Προκείμεναν.
580 999 644 1081 Τό,
672 1003 775 1070 Πᾶσα
801 999 900 1092 πνοή.
955 1000 1002 1070 Τό
1031 998 1176 1072 ἑωθινόν
1201 999 1392 1092 εὐαγγέλιον

115 1102 183 1168 κτλ.
211 1096 483 1187 ἁίὰναστάσιμος
509 1099 626 1183 κονιὰν,
653 1106 719 1169 τῶν
736 1101 907 1190 δγαιαινίοιν
927 1103 985 1174 καί
1005 1108 1066 1172 τοῦ
1088 1100 1185 1192 ἁγίου
1205 1110 1265 1193 τῆς
1284 1109 1389 1193 μονῆς

115 1199 180 1270 άνὰ
202 1199 242 1271 δ’.
271 1197 341 1272 άπὸ
362 1199 402 1291 γ’.
430 1197 534 1291 ᾠδῆς,
567 1199 740 1272 κοντόκιον
766 1204 824 1273 καί
848 1198 950 1286 οἶκος,
981 1203 1024 1272 τὰ
1053 1200 1264 1292 ἁναοτάοιμα
1287 1211 1388 1293 χῦμα.

113 1297 200 1372 Rha
220 1301 305 1393 ψάλ.
325 1303 480 1388 κάθιομα
506 1309 567 1372 τοῦ
588 1299 684 1390 ἁγίου
704 1304 762 1374 καί
782 1312 848 1374 τῶν
869 1301 1042 1395 ἐγκαινίιον
1062 1301 1122 1397 (ἔφ’
1145 1305 1249 1397 ἕκτης,
1269 1303 1390 1376 κοντό-

108 1431 187 1476 ,κιον
206 1403 264 1474 καὶ
285 1399 376 1487 οίκος
395 1411 461 1474 τῶν
484 1403 656 1493 δγκαινίιον
680 1405 738 1474 καί
759 1407 798 1475 τό
820 1404 1018 1496 ουναξάριον
1038 1410 1100 1476 τοῦ
1110 1408 1205 1480 ,κατὰ
1225 1407 1285 1498 τὴν
1304 1404 1389 1499 ἦμέ-

82 1581 83 1586 1
112 1533 175 1593 ραν
196 1503 303 1596 ἁγίου.
323 1505 378 1578 Λί
398 1503 611 1592 καταιβασίαι,
633 1511 693 1596 τῆς
712 1503 848 1597 ἡμέρας,
870 1505 1098 1598 ἤτιμιωτόρα,
1121 1508 1171 1590 τὸ,
1186 1506 1303 1600 ’Ἀγιος
1316 1507 1389 1580 Κό-

109 1633 196 1693 ριος.
213 1606 530 1698 Ἕξανταστειλάριον
551 1603 778 1694 άναοτάσιμον
799 1615 859 1678 τοῦ
880 1605 975 1696 ἁγίου
995 1609 1132 1678 καὶτῶν
1146 1609 1318 1702 δγκαενίων
1337 1611 1387 1689 τό,

111 1717 216 1780 Πᾶσα
236 1707 336 1798 πνοή.
372 1710 444 1779 Καί
464 1709 514 1792 τὸ,
535 1706 684 1780 Αἰνεῖτε.
720 1703 1020 1798 Ελτακατίρχεται
1040 1707 1059 1780 6
1082 1707 1250 1800 άρχιερείις
1270 1713 1308 1784 ἐκ
1326 1717 1388 1784 τοῦ

112 1810 238 1901 θρόνου
265 1814 322 1882 καί
348 1808 480 1901 άντικρίι
503 1808 606 1882 αὐτοῦ
627 1809 747 1892 ἐλθών,
776 1811 1025 1901 προτιθεμένου
1046 1809 1185 1882 πευκίου
1206 1814 1263 1882 καί
1283 1839 1388 1906 προς»

110 1911 307 2005 κεφαλαίου,
328 1910 442 1993 κλίνας
461 1911 504 1980 τὰ
523 1910 647 2000 γόνατα
666 1911 723 1982 καί
743 1911 879 1998 βλίπιον
893 1914 978 1983 κατὰ
993 1910 1157 1997 άνατολὰς
1171 1911 1388 2004 άναγινυίσκει

110 2015 172 2096 τὰς
193 2013 261 2083 δάιο
283 2013 558 2104 προκαθαρτικὰς
579 2010 675 2098 εόχὰς
695 2017 760 2080 τῶν
780 2010 962 2102 ἓγκαινίιον.
990 2013 1181 2088 Καλλίστου
1203 2023 1264 2086 τοῦ
1284 2013 1388 2105 ἁγιω-

109 2113 212 2186 τάταυ
239 2113 457 2205 πατριάρχου,
485 2115 545 2195 τὰς
571 2114 639 2204 πρὸ
667 2121 726 2203 τῆς
754 2111 960 2197 ἀκολουθίας
984 2122 1052 2186 τῶν
1079 2114 1249 2204 ἐγκαινίων
1276 2117 1312 2188 δν
1339 2122 1387 2208 κη’

110 2217 289 2308 εόχολογίῳ
309 2217 472 2304 κειμένας.
494 2209 580 2286 Εἶτα
600 2213 764 2302 λαμβάνοι
783 2216 909 2308 καιρόν,
933 2215 1124 2310 ψάλλοντος
1137 2225 1197 2288 τοῦ
1212 2216 1254 2289 α’.
1274 2227 1386 2310 χοροῦ,

115 2321 184 2390 Τόν
205 2317 371 2410 δεσπότην
391 2318 448 2388 καί
469 2314 633 2406 άρχιερία.
655 2318 727 2386 Καὶ
748 2315 852 2399 εὐθὺς
871 2318 950 2400 τοὺς
972 2316 1095 2402 αίνους,
1118 2315 1329 2408 ἁναστάσιμα
1344 2319 1387 2392 ό.

109 2423 254 2492 καὶτῶν
276 2418 446 2509 δγκαινίιον
468 2417 509 2488 δ’.
531 2421 758 2506 δευτεροῠντες
771 2419 810 2490 τὸ
825 2417 868 2489 α’.
890 2418 995 2503 Δόξα,
1016 2427 1077 2490 τοῦ
1089 2417 1211 2509 Ἁγίου.
1233 2422 1386 2516 Καζνόν,

110 2531 176 2593 τῶν
205 2521 375 2612 ίγκαινίων
402 2522 563 2609 Δοξολογ.
591 2527 643 2590 M.
670 2521 727 2590 καί
755 2519 931 2603 ἁπόλυοις.
972 2517 1058 2592 Εἶτα
1084 2521 1128 2592 τά
1153 2528 1213 2614 τῆς
1239 2548 1387 2614 κηρομαι-

106 2623 221 2717 στίχης
247 2623 319 2716 είδη
346 2631 387 2714 τῇ
412 2621 516 2714 χύτρᾳ
540 2619 720 2709 βάλλοντες
740 2624 896 2693 τιθέασιν
918 2620 1021 2715 αὖτην
1042 2623 1102 2694 ἐπὶ
1121 2631 1182 2694 τοῦ
1201 2624 1309 2713 πυρὸς
1329 2625 1387 2696 καί

107 2727 194 2814 μετὰ
213 2726 252 2796 τό
275 2728 480 2814 διαλυθῆναι
501 2721 596 2808 αὐτὰ,
617 2725 760 2817 πλησίον
781 2723 886 2796 πάλιν
910 2726 969 2817 τὴν
988 2723 1108 2813 χύτραν
1128 2727 1305 2812 κατέχουσι
1325 2733 1387 2798 τοῦ

106 2828 226 2916 πυρός,
248 2829 368 2916 ἵναμὴ
392 2825 686 2917 ἁποψοχρανθιόσι
705 2828 748 2895 τὰ
769 2825 805 2897 δν
827 2824 925 2916 οὔτῇ·
948 2823 1103 2908 ὦςαίτιος
1123 2829 1182 2897 καί
1197 2826 1314 2917 ἑτέραν
1326 2828 1386 2914 χά-

104 2955 189 3019 τραν
209 2931 411 3018 πληροῦντες
432 2925 564 3006 ὕδατος,
587 2927 830 3014 παρατιθέασι,
846 2932 894 3015 τῷ
915 2927 999 3015 πυρί
1020 2925 1115 3008 ὅπως
1135 2935 1315 3018 θερμανθῇ
1336 2927 1386 3010 είς

106 3031 269 3102 ἔκπλυτον
298 3034 357 3117 τῆς
383 3026 483 3107 θείας
509 3027 689 3118 τραπέζης·
718 3022 790 3096 εἶτα
811 3029 1052 3112 περιδεσμοῦοι
1073 3028 1116 3096 τὰ
1134 3027 1254 3116 χαρτία
1276 3028 1325 3110 είς
1345 3031 1384 3102 τὸ

104 3131 218 3217 χεῖλος
244 3135 305 3198 τοῦ
332 3127 452 3210 κίονος,
480 3125 562 3208 ἁίςτε
583 3128 706 3212 ἐξέχειν
728 3124 813 3200 αὐτὰ
835 3125 951 3198 διτάνιο
972 3135 1032 3198 τοῦ
1051 3127 1183 3212 χείλους
1203 3127 1386 3212 δακτύλους

105 3229 179 3302 δάιο
199 3233 257 3302 καί
278 3227 530 3319 άναγεμίζουσιν
552 3227 681 3300 ἔσωθεν
706 3229 763 3300 τὸν
785 3236 883 3318 γῦρον
903 3237 969 3298 τῶν
988 3227 1131 3317 χαρτίιυν
1150 3231 1195 3316 μό
1215 3231 1254 3301 τό
1276 3256 1385 3321 τετρι-

104 3333 207 3422 μίνον
227 3333 411 3423 μάρμαρον,
433 3334 488 3400 ίνα
508 3332 553 3421 μὴ
577 3329 674 3424 ρεάση
696 3328 716 3422 ἦ
738 3329 959 3422 κηρομαστίχη
974 3331 1031 3399 καί
1045 3329 1181 3401 πάντων
1194 3338 1260 3402 τῶν
1273 3327 1385 3425 άλλῳν

101 3433 293 3525 αἰναγκαίοιν
312 3433 660 3524 προετοιμοοθέντων,
682 3429 779 3504 πὀιεῖ
799 3430 818 3502 ἁ
841 3429 1009 3522 ἁρχιτρεύς
1029 3429 1215 3524 εόλογητόν.
1236 3433 1308 3504 Καὶ
1328 3431 1385 3504 εδ-

104 3540 174 3618 θός
201 3538 250 3619 τό,
279 3536 385 3625 Κύριε
412 3533 605 3617 είςόκουσαν
626 3541 686 3623 τῆς
705 3542 889 3625 προςευχῆς
908 3560 986 3623 μου.
1029 3529 1114 3606 Είτα
1135 3531 1262 3623 γίνεται
1280 3536 1384 3628 μικρὰ

101 3638 256 3727 συναπτν)
280 3638 374 3726 παρὰ
395 3643 456 3706 τοῦ
477 3635 632 3707 διάκονον
644 3629 721 3705 Ἔτι
739 3637 797 3706 καὶ
818 3634 870 3708 ἔτι
884 3687 893 3705 .
909 3685 943 3706 ..
965 3635 1023 3705 καὶ
1041 3633 1061 3705 6
1084 3632 1252 3726 ἀρχιερεὺς
1272 3637 1385 3729 ἐκφω-

103 3747 166 3824 νεῖ,
188 3739 239 3812 ότι
263 3739 359 3828 ἁγιας
379 3734 410 3810 ελ
431 3735 450 3808 6
474 3739 560 3819 Θεὸς
581 3736 683 3829 ἡμῶν.
707 3736 745 3806 ‘O
769 3736 931 3819 διάκονος,
959 3743 1027 3808 Ταῦ
1048 3735 1174 3825 Κυρίου
1197 3740 1383 3830 δεηθῶμεν.

100 3841 141 3911 ‘0
166 3838 333 3932 ἁρχιερεύς
353 3841 412 3932 τὴν
434 3839 544 3930 είχόν·
567 3838 670 3926 Κύριε
692 3837 812 3922 όΘεδς
833 3837 926 3930 ἡμῶν
939 3841 1008 3907 κτλ.
1029 3833 1124 3922 Εἶτα,
1145 3837 1269 3930 Εἰρήνη
1283 3847 1383 3923 πᾶσι,

101 3943 124 4016 6
149 3943 314 4025 διάκονος.
349 3943 419 4023 Τάς
438 3942 588 4033 κεφαλάς
608 3939 709 4027 ἁμῶν.
745 3941 815 4010 Καὶ
835 3942 895 4030 τὴν
917 3936 1013 4029 εὐχὴν
1033 3937 1052 4010 6
1075 3936 1243 4029 ἁρχιερείις
1263 3966 1382 4027 μυστι-

101 4053 184 4126 κῶς·
206 4043 310 4133 Κάριε
331 4041 351 4115 ἁ
376 4044 461 4126 Θεὸς
482 4041 584 4134 ἡμῶν,
606 4041 802 4133 πρεσβείαις
822 4049 882 4132 τῆς
903 4039 1000 4132 ἁγίας
1022 4039 1200 4132 δεσποίνης
1220 4042 1289 4130 κτλ.
1310 4042 1382 4113 Καί

99 4148 165 4238 τὴν
187 4147 381 4239 ίκφοίνησιυ.
422 4143 486 4237 Είη
507 4146 547 4216 τὸ
568 4140 697 4234 κράτος.
733 4145 803 4214 Καὶ
820 4144 908 4232 μετὰ
929 4143 988 4234 τὴν
1009 4141 1204 4234 ίκφιόνηοιν,
1228 4137 1381 4232 α’ίρειτόι

102 4246 186 4336 ἅγια
214 4246 360 4339 λείψανα
387 4245 406 4316 6
435 4245 602 4338 ἀρχιερεὺς
629 4245 691 4318 ἐπὶ
717 4253 776 4337 τῆς
800 4249 950 4338 κεφαλῆς
971 4241 1074 4314 αὐτοῦ
1094 4242 1179 4330 μετὰ
1200 4248 1260 4312 τοῦ
1283 4239 1380 4330 ἁγίου

103 4349 232 4430 δίσκου,
264 4350 577 4440 προπορευομένιονι
596 4355 663 4418 τῶν
695 4347 809 4438 ίερίοιν
839 4349 926 4436 μετὰ
953 4355 1019 4416 τῶν
1048 4343 1144 4434 ίεροίν
1171 4339 1381 4432 εὐαγγελίων,

101 4457 250 4539 σταυροῦ
263 4457 299 4518 ’τε
317 4453 373 4521 καί
388 4449 627 4540 ἑξαπτερόγιον,
651 4450 737 4537 μετὰ
757 4448 944 4537 λαμπάδων
964 4447 1107 4518 καὶτῶν
1128 4447 1268 4540 ψολτῶν
1288 4446 1382 4537 ψαλ-

98 4549 230 4622 λόντων
256 4553 298 4622 τὰ
325 4553 505 4642 τροπάρια.
539 4551 653 4641 ’Ἅγιοι
682 4549 855 4641 μάρτυρες.
886 4549 984 4634 Δόξα
1002 4573 1067 4631 σοι,
1089 4543 1256 4638 Χριοτίό
1282 4544 1379 4627 Θεός.

97 4655 176 4726 Καὶ
203 4653 398 4737 ἐξελθόντες
422 4662 482 4726 τοῦ
503 4661 585 4729 ναοῦ
606 4652 776 4745 ἐρχόμεθα
796 4651 949 4745 γίροιθευΙ
970 4647 1083 4723 αὐτοῦ.
1130 4646 1316 4728 ’θάλλοντες
1335 4648 1382 4730 τὰ
