<?xml version="1.0" encoding="UTF-8"?>
<!DOCTYPE html PUBLIC "-//W3C//DTD XHTML 1.0 Transitional//EN"
    "http://www.w3.org/TR/xhtml1/DTD/xhtml1-transitional.dtd">
<html xmlns="http://www.w3.org/1999/xhtml" xml:lang="en" lang="en">
 <head>
  <title>
</title>
<meta http-equiv="Content-Type" content="text/html;charset=utf-8" />
  <meta name='ocr-system' content='tesseract 3.04.00' />
  <meta name='ocr-capabilities' content='ocr_page ocr_carea ocr_par ocr_line ocrx_word'/>
</head>
<body>
  <div class='ocr_page' id='page_1' title='image "./codexliturgicus04danigoog/codexliturgicus04danigoog_0440.png"; bbox 0 0 3336 5302; ppageno 0'>
   <div class='ocr_carea' id='block_1_1' title="bbox 679 446 753 518">
    <p class='ocr_par' dir='ltr' id='par_1_1' title="bbox 679 446 753 518">
     <span class='ocr_line' id='line_1_1' title="bbox 679 446 753 518; baseline 0 0"><span class='ocrx_word' id='word_1_1' title='bbox 679 446 753 518; x_wconf 77' lang='lat' dir='ltr'><strong>tta</strong></span> 
     </span>
    </p>
   </div>
   <div class='ocr_carea' id='block_1_2' title="bbox 83 625 1356 1718">
    <p class='ocr_par' dir='ltr' id='par_1_2' title="bbox 83 625 1356 1718">
     <span class='ocr_line' id='line_1_2' title="bbox 84 625 1353 714; baseline 0.003 -22"><span class='ocrx_word' id='word_1_2' title='bbox 84 628 227 692; x_wconf 81' lang='lat' dir='ltr'><strong>diaeonus</strong></span> <span class='ocrx_word' id='word_1_3' title='bbox 245 645 331 690; x_wconf 86' lang='lat' dir='ltr'><strong>sacra</strong></span> <span class='ocrx_word' id='word_1_4' title='bbox 360 627 500 692; x_wconf 82' lang='lat' dir='ltr'><strong>deterens</strong></span> <span class='ocrx_word' id='word_1_5' title='bbox 523 625 674 709; x_wconf 70' lang='lat' dir='ltr'><strong>egreditur</strong></span> <span class='ocrx_word' id='word_1_6' title='bbox 696 630 890 712; x_wconf 86' lang='lat' dir='ltr'><strong>calicemque,</strong></span> <span class='ocrx_word' id='word_1_7' title='bbox 913 632 943 694; x_wconf 91' lang='lat' dir='ltr'><strong>in</strong></span> <span class='ocrx_word' id='word_1_8' title='bbox 967 651 1026 712; x_wconf 86' lang='lat' dir='ltr'><strong>quo</strong></span> <span class='ocrx_word' id='word_1_9' title='bbox 1049 633 1136 714; x_wconf 86' lang='lat' dir='ltr'><strong>panis</strong></span> <span class='ocrx_word' id='word_1_10' title='bbox 1159 647 1353 698; x_wconf 85' lang='lat' dir='ltr'><strong>consecratus</strong></span> 
     </span>
     <span class='ocr_line' id='line_1_3' title="bbox 84 728 1356 821; baseline 0.006 -29"><span class='ocrx_word' id='word_1_11' title='bbox 84 730 221 793; x_wconf 88' lang='lat' dir='ltr'><strong>intinctus</strong></span> <span class='ocrx_word' id='word_1_12' title='bbox 244 741 300 802; x_wconf 84' lang='lat' dir='ltr'><strong>est,</strong></span> <span class='ocrx_word' id='word_1_13' title='bbox 324 730 437 812; x_wconf 92' lang='lat' dir='ltr'><strong>populo</strong></span> <span class='ocrx_word' id='word_1_14' title='bbox 460 731 618 818; x_wconf 82' lang='lat' dir='ltr'><strong>manileste</strong></span> <span class='ocrx_word' id='word_1_15' title='bbox 641 733 782 807; x_wconf 76' lang='lat' dir='ltr'><strong>ostendit,</strong></span> <span class='ocrx_word' id='word_1_16' title='bbox 805 733 992 796; x_wconf 84' lang='lat' dir='ltr'><strong>exclamans:</strong></span> <span class='ocrx_word' id='word_1_17' title='bbox 1025 729 1111 814; x_wconf 80' lang='grc' dir='ltr'><strong><em>μετὰ</em></strong></span> <span class='ocrx_word' id='word_1_18' title='bbox 1132 728 1242 821; x_wconf 72' lang='grc' dir='ltr'><strong><em>φόβου</em></strong></span> <span class='ocrx_word' id='word_1_19' title='bbox 1266 735 1356 800; x_wconf 79' lang='grc' dir='ltr'><strong><em>Θεοῦ</em></strong></span> 
     </span>
     <span class='ocr_line' id='line_1_4' title="bbox 83 824 1354 918; baseline 0.002 -22"><span class='ocrx_word' id='word_1_20' title='bbox 83 827 135 896; x_wconf 84' lang='grc' dir='ltr'><strong>καί</strong></span> <span class='ocrx_word' id='word_1_21' title='bbox 161 824 310 908; x_wconf 73' lang='grc' dir='ltr'><strong><em>πίστεως</em></strong></span> <span class='ocrx_word' id='word_1_22' title='bbox 336 828 557 918; x_wconf 76' lang='grc' dir='ltr'><strong><em>προςέίθητε.</em></strong></span> <span class='ocrx_word' id='word_1_23' title='bbox 601 833 688 908; x_wconf 84' lang='lat' dir='ltr'><strong>Quod</strong></span> <span class='ocrx_word' id='word_1_24' title='bbox 705 834 857 898; x_wconf 68' lang='lat' dir='ltr'><strong>‘exclamat</strong></span> <span class='ocrx_word' id='word_1_25' title='bbox 879 835 909 897; x_wconf 92' lang='lat' dir='ltr'><strong>in</strong></span> <span class='ocrx_word' id='word_1_26' title='bbox 932 837 1037 916; x_wconf 83' lang='lat' dir='ltr'><strong>quavis</strong></span> <span class='ocrx_word' id='word_1_27' title='bbox 1060 837 1162 909; x_wconf 86' lang='lat' dir='ltr'><strong>missa,</strong></span> <span class='ocrx_word' id='word_1_28' title='bbox 1192 837 1248 898; x_wconf 88' lang='lat' dir='ltr'><strong>etsi</strong></span> <span class='ocrx_word' id='word_1_29' title='bbox 1272 857 1354 899; x_wconf 88' lang='lat' dir='ltr'><strong>com·</strong></span> 
     </span>
     <span class='ocr_line' id='line_1_5' title="bbox 85 933 1353 1019; baseline 0.004 -23"><span class='ocrx_word' id='word_1_30' title='bbox 85 934 266 996; x_wconf 82' lang='lat' dir='ltr'><strong>manicantes</strong></span> <span class='ocrx_word' id='word_1_31' title='bbox 289 951 350 997; x_wconf 91' lang='lat' dir='ltr'><strong>nun</strong></span> <span class='ocrx_word' id='word_1_32' title='bbox 373 933 481 996; x_wconf 77' lang='lat' dir='ltr'><strong>adsint.</strong></span> <span class='ocrx_word' id='word_1_33' title='bbox 526 935 559 997; x_wconf 86' lang='lat' dir='ltr'><strong>si</strong></span> <span class='ocrx_word' id='word_1_34' title='bbox 581 935 634 1016; x_wconf 89' lang='lat' dir='ltr'><strong>qui</strong></span> <span class='ocrx_word' id='word_1_35' title='bbox 656 936 810 1011; x_wconf 77' lang='lat' dir='ltr'><strong>accedant,</strong></span> <span class='ocrx_word' id='word_1_36' title='bbox 833 935 983 999; x_wconf 85' lang='lat' dir='ltr'><strong>Sacerdos</strong></span> <span class='ocrx_word' id='word_1_37' title='bbox 1004 950 1125 1019; x_wconf 77' lang='lat' dir='ltr'><strong>sumpno</strong></span> <span class='ocrx_word' id='word_1_38' title='bbox 1148 937 1241 1000; x_wconf 85' lang='lat' dir='ltr'><strong>calice</strong></span> <span class='ocrx_word' id='word_1_39' title='bbox 1264 939 1353 1001; x_wconf 91' lang='lat' dir='ltr'><strong>cocb-</strong></span> 
     </span>
     <span class='ocr_line' id='line_1_6' title="bbox 86 1027 1354 1120; baseline 0.005 -24"><span class='ocrx_word' id='word_1_40' title='bbox 86 1035 169 1097; x_wconf 89' lang='lat' dir='ltr'><strong>leario</strong></span> <span class='ocrx_word' id='word_1_41' title='bbox 192 1027 316 1116; x_wconf 78' lang='grc' dir='ltr'>(ίᾶβις)</span> <span class='ocrx_word' id='word_1_42' title='bbox 338 1034 512 1116; x_wconf 84' lang='lat' dir='ltr'><strong>particulas,</strong></span> <span class='ocrx_word' id='word_1_43' title='bbox 533 1029 740 1120; x_wconf 70' lang='grc' dir='ltr'><strong><em>μαργαρίτας</em></strong></span> <span class='ocrx_word' id='word_1_44' title='bbox 753 1038 900 1117; x_wconf 82' lang='lat' dir='ltr'><strong>sauguine</strong></span> <span class='ocrx_word' id='word_1_45' title='bbox 917 1040 1055 1119; x_wconf 80' lang='lat' dir='ltr'><strong>pertusas</strong></span> <span class='ocrx_word' id='word_1_46' title='bbox 1071 1057 1126 1119; x_wconf 92' lang='lat' dir='ltr'><strong>pru</strong></span> <span class='ocrx_word' id='word_1_47' title='bbox 1143 1040 1354 1102; x_wconf 88' lang='lat' dir='ltr'><strong>communione</strong></span> 
     </span>
     <span class='ocr_line' id='line_1_7' title="bbox 86 1133 1352 1221; baseline 0.006 -25"><span class='ocrx_word' id='word_1_48' title='bbox 86 1135 179 1198; x_wconf 80' lang='lat' dir='ltr'><strong>educit</strong></span> <span class='ocrx_word' id='word_1_49' title='bbox 207 1144 238 1198; x_wconf 93' lang='lat' dir='ltr'><strong>et</strong></span> <span class='ocrx_word' id='word_1_50' title='bbox 266 1135 428 1217; x_wconf 86' lang='lat' dir='ltr'><strong>unicnique</strong></span> <span class='ocrx_word' id='word_1_51' title='bbox 455 1135 612 1201; x_wconf 85' lang='lat' dir='ltr'><strong>distribuit</strong></span> <span class='ocrx_word' id='word_1_52' title='bbox 640 1138 786 1202; x_wconf 86' lang='lat' dir='ltr'><strong>dicendo:</strong></span> <span class='ocrx_word' id='word_1_53' title='bbox 813 1133 1064 1221; x_wconf 75' lang='grc' dir='ltr'><strong>μεταλαμβάνει</strong></span> <span class='ocrx_word' id='word_1_54' title='bbox 1083 1135 1152 1204; x_wconf 80' lang='grc' dir='ltr'><strong><em>κτλ.</em></strong></span> <span class='ocrx_word' id='word_1_55' title='bbox 1175 1149 1205 1203; x_wconf 88' lang='lat' dir='ltr'><strong>et</strong></span> <span class='ocrx_word' id='word_1_56' title='bbox 1225 1160 1255 1220; x_wconf 90' lang='lat' dir='ltr'><strong>p.</strong></span> <span class='ocrx_word' id='word_1_57' title='bbox 1278 1141 1352 1206; x_wconf 37' lang='lat'><strong>¹369.</strong></span> 
     </span>
     <span class='ocr_line' id='line_1_8' title="bbox 86 1237 1353 1322; baseline 0.004 -22"><span class='ocrx_word' id='word_1_58' title='bbox 86 1237 375 1300; x_wconf 78' lang='lat' dir='ltr'><strong>Communicaturum</strong></span> <span class='ocrx_word' id='word_1_59' title='bbox 403 1257 473 1300; x_wconf 83' lang='lat' dir='ltr'><strong>vero</strong></span> <span class='ocrx_word' id='word_1_60' title='bbox 502 1257 538 1301; x_wconf 90' lang='lat' dir='ltr'><strong>eo</strong></span> <span class='ocrx_word' id='word_1_61' title='bbox 568 1238 733 1322; x_wconf 86' lang='lat' dir='ltr'><strong>ipsu‚.quo</strong></span> <span class='ocrx_word' id='word_1_62' title='bbox 756 1259 875 1304; x_wconf 86' lang='lat' dir='ltr'><strong>sacrum</strong></span> <span class='ocrx_word' id='word_1_63' title='bbox 897 1241 1017 1322; x_wconf 87' lang='lat' dir='ltr'><strong>epulum</strong></span> <span class='ocrx_word' id='word_1_64' title='bbox 1040 1251 1214 1322; x_wconf 88' lang='lat' dir='ltr'><strong>sumpturus</strong></span> <span class='ocrx_word' id='word_1_65' title='bbox 1235 1254 1284 1305; x_wconf 88' lang='lat' dir='ltr'><strong>cst</strong></span> <span class='ocrx_word' id='word_1_66' title='bbox 1305 1262 1353 1305; x_wconf 88' lang='lat' dir='ltr'><strong>ar-</strong></span> 
     </span>
     <span class='ocr_line' id='line_1_9' title="bbox 85 1323 1353 1429; baseline 0.006 -29"><span class='ocrx_word' id='word_1_67' title='bbox 85 1337 180 1410; x_wconf 85' lang='lat' dir='ltr'><strong>ticulo,</strong></span> <span class='ocrx_word' id='word_1_68' title='bbox 210 1337 259 1401; x_wconf 92' lang='lat' dir='ltr'><strong>bis</strong></span> <span class='ocrx_word' id='word_1_69' title='bbox 283 1323 433 1402; x_wconf 77' lang='lat' dir='ltr'><strong>Christum</strong></span> <span class='ocrx_word' id='word_1_70' title='bbox 457 1339 619 1422; x_wconf 79' lang='lat' dir='ltr'><strong>alloquitur</strong></span> <span class='ocrx_word' id='word_1_71' title='bbox 640 1337 755 1404; x_wconf 87' lang='lat' dir='ltr'><strong>verbis:</strong></span> <span class='ocrx_word' id='word_1_72' title='bbox 784 1333 824 1406; x_wconf 78' lang='lat' dir='ltr'><strong>cri</strong></span> <span class='ocrx_word' id='word_1_73' title='bbox 846 1335 977 1429; x_wconf 80' lang='grc' dir='ltr'><strong><em>φίλημά</em></strong></span> <span class='ocrx_word' id='word_1_74' title='bbox 999 1362 1055 1407; x_wconf 79' lang='grc' dir='ltr'><strong>σοι</strong></span> <span class='ocrx_word' id='word_1_75' title='bbox 1076 1336 1174 1408; x_wconf 77' lang='grc' dir='ltr'><em>δώσω</em></span> <span class='ocrx_word' id='word_1_76' title='bbox 1193 1336 1353 1427; x_wconf 71' lang='grc' dir='ltr'><strong><em>καθάπερ</em></strong></span> 
     </span>
     <span class='ocr_line' id='line_1_10' title="bbox 83 1430 1355 1531; baseline 0.004 -27"><span class='ocrx_word' id='word_1_77' title='bbox 83 1431 254 1515; x_wconf 65' lang='lat' dir='ltr'><strong>aldualdus,</strong></span> <span class='ocrx_word' id='word_1_78' title='bbox 282 1430 353 1503; x_wconf 76' lang='grc' dir='ltr'><strong>ἀλλ’</strong></span> <span class='ocrx_word' id='word_1_79' title='bbox 376 1431 423 1516; x_wconf 75' lang='grc' dir='ltr'><strong>ὥς</strong></span> <span class='ocrx_word' id='word_1_80' title='bbox 449 1431 468 1504; x_wconf 83' lang='lat' dir='ltr'><strong>d</strong></span> <span class='ocrx_word' id='word_1_81' title='bbox 494 1437 617 1528; x_wconf 75' lang='grc' dir='ltr'><strong><em>λῃστὴς</em></strong></span> <span class='ocrx_word' id='word_1_82' title='bbox 642 1434 796 1526; x_wconf 76' lang='grc' dir='ltr'><strong><em>ὁμολογῶ</em></strong></span> <span class='ocrx_word' id='word_1_83' title='bbox 817 1459 889 1507; x_wconf 84' lang='grc' dir='ltr'><strong><em>σοι·</em></strong></span> <span class='ocrx_word' id='word_1_84' title='bbox 916 1437 1086 1531; x_wconf 69' lang='grc' dir='ltr'><strong><em>μνήσθητί</em></strong></span> <span class='ocrx_word' id='word_1_85' title='bbox 1105 1465 1170 1525; x_wconf 88' lang='grc' dir='ltr'><strong>μου</strong></span> <span class='ocrx_word' id='word_1_86' title='bbox 1192 1438 1298 1528; x_wconf 76' lang='grc' dir='ltr'><strong><em>Κύριε</em></strong></span> <span class='ocrx_word' id='word_1_87' title='bbox 1318 1439 1355 1510; x_wconf 70' lang='grc' dir='ltr'><strong>ἂν</strong></span> 
     </span>
     <span class='ocr_line' id='line_1_11' title="bbox 83 1532 1353 1627; baseline 0.006 -25"><span class='ocrx_word' id='word_1_88' title='bbox 83 1541 120 1625; x_wconf 77' lang='grc' dir='ltr'><strong>νῇ</strong></span> <span class='ocrx_word' id='word_1_89' title='bbox 139 1532 296 1627; x_wconf 74' lang='grc' dir='ltr'><strong><em>βασιλείᾳ</em></strong></span> <span class='ocrx_word' id='word_1_90' title='bbox 318 1559 379 1606; x_wconf 88' lang='grc' dir='ltr'><strong>σου</strong></span> <span class='ocrx_word' id='word_1_91' title='bbox 407 1563 438 1623; x_wconf 96' lang='lat' dir='ltr'><strong>p.</strong></span> <span class='ocrx_word' id='word_1_92' title='bbox 453 1545 527 1608; x_wconf 76' lang='grc'><strong>224.</strong></span> <span class='ocrx_word' id='word_1_93' title='bbox 543 1545 616 1609; x_wconf 82' lang='grc'><strong>368.</strong></span> <span class='ocrx_word' id='word_1_94' title='bbox 659 1545 790 1626; x_wconf 72' lang='lat' dir='ltr'><strong>Accepta</strong></span> <span class='ocrx_word' id='word_1_95' title='bbox 813 1545 1025 1610; x_wconf 87' lang='lat' dir='ltr'><strong>communione</strong></span> <span class='ocrx_word' id='word_1_96' title='bbox 1048 1565 1083 1608; x_wconf 88' lang='lat' dir='ltr'><strong>cs</strong></span> <span class='ocrx_word' id='word_1_97' title='bbox 1104 1545 1169 1608; x_wconf 85' lang='lat' dir='ltr'><strong>velo</strong></span> <span class='ocrx_word' id='word_1_98' title='bbox 1193 1565 1279 1608; x_wconf 87' lang='lat' dir='ltr'><strong>sacro</strong></span> <span class='ocrx_word' id='word_1_99' title='bbox 1300 1567 1353 1610; x_wconf 83' lang='lat' dir='ltr'><strong>ex·</strong></span> 
     </span>
     <span class='ocr_line' id='line_1_12' title="bbox 84 1641 209 1718; baseline -0.024 -12"><span class='ocrx_word' id='word_1_100' title='bbox 84 1641 209 1718; x_wconf 80' lang='lat' dir='ltr'><strong>siccat.¹)</strong></span> 
     </span>
    </p>
   </div>
   <div class='ocr_carea' id='block_1_3' title="bbox 84 2139 1353 2935">
    <p class='ocr_par' dir='ltr' id='par_1_3' title="bbox 84 2139 1353 2935">
     <span class='ocr_line' id='line_1_13' title="bbox 161 2139 1352 2222; baseline -0.001 -14"><span class='ocrx_word' id='word_1_101' title='bbox 161 2150 200 2208; x_wconf 79' lang='lat' dir='ltr'><strong>at</strong></span> <span class='ocrx_word' id='word_1_102' title='bbox 227 2162 297 2206; x_wconf 85' lang='lat' dir='ltr'><strong>vero</strong></span> <span class='ocrx_word' id='word_1_103' title='bbox 325 2159 443 2220; x_wconf 77' lang='lat' dir='ltr'><strong>magna,</strong></span> <span class='ocrx_word' id='word_1_104' title='bbox 464 2159 531 2222; x_wconf 54' lang='lat' dir='ltr'><strong>⁴epm</strong></span> <span class='ocrx_word' id='word_1_105' title='bbox 561 2141 697 2220; x_wconf 74' lang='lat' dir='ltr'><strong>insignes</strong></span> <span class='ocrx_word' id='word_1_106' title='bbox 721 2151 791 2202; x_wconf 90' lang='lat' dir='ltr'><strong>sunt</strong></span> <span class='ocrx_word' id='word_1_107' title='bbox 813 2139 919 2202; x_wconf 85' lang='lat' dir='ltr'><strong>Graeci</strong></span> <span class='ocrx_word' id='word_1_108' title='bbox 943 2141 1149 2218; x_wconf 78' lang='lat' dir='ltr'><strong>augustissimi</strong></span> <span class='ocrx_word' id='word_1_109' title='bbox 1172 2145 1352 2207; x_wconf 79' lang='lat' dir='ltr'><strong>sacramenti</strong></span> 
     </span>
     <span class='ocr_line' id='line_1_14' title="bbox 84 2241 1353 2328; baseline 0 -20"><span class='ocrx_word' id='word_1_110' title='bbox 84 2248 242 2310; x_wconf 81' lang='lat' dir='ltr'><strong>reverentia</strong></span> <span class='ocrx_word' id='word_1_111' title='bbox 265 2244 375 2314; x_wconf 80' lang='lat' dir='ltr'><strong>edocit,</strong></span> <span class='ocrx_word' id='word_1_112' title='bbox 399 2253 433 2304; x_wconf 91' lang='lat' dir='ltr'><strong>ut</strong></span> <span class='ocrx_word' id='word_1_113' title='bbox 453 2243 737 2306; x_wconf 79' lang='lat' dir='ltr'><strong>communicantium</strong></span> <span class='ocrx_word' id='word_1_114' title='bbox 761 2241 913 2304; x_wconf 81' lang='lat' dir='ltr'><strong>devotioni</strong></span> <span class='ocrx_word' id='word_1_115' title='bbox 936 2242 1074 2322; x_wconf 86' lang='lat' dir='ltr'><strong>plurimis</strong></span> <span class='ocrx_word' id='word_1_116' title='bbox 1088 2262 1124 2306; x_wconf 90' lang='lat' dir='ltr'><strong>ac</strong></span> <span class='ocrx_word' id='word_1_117' title='bbox 1140 2243 1265 2323; x_wconf 84' lang='lat' dir='ltr'><strong>prolixis</strong></span> <span class='ocrx_word' id='word_1_118' title='bbox 1280 2263 1353 2328; x_wconf 88' lang='lat' dir='ltr'><strong>pru·</strong></span> 
     </span>
     <span class='ocr_line' id='line_1_15' title="bbox 85 2343 1351 2427; baseline 0.002 -19"><span class='ocrx_word' id='word_1_119' title='bbox 85 2349 173 2412; x_wconf 83' lang='lat' dir='ltr'><strong>risum</strong></span> <span class='ocrx_word' id='word_1_120' title='bbox 195 2349 237 2412; x_wconf 89' lang='lat' dir='ltr'><strong>sit</strong></span> <span class='ocrx_word' id='word_1_121' title='bbox 258 2345 447 2409; x_wconf 87' lang='lat' dir='ltr'><strong>orationibus</strong></span> <span class='ocrx_word' id='word_1_122' title='bbox 469 2360 505 2406; x_wconf 88' lang='lat' dir='ltr'><strong>ec</strong></span> <span class='ocrx_word' id='word_1_123' title='bbox 526 2344 711 2407; x_wconf 89' lang='lat' dir='ltr'><strong>carminibus</strong></span> <span class='ocrx_word' id='word_1_124' title='bbox 732 2343 837 2418; x_wconf 86' lang='lat' dir='ltr'><strong>sacris,</strong></span> <span class='ocrx_word' id='word_1_125' title='bbox 862 2362 938 2425; x_wconf 84' lang='lat' dir='ltr'><strong>quae</strong></span> <span class='ocrx_word' id='word_1_126' title='bbox 960 2344 1005 2406; x_wconf 86' lang='lat' dir='ltr'><strong>vel</strong></span> <span class='ocrx_word' id='word_1_127' title='bbox 1027 2356 1096 2408; x_wconf 86' lang='lat' dir='ltr'><strong>anto</strong></span> <span class='ocrx_word' id='word_1_128' title='bbox 1118 2348 1162 2408; x_wconf 85' lang='lat' dir='ltr'><strong>vel</strong></span> <span class='ocrx_word' id='word_1_129' title='bbox 1185 2356 1256 2427; x_wconf 88' lang='lat' dir='ltr'><strong>post</strong></span> <span class='ocrx_word' id='word_1_130' title='bbox 1269 2365 1351 2410; x_wconf 89' lang='lat' dir='ltr'><strong>com-</strong></span> 
     </span>
     <span class='ocr_line' id='line_1_16' title="bbox 85 2445 1352 2530; baseline 0 -18"><span class='ocrx_word' id='word_1_131' title='bbox 85 2450 250 2512; x_wconf 86' lang='lat' dir='ltr'><strong>munionem</strong></span> <span class='ocrx_word' id='word_1_132' title='bbox 273 2466 329 2530; x_wconf 91' lang='lat' dir='ltr'><strong>pro</strong></span> <span class='ocrx_word' id='word_1_133' title='bbox 352 2447 467 2528; x_wconf 85' lang='lat' dir='ltr'><strong>privata</strong></span> <span class='ocrx_word' id='word_1_134' title='bbox 489 2445 600 2526; x_wconf 86' lang='lat' dir='ltr'><strong>pietate</strong></span> <span class='ocrx_word' id='word_1_135' title='bbox 622 2465 659 2508; x_wconf 88' lang='lat' dir='ltr'><strong>ac</strong></span> <span class='ocrx_word' id='word_1_136' title='bbox 680 2446 797 2508; x_wconf 81' lang='lat' dir='ltr'><strong>fervore</strong></span> <span class='ocrx_word' id='word_1_137' title='bbox 819 2445 946 2508; x_wconf 88' lang='lat' dir='ltr'><strong>dicenda</strong></span> <span class='ocrx_word' id='word_1_138' title='bbox 969 2456 1048 2508; x_wconf 90' lang='lat' dir='ltr'><strong>suut.</strong></span> <span class='ocrx_word' id='word_1_139' title='bbox 1093 2446 1186 2510; x_wconf 83' lang='lat' dir='ltr'><strong>Obvia</strong></span> <span class='ocrx_word' id='word_1_140' title='bbox 1210 2459 1258 2510; x_wconf 86' lang='lat' dir='ltr'><strong>est</strong></span> <span class='ocrx_word' id='word_1_141' title='bbox 1277 2449 1352 2512; x_wconf 87' lang='lat' dir='ltr'><strong>haec</strong></span> 
     </span>
     <span class='ocr_line' id='line_1_17' title="bbox 85 2539 1349 2634; baseline -0.002 -18"><span class='ocrx_word' id='word_1_142' title='bbox 85 2542 265 2617; x_wconf 76' lang='grc' dir='ltr'><strong><em>ἆκοίουθία</em></strong></span> <span class='ocrx_word' id='word_1_143' title='bbox 284 2550 344 2634; x_wconf 80' lang='grc' dir='ltr'><strong>τῆς</strong></span> <span class='ocrx_word' id='word_1_144' title='bbox 365 2539 463 2631; x_wconf 77' lang='grc' dir='ltr'><strong><em>ἁγίας</em></strong></span> <span class='ocrx_word' id='word_1_145' title='bbox 482 2540 714 2632; x_wconf 62' lang='lat' dir='ltr'><strong>concideretur,</strong></span> <span class='ocrx_word' id='word_1_146' title='bbox 738 2565 806 2610; x_wconf 89' lang='lat' dir='ltr'><strong>uam</strong></span> <span class='ocrx_word' id='word_1_147' title='bbox 829 2547 887 2610; x_wconf 89' lang='lat' dir='ltr'><strong>boc</strong></span> <span class='ocrx_word' id='word_1_148' title='bbox 909 2546 1030 2610; x_wconf 91' lang='lat' dir='ltr'><strong>nomine</strong></span> <span class='ocrx_word' id='word_1_149' title='bbox 1044 2555 1134 2625; x_wconf 28' lang='lat' dir='ltr'><strong>,tutan</strong></span> <span class='ocrx_word' id='word_1_150' title='bbox 1157 2565 1279 2630; x_wconf 88' lang='lat' dir='ltr'><strong>precum</strong></span> <span class='ocrx_word' id='word_1_151' title='bbox 1301 2569 1349 2614; x_wconf 87' lang='lat' dir='ltr'><strong>sa·</strong></span> 
     </span>
     <span class='ocr_line' id='line_1_18' title="bbox 85 2649 1352 2734; baseline 0.002 -20"><span class='ocrx_word' id='word_1_152' title='bbox 85 2671 191 2716; x_wconf 82' lang='lat' dir='ltr'><strong>erorum</strong></span> <span class='ocrx_word' id='word_1_153' title='bbox 222 2660 384 2734; x_wconf 86' lang='lat' dir='ltr'><strong>apparatus</strong></span> <span class='ocrx_word' id='word_1_154' title='bbox 412 2649 591 2721; x_wconf 83' lang='lat' dir='ltr'><strong>continetur,</strong></span> <span class='ocrx_word' id='word_1_155' title='bbox 621 2649 650 2710; x_wconf 91' lang='lat' dir='ltr'><strong>in</strong></span> <span class='ocrx_word' id='word_1_156' title='bbox 680 2649 837 2728; x_wconf 83' lang='lat' dir='ltr'><strong>horologio</strong></span> <span class='ocrx_word' id='word_1_157' title='bbox 865 2649 907 2728; x_wconf 91' lang='lat' dir='ltr'><strong>(in</strong></span> <span class='ocrx_word' id='word_1_158' title='bbox 936 2669 983 2722; x_wconf 88' lang='lat' dir='ltr'><strong>eo,</strong></span> <span class='ocrx_word' id='word_1_159' title='bbox 1013 2650 1092 2730; x_wconf 79' lang='lat' dir='ltr'><strong>quand</strong></span> <span class='ocrx_word' id='word_1_160' title='bbox 1117 2651 1153 2712; x_wconf 88' lang='lat' dir='ltr'><strong>ad</strong></span> <span class='ocrx_word' id='word_1_161' title='bbox 1177 2671 1282 2714; x_wconf 90' lang='lat' dir='ltr'><strong>manus</strong></span> <span class='ocrx_word' id='word_1_162' title='bbox 1305 2661 1352 2716; x_wconf 88' lang='lat' dir='ltr'><strong>est</strong></span> 
     </span>
     <span class='ocr_line' id='line_1_19' title="bbox 84 2749 1350 2836; baseline -0.005 -16"><span class='ocrx_word' id='word_1_163' title='bbox 84 2772 109 2836; x_wconf 86' lang='lat' dir='ltr'><strong>p.</strong></span> <span class='ocrx_word' id='word_1_164' title='bbox 123 2756 304 2831; x_wconf 75' lang='lat' dir='ltr'><strong>otu—581)</strong></span> <span class='ocrx_word' id='word_1_165' title='bbox 328 2763 358 2816; x_wconf 87' lang='lat' dir='ltr'><strong>et</strong></span> <span class='ocrx_word' id='word_1_166' title='bbox 381 2752 411 2814; x_wconf 92' lang='lat' dir='ltr'><strong>in</strong></span> <span class='ocrx_word' id='word_1_167' title='bbox 434 2750 571 2832; x_wconf 87' lang='lat' dir='ltr'><strong>plurimis</strong></span> <span class='ocrx_word' id='word_1_168' title='bbox 596 2749 706 2813; x_wconf 86' lang='lat' dir='ltr'><strong>libellis</strong></span> <span class='ocrx_word' id='word_1_169' title='bbox 728 2751 835 2824; x_wconf 86' lang='lat' dir='ltr'><strong>sacris,</strong></span> <span class='ocrx_word' id='word_1_170' title='bbox 858 2751 895 2812; x_wconf 88' lang='lat' dir='ltr'><strong>ed</strong></span> <span class='ocrx_word' id='word_1_171' title='bbox 918 2749 1062 2814; x_wconf 87' lang='lat' dir='ltr'><strong>laicorum</strong></span> <span class='ocrx_word' id='word_1_172' title='bbox 1079 2771 1164 2814; x_wconf 91' lang='lat' dir='ltr'><strong>usum</strong></span> <span class='ocrx_word' id='word_1_173' title='bbox 1181 2771 1350 2816; x_wconf 86' lang='lat' dir='ltr'><strong>accommo-</strong></span> 
     </span>
     <span class='ocr_line' id='line_1_20' title="bbox 85 2851 1351 2935; baseline 0.002 -19"><span class='ocrx_word' id='word_1_174' title='bbox 85 2857 163 2919; x_wconf 86' lang='lat' dir='ltr'><strong>datis.</strong></span> <span class='ocrx_word' id='word_1_175' title='bbox 207 2855 299 2920; x_wconf 88' lang='lat' dir='ltr'><strong>llulta</strong></span> <span class='ocrx_word' id='word_1_176' title='bbox 327 2854 432 2918; x_wconf 89' lang='lat' dir='ltr'><strong>insunt</strong></span> <span class='ocrx_word' id='word_1_177' title='bbox 460 2851 614 2935; x_wconf 85' lang='lat' dir='ltr'><strong>praeclara</strong></span> <span class='ocrx_word' id='word_1_178' title='bbox 636 2861 667 2913; x_wconf 90' lang='lat' dir='ltr'><strong>et</strong></span> <span class='ocrx_word' id='word_1_179' title='bbox 688 2851 927 2915; x_wconf 83' lang='lat' dir='ltr'><strong>lerreutissimae</strong></span> <span class='ocrx_word' id='word_1_180' title='bbox 949 2853 1069 2933; x_wconf 88' lang='lat' dir='ltr'><strong>pietatis</strong></span> <span class='ocrx_word' id='word_1_181' title='bbox 1092 2853 1271 2917; x_wconf 82' lang='lat' dir='ltr'><strong>documenta</strong></span> <span class='ocrx_word' id='word_1_182' title='bbox 1294 2874 1351 2918; x_wconf 86' lang='lat' dir='ltr'><strong>nec</strong></span> 
     </span>
    </p>
   </div>
   <div class='ocr_carea' id='block_1_4' title="bbox 84 2953 1350 3344">
    <p class='ocr_par' dir='ltr' id='par_1_4' title="bbox 86 2953 1348 3138">
     <span class='ocr_line' id='line_1_21' title="bbox 86 2953 1348 3039; baseline 0.001 -21"><span class='ocrx_word' id='word_1_183' title='bbox 86 2974 238 3036; x_wconf 86' lang='lat' dir='ltr'><strong>possumus</strong></span> <span class='ocrx_word' id='word_1_184' title='bbox 261 2957 334 3039; x_wconf 89' lang='lat' dir='ltr'><strong>quin</strong></span> <span class='ocrx_word' id='word_1_185' title='bbox 357 2955 463 3020; x_wconf 86' lang='lat' dir='ltr'><strong>saltem</strong></span> <span class='ocrx_word' id='word_1_186' title='bbox 486 2953 630 3016; x_wconf 88' lang='lat' dir='ltr'><strong>nonnulla</strong></span> <span class='ocrx_word' id='word_1_187' title='bbox 652 2954 770 3016; x_wconf 87' lang='lat' dir='ltr'><strong>animae</strong></span> <span class='ocrx_word' id='word_1_188' title='bbox 787 2953 975 3016; x_wconf 85' lang='lat' dir='ltr'><strong>Christianae</strong></span> <span class='ocrx_word' id='word_1_189' title='bbox 998 2955 1149 3018; x_wconf 87' lang='lat' dir='ltr'><strong>desiderio</strong></span> <span class='ocrx_word' id='word_1_190' title='bbox 1172 2956 1251 3018; x_wconf 86' lang='lat' dir='ltr'><strong>sacri</strong></span> <span class='ocrx_word' id='word_1_191' title='bbox 1268 2957 1348 3038; x_wconf 84' lang='lat' dir='ltr'><strong>epuli</strong></span> 
     </span>
     <span class='ocr_line' id='line_1_22' title="bbox 86 3055 1041 3138; baseline -0.002 -20"><span class='ocrx_word' id='word_1_192' title='bbox 86 3057 230 3138; x_wconf 74' lang='lat' dir='ltr'><strong>flagrantis</strong></span> <span class='ocrx_word' id='word_1_193' title='bbox 254 3057 429 3122; x_wconf 87' lang='lat' dir='ltr'><strong>adiiciamus</strong></span> <span class='ocrx_word' id='word_1_194' title='bbox 452 3055 594 3136; x_wconf 87' lang='lat' dir='ltr'><strong>suspiria.</strong></span> <span class='ocrx_word' id='word_1_195' title='bbox 1040 3073 1041 3078; x_wconf 47' lang='lat'>¹</span> 
     </span>
    </p>

    <p class='ocr_par' dir='ltr' id='par_1_5' title="bbox 84 3146 1350 3344">
     <span class='ocr_line' id='line_1_23' title="bbox 163 3146 1350 3241; baseline 0 -19"><span class='ocrx_word' id='word_1_196' title='bbox 163 3155 233 3235; x_wconf 80' lang='grc' dir='ltr'><strong>Τὰς</strong></span> <span class='ocrx_word' id='word_1_197' title='bbox 260 3150 402 3241; x_wconf 75' lang='grc' dir='ltr'><strong><em>ἀνομίας</em></strong></span> <span class='ocrx_word' id='word_1_198' title='bbox 427 3177 493 3238; x_wconf 89' lang='grc' dir='ltr'><strong>μου</strong></span> <span class='ocrx_word' id='word_1_199' title='bbox 519 3147 645 3239; x_wconf 67' lang='lat' dir='ltr'><strong>ocdoada</strong></span> <span class='ocrx_word' id='word_1_200' title='bbox 674 3148 789 3238; x_wconf 75' lang='grc' dir='ltr'><strong><em>Κύριε,</em></strong></span> <span class='ocrx_word' id='word_1_201' title='bbox 822 3146 841 3218; x_wconf 88' lang='grc' dir='ltr'>ὁ</span> <span class='ocrx_word' id='word_1_202' title='bbox 868 3147 905 3220; x_wconf 74' lang='grc' dir='ltr'><strong>ἔκ</strong></span> <span class='ocrx_word' id='word_1_203' title='bbox 925 3150 1109 3238; x_wconf 73' lang='grc' dir='ltr'><strong><em>Παρθένου</em></strong></span> <span class='ocrx_word' id='word_1_204' title='bbox 1130 3149 1272 3235; x_wconf 77' lang='grc' dir='ltr'><strong>τεχθεὶς,</strong></span> <span class='ocrx_word' id='word_1_205' title='bbox 1293 3153 1350 3222; x_wconf 86' lang='grc' dir='ltr'><strong>καί</strong></span> 
     </span>
     <span class='ocr_line' id='line_1_24' title="bbox 84 3247 1349 3344; baseline 0.002 -24"><span class='ocrx_word' id='word_1_206' title='bbox 84 3255 135 3334; x_wconf 77' lang='grc' dir='ltr'><strong>τὴν</strong></span> <span class='ocrx_word' id='word_1_207' title='bbox 159 3253 300 3344; x_wconf 81' lang='grc' dir='ltr'><strong><em>καρδίαν</em></strong></span> <span class='ocrx_word' id='word_1_208' title='bbox 330 3278 396 3342; x_wconf 86' lang='grc' dir='ltr'><strong>μου</strong></span> <span class='ocrx_word' id='word_1_209' title='bbox 425 3251 624 3339; x_wconf 76' lang='grc' dir='ltr'><strong><em>καθάρισον,</em></strong></span> <span class='ocrx_word' id='word_1_210' title='bbox 655 3251 736 3321; x_wconf 87' lang='grc' dir='ltr'><strong><em>ναὸν</em></strong></span> <span class='ocrx_word' id='word_1_211' title='bbox 765 3247 866 3342; x_wconf 78' lang='grc' dir='ltr'><strong><em>αὐτὴν</em></strong></span> <span class='ocrx_word' id='word_1_212' title='bbox 893 3258 1003 3320; x_wconf 81' lang='grc' dir='ltr'><strong><em>ποιῶν</em></strong></span> <span class='ocrx_word' id='word_1_213' title='bbox 1023 3258 1083 3319; x_wconf 83' lang='grc' dir='ltr'><strong>τοῦ</strong></span> <span class='ocrx_word' id='word_1_214' title='bbox 1105 3248 1266 3341; x_wconf 79' lang='grc' dir='ltr'><strong><em>ἀχράντου</em></strong></span> <span class='ocrx_word' id='word_1_215' title='bbox 1288 3277 1349 3322; x_wconf 86' lang='grc' dir='ltr'><strong>σου</strong></span> 
     </span>
    </p>
   </div>
   <div class='ocr_carea' id='block_1_5' title="bbox 84 3443 1349 4598">
    <p class='ocr_par' dir='ltr' id='par_1_6' title="bbox 84 3443 1349 4357">
     <span class='ocr_line' id='line_1_25' title="bbox 84 3443 1349 3510; baseline 0.004 -18"><span class='ocrx_word' id='word_1_216' title='bbox 84 3459 127 3496; x_wconf 88' lang='lat' dir='ltr'><strong>eam</strong></span> <span class='ocrx_word' id='word_1_217' title='bbox 144 3448 240 3508; x_wconf 79' lang='lat' dir='ltr'><strong>sentiat,</strong></span> <span class='ocrx_word' id='word_1_218' title='bbox 265 3447 344 3498; x_wconf 87' lang='lat' dir='ltr'><strong>denuo</strong></span> <span class='ocrx_word' id='word_1_219' title='bbox 363 3459 417 3498; x_wconf 88' lang='lat' dir='ltr'><strong>enm</strong></span> <span class='ocrx_word' id='word_1_220' title='bbox 436 3445 545 3510; x_wconf 80' lang='lat' dir='ltr'><strong>proximo</strong></span> <span class='ocrx_word' id='word_1_221' title='bbox 564 3443 702 3508; x_wconf 61' lang='lat' dir='ltr'><strong>interfurit:</strong></span> <span class='ocrx_word' id='word_1_222' title='bbox 728 3445 789 3495; x_wconf 85' lang='lat' dir='ltr'><strong>alios</strong></span> <span class='ocrx_word' id='word_1_223' title='bbox 808 3459 863 3495; x_wconf 79' lang='lat' dir='ltr'><strong>cero</strong></span> <span class='ocrx_word' id='word_1_224' title='bbox 881 3443 1088 3503; x_wconf 82' lang='lat' dir='ltr'><strong>concelebrantes,</strong></span> <span class='ocrx_word' id='word_1_225' title='bbox 1113 3459 1174 3509; x_wconf 82' lang='lat' dir='ltr'><strong>quoe</strong></span> <span class='ocrx_word' id='word_1_226' title='bbox 1193 3455 1274 3509; x_wconf 86' lang='lat' dir='ltr'><strong>aperta</strong></span> <span class='ocrx_word' id='word_1_227' title='bbox 1291 3445 1349 3498; x_wconf 78' lang='lat' dir='ltr'><strong>talia</strong></span> 
     </span>
     <span class='ocr_line' id='line_1_26' title="bbox 86 3529 1348 3595; baseline 0.001 -15"><span class='ocrx_word' id='word_1_228' title='bbox 86 3533 195 3583; x_wconf 75' lang='lat' dir='ltr'><strong>ecclesiia</strong></span> <span class='ocrx_word' id='word_1_229' title='bbox 215 3533 295 3582; x_wconf 84' lang='lat' dir='ltr'><strong>minua</strong></span> <span class='ocrx_word' id='word_1_230' title='bbox 313 3531 418 3590; x_wconf 84' lang='lat' dir='ltr'><strong>deceret,</strong></span> <span class='ocrx_word' id='word_1_231' title='bbox 437 3531 516 3595; x_wconf 88' lang='lat' dir='ltr'><strong>capite</strong></span> <span class='ocrx_word' id='word_1_232' title='bbox 533 3531 580 3580; x_wconf 88' lang='lat' dir='ltr'><strong>buc</strong></span> <span class='ocrx_word' id='word_1_233' title='bbox 598 3537 621 3580; x_wconf 92' lang='lat' dir='ltr'><strong>et</strong></span> <span class='ocrx_word' id='word_1_234' title='bbox 638 3529 681 3580; x_wconf 89' lang='lat' dir='ltr'><strong>illc</strong></span> <span class='ocrx_word' id='word_1_235' title='bbox 700 3544 825 3590; x_wconf 78' lang='lat' dir='ltr'><strong>conuerso,</strong></span> <span class='ocrx_word' id='word_1_236' title='bbox 844 3530 912 3594; x_wconf 83' lang='lat' dir='ltr'><strong>qnasi</strong></span> <span class='ocrx_word' id='word_1_237' title='bbox 931 3529 1003 3579; x_wconf 89' lang='lat' dir='ltr'><strong>tacito</strong></span> <span class='ocrx_word' id='word_1_238' title='bbox 1022 3537 1089 3587; x_wconf 88' lang='lat' dir='ltr'><strong>nntn,</strong></span> <span class='ocrx_word' id='word_1_239' title='bbox 1107 3530 1127 3578; x_wconf 88' lang='lat' dir='ltr'><strong>si</strong></span> <span class='ocrx_word' id='word_1_240' title='bbox 1147 3529 1348 3594; x_wconf 80' lang='lat' dir='ltr'><strong>in&#39;aliqucscan-</strong></span> 
     </span>
     <span class='ocr_line' id='line_1_27' title="bbox 85 3613 1349 3680; baseline 0.002 -16"><span class='ocrx_word' id='word_1_241' title='bbox 85 3613 126 3667; x_wconf 82' lang='lat' dir='ltr'><strong>nti</strong></span> <span class='ocrx_word' id='word_1_242' title='bbox 147 3631 243 3669; x_wconf 84' lang='lat' dir='ltr'><strong>canaam</strong></span> <span class='ocrx_word' id='word_1_243' title='bbox 268 3616 387 3676; x_wconf 85' lang='lat' dir='ltr'><strong>dederint,</strong></span> <span class='ocrx_word' id='word_1_244' title='bbox 410 3615 503 3666; x_wconf 85' lang='lat' dir='ltr'><strong>renlana</strong></span> <span class='ocrx_word' id='word_1_245' title='bbox 527 3614 659 3678; x_wconf 89' lang='lat' dir='ltr'><strong>postulare.</strong></span> <span class='ocrx_word' id='word_1_246' title='bbox 695 3615 810 3680; x_wconf 79' lang='lat' dir='ltr'><strong>liancquc</strong></span> <span class='ocrx_word' id='word_1_247' title='bbox 834 3614 1033 3665; x_wconf 85' lang='lat' dir='ltr'><strong>consuetudinem</strong></span> <span class='ocrx_word' id='word_1_248' title='bbox 1052 3627 1099 3664; x_wconf 91' lang='lat' dir='ltr'><strong>non</strong></span> <span class='ocrx_word' id='word_1_249' title='bbox 1118 3623 1183 3665; x_wconf 85' lang='lat' dir='ltr'><strong>certe</strong></span> <span class='ocrx_word' id='word_1_250' title='bbox 1201 3615 1349 3678; x_wconf 73' lang='lat' dir='ltr'><strong>bicubitum,</strong></span> 
     </span>
     <span class='ocr_line' id='line_1_28' title="bbox 85 3699 1349 3767; baseline 0.002 -17"><span class='ocrx_word' id='word_1_251' title='bbox 85 3701 121 3750; x_wconf 83' lang='lat' dir='ltr'><strong>ced</strong></span> <span class='ocrx_word' id='word_1_252' title='bbox 136 3711 158 3752; x_wconf 91' lang='lat' dir='ltr'><strong>et</strong></span> <span class='ocrx_word' id='word_1_253' title='bbox 175 3703 281 3767; x_wconf 80' lang='lat' dir='ltr'><strong>emptica</strong></span> <span class='ocrx_word' id='word_1_254' title='bbox 299 3701 331 3752; x_wconf 91' lang='lat' dir='ltr'><strong>ita</strong></span> <span class='ocrx_word' id='word_1_255' title='bbox 349 3700 475 3766; x_wconf 81' lang='lat' dir='ltr'><strong>probatam</strong></span> <span class='ocrx_word' id='word_1_256' title='bbox 494 3699 583 3750; x_wconf 85' lang='lat' dir='ltr'><strong>babent</strong></span> <span class='ocrx_word' id='word_1_257' title='bbox 599 3700 737 3750; x_wconf 77' lang='lat' dir='ltr'><strong>ernorcnr</strong></span> <span class='ocrx_word' id='word_1_258' title='bbox 755 3701 805 3752; x_wconf 81' lang='lat' dir='ltr'><strong>riae</strong></span> <span class='ocrx_word' id='word_1_259' title='bbox 823 3701 970 3750; x_wconf 74' lang='lat' dir='ltr'><strong>Francorum</strong></span> <span class='ocrx_word' id='word_1_260' title='bbox 990 3699 1096 3764; x_wconf 84' lang='lat' dir='ltr'><strong>quidam,</strong></span> <span class='ocrx_word' id='word_1_261' title='bbox 1119 3707 1147 3750; x_wconf 87' lang='lat' dir='ltr'><strong>ct</strong></span> <span class='ocrx_word' id='word_1_262' title='bbox 1163 3699 1284 3752; x_wconf 79' lang='lat' dir='ltr'><strong>Eccleelas</strong></span> <span class='ocrx_word' id='word_1_263' title='bbox 1303 3714 1349 3752; x_wconf 90' lang='lat' dir='ltr'><strong>nc·</strong></span> 
     </span>
     <span class='ocr_line' id='line_1_29' title="bbox 86 3783 1348 3852; baseline 0.003 -20"><span class='ocrx_word' id='word_1_264' title='bbox 86 3793 140 3836; x_wconf 85' lang='lat' dir='ltr'><strong>atras</strong></span> <span class='ocrx_word' id='word_1_265' title='bbox 161 3786 195 3850; x_wconf 74' lang='lat' dir='ltr'><strong>fin</strong></span> <span class='ocrx_word' id='word_1_266' title='bbox 218 3786 307 3852; x_wconf 89' lang='lat' dir='ltr'><strong>quibus</strong></span> <span class='ocrx_word' id='word_1_267' title='bbox 332 3784 470 3836; x_wconf 86' lang='lat' dir='ltr'><strong>buinanccdi</strong></span> <span class='ocrx_word' id='word_1_268' title='bbox 488 3783 584 3850; x_wconf 82' lang='lat' dir='ltr'><strong>publiea</strong></span> <span class='ocrx_word' id='word_1_269' title='bbox 604 3783 768 3835; x_wconf 81' lang='lat' dir='ltr'><strong>reconciliatio</strong></span> <span class='ocrx_word' id='word_1_270' title='bbox 787 3799 834 3836; x_wconf 90' lang='lat' dir='ltr'><strong>non</strong></span> <span class='ocrx_word' id='word_1_271' title='bbox 854 3793 891 3836; x_wconf 84' lang='lat' dir='ltr'><strong>eat</strong></span> <span class='ocrx_word' id='word_1_272' title='bbox 908 3785 932 3835; x_wconf 89' lang='lat' dir='ltr'><strong>in</strong></span> <span class='ocrx_word' id='word_1_273' title='bbox 951 3785 1006 3845; x_wconf 85' lang='lat' dir='ltr'><strong>osc)</strong></span> <span class='ocrx_word' id='word_1_274' title='bbox 1024 3784 1201 3836; x_wconf 82' lang='lat' dir='ltr'><strong>communionis</strong></span> <span class='ocrx_word' id='word_1_275' title='bbox 1220 3799 1278 3849; x_wconf 72' lang='lat' dir='ltr'><strong>ergo</strong></span> <span class='ocrx_word' id='word_1_276' title='bbox 1294 3785 1348 3837; x_wconf 89' lang='lat' dir='ltr'><strong>adi·</strong></span> 
     </span>
     <span class='ocr_line' id='line_1_30' title="bbox 86 3869 1348 3936; baseline 0.002 -20"><span class='ocrx_word' id='word_1_277' title='bbox 86 3871 134 3930; x_wconf 88' lang='lat' dir='ltr'><strong>turi,</strong></span> <span class='ocrx_word' id='word_1_278' title='bbox 147 3871 221 3936; x_wconf 84' lang='lat' dir='ltr'><strong>&#39;princ</strong></span> <span class='ocrx_word' id='word_1_279' title='bbox 248 3871 273 3922; x_wconf 92' lang='lat' dir='ltr'><strong>in</strong></span> <span class='ocrx_word' id='word_1_280' title='bbox 292 3870 363 3920; x_wconf 90' lang='lat' dir='ltr'><strong>aliam</strong></span> <span class='ocrx_word' id='word_1_281' title='bbox 383 3871 498 3922; x_wconf 81' lang='lat' dir='ltr'><strong>Graecam</strong></span> <span class='ocrx_word' id='word_1_282' title='bbox 516 3883 544 3918; x_wconf 85' lang='lat' dir='ltr'><strong>ce</strong></span> <span class='ocrx_word' id='word_1_283' title='bbox 562 3869 696 3930; x_wconf 88' lang='lat' dir='ltr'><strong>coalerant,</strong></span> <span class='ocrx_word' id='word_1_284' title='bbox 720 3877 744 3918; x_wconf 89' lang='lat' dir='ltr'><strong>ct</strong></span> <span class='ocrx_word' id='word_1_285' title='bbox 763 3870 843 3918; x_wconf 88' lang='lat' dir='ltr'><strong>tritum</strong></span> <span class='ocrx_word' id='word_1_286' title='bbox 863 3869 922 3919; x_wconf 88' lang='lat' dir='ltr'><strong>illud</strong></span> <span class='ocrx_word' id='word_1_287' title='bbox 941 3870 1008 3933; x_wconf 85' lang='lat' dir='ltr'><strong>pacis</strong></span> <span class='ocrx_word' id='word_1_288' title='bbox 1027 3884 1081 3920; x_wconf 89' lang='lat' dir='ltr'><strong>curn</strong></span> <span class='ocrx_word' id='word_1_289' title='bbox 1100 3869 1212 3921; x_wconf 88' lang='lat' dir='ltr'><strong>omnibus</strong></span> <span class='ocrx_word' id='word_1_290' title='bbox 1230 3871 1348 3935; x_wconf 74' lang='lat' dir='ltr'><strong>expetitae</strong></span> 
     </span>
     <span class='ocr_line' id='line_1_31' title="bbox 86 3943 1347 4022; baseline 0 -19"><span class='ocrx_word' id='word_1_291' title='bbox 86 3953 208 4015; x_wconf 71' lang='lat' dir='ltr'><strong>trnbclcrc</strong></span> <span class='ocrx_word' id='word_1_292' title='bbox 222 3943 599 4022; x_wconf 75' lang='grc' dir='ltr'><strong><em>σογχωρῆοενεΧριστνανοί,</em></strong></span> <span class='ocrx_word' id='word_1_293' title='bbox 617 3952 678 4002; x_wconf 88' lang='lat' dir='ltr'><strong>elata</strong></span> <span class='ocrx_word' id='word_1_294' title='bbox 697 3967 754 4002; x_wconf 87' lang='lat' dir='ltr'><strong>roco</strong></span> <span class='ocrx_word' id='word_1_295' title='bbox 774 3954 907 4018; x_wconf 83' lang='lat' dir='ltr'><strong>proterant.</strong></span> <span class='ocrx_word' id='word_1_296' title='bbox 943 3953 1000 4003; x_wconf 78' lang='lat' dir='ltr'><strong>Tam</strong></span> <span class='ocrx_word' id='word_1_297' title='bbox 1020 3955 1173 4006; x_wconf 73' lang='lat' dir='ltr'><strong>macilentum</strong></span> <span class='ocrx_word' id='word_1_298' title='bbox 1193 3969 1248 4004; x_wconf 84' lang='lat' dir='ltr'><strong>vcro</strong></span> <span class='ocrx_word' id='word_1_299' title='bbox 1268 3961 1292 4003; x_wconf 92' lang='lat' dir='ltr'><strong>et</strong></span> <span class='ocrx_word' id='word_1_300' title='bbox 1309 3955 1347 4003; x_wconf 91' lang='lat' dir='ltr'><strong>in·</strong></span> 
     </span>
     <span class='ocr_line' id='line_1_32' title="bbox 86 4035 1347 4102; baseline 0.002 -18"><span class='ocrx_word' id='word_1_301' title='bbox 86 4035 206 4090; x_wconf 82' lang='lat' dir='ltr'><strong>dubitatum</strong></span> <span class='ocrx_word' id='word_1_302' title='bbox 224 4047 323 4090; x_wconf 84' lang='lat' dir='ltr'><strong>mutuae</strong></span> <span class='ocrx_word' id='word_1_303' title='bbox 341 4047 365 4088; x_wconf 90' lang='lat' dir='ltr'><strong>et</strong></span> <span class='ocrx_word' id='word_1_304' title='bbox 382 4037 491 4089; x_wconf 82' lang='lat' dir='ltr'><strong>sincerae</strong></span> <span class='ocrx_word' id='word_1_305' title='bbox 509 4037 632 4088; x_wconf 82' lang='lat' dir='ltr'><strong>eharitatis</strong></span> <span class='ocrx_word' id='word_1_306' title='bbox 650 4037 673 4087; x_wconf 91' lang='lat' dir='ltr'><strong>in</strong></span> <span class='ocrx_word' id='word_1_307' title='bbox 685 4037 792 4094; x_wconf 85' lang='lat' dir='ltr'><strong>Oriente,</strong></span> <span class='ocrx_word' id='word_1_308' title='bbox 811 4037 873 4102; x_wconf 87' lang='lat' dir='ltr'><strong>apud</strong></span> <span class='ocrx_word' id='word_1_309' title='bbox 892 4039 997 4088; x_wconf 81' lang='lat' dir='ltr'><strong>Graecos</strong></span> <span class='ocrx_word' id='word_1_310' title='bbox 1015 4047 1052 4088; x_wconf 89' lang='lat' dir='ltr'><strong>est</strong></span> <span class='ocrx_word' id='word_1_311' title='bbox 1069 4037 1183 4088; x_wconf 85' lang='lat' dir='ltr'><strong>indiciam</strong></span> <span class='ocrx_word' id='word_1_312' title='bbox 1202 4037 1240 4088; x_wconf 83' lang='lat' dir='ltr'><strong>ltie</strong></span> <span class='ocrx_word' id='word_1_313' title='bbox 1256 4051 1347 4096; x_wconf 85' lang='lat' dir='ltr'><strong>aermc,</strong></span> 
     </span>
     <span class='ocr_line' id='line_1_33' title="bbox 88 4121 1345 4188; baseline 0.001 -19"><span class='ocrx_word' id='word_1_314' title='bbox 88 4128 109 4169; x_wconf 87' lang='lat' dir='ltr'><strong>at</strong></span> <span class='ocrx_word' id='word_1_315' title='bbox 128 4125 165 4187; x_wconf 80' lang='lat' dir='ltr'><strong>qai</strong></span> <span class='ocrx_word' id='word_1_316' title='bbox 188 4123 281 4175; x_wconf 81' lang='lat' dir='ltr'><strong>reniam</strong></span> <span class='ocrx_word' id='word_1_317' title='bbox 304 4122 335 4174; x_wconf 86' lang='lat' dir='ltr'><strong>de</strong></span> <span class='ocrx_word' id='word_1_318' title='bbox 352 4136 421 4174; x_wconf 87' lang='lat' dir='ltr'><strong>more</strong></span> <span class='ocrx_word' id='word_1_319' title='bbox 443 4121 541 4188; x_wconf 87' lang='lat' dir='ltr'><strong>publiec</strong></span> <span class='ocrx_word' id='word_1_320' title='bbox 566 4123 657 4187; x_wconf 84' lang='lat' dir='ltr'><strong>petenti</strong></span> <span class='ocrx_word' id='word_1_321' title='bbox 675 4121 794 4172; x_wconf 81' lang='lat' dir='ltr'><strong>obstinata</strong></span> <span class='ocrx_word' id='word_1_322' title='bbox 814 4129 893 4172; x_wconf 83' lang='lat' dir='ltr'><strong>mente</strong></span> <span class='ocrx_word' id='word_1_323' title='bbox 911 4122 986 4186; x_wconf 83' lang='lat' dir='ltr'><strong>(qaod</strong></span> <span class='ocrx_word' id='word_1_324' title='bbox 1004 4122 1101 4188; x_wconf 84' lang='lat' dir='ltr'><strong>qnidam</strong></span> <span class='ocrx_word' id='word_1_325' title='bbox 1120 4123 1208 4172; x_wconf 87' lang='lat' dir='ltr'><strong>radent</strong></span> <span class='ocrx_word' id='word_1_326' title='bbox 1224 4121 1345 4171; x_wconf 84' lang='lat' dir='ltr'><strong>diccotca:</strong></span> 
     </span>
     <span class='ocr_line' id='line_1_34' title="bbox 87 4196 1346 4274; baseline -0.002 -18"><span class='ocrx_word' id='word_1_327' title='bbox 87 4197 272 4274; x_wconf 61' lang='grc' dir='ltr'><strong>ἆσιρχνίρριίν</strong></span> <span class='ocrx_word' id='word_1_328' title='bbox 289 4217 321 4258; x_wconf 85' lang='grc' dir='ltr'><strong>σε</strong></span> <span class='ocrx_word' id='word_1_329' title='bbox 338 4196 450 4272; x_wconf 69' lang='lat' dir='ltr'><strong>dorico,</strong></span> <span class='ocrx_word' id='word_1_330' title='bbox 467 4205 654 4258; x_wconf 83' lang='lat' dir='ltr'><strong>incenderatnnr</strong></span> <span class='ocrx_word' id='word_1_331' title='bbox 673 4215 697 4258; x_wconf 87' lang='lat' dir='ltr'><strong>te</strong></span> <span class='ocrx_word' id='word_1_332' title='bbox 714 4207 834 4271; x_wconf 81' lang='lat' dir='ltr'><strong>relinquo)</strong></span> <span class='ocrx_word' id='word_1_333' title='bbox 858 4206 978 4269; x_wconf 75' lang='lat' dir='ltr'><strong>tenerare</strong></span> <span class='ocrx_word' id='word_1_334' title='bbox 995 4220 1044 4258; x_wconf 90' lang='lat' dir='ltr'><strong>con</strong></span> <span class='ocrx_word' id='word_1_335' title='bbox 1062 4205 1201 4266; x_wconf 84' lang='lat' dir='ltr'><strong>lormidant,</strong></span> <span class='ocrx_word' id='word_1_336' title='bbox 1219 4205 1346 4256; x_wconf 79' lang='lat' dir='ltr'><strong>cocleatim</strong></span> 
     </span>
     <span class='ocr_line' id='line_1_35' title="bbox 87 4286 1110 4357; baseline 0.001 -19"><span class='ocrx_word' id='word_1_337' title='bbox 87 4286 125 4350; x_wconf 85' lang='lat' dir='ltr'><strong>ipsi</strong></span> <span class='ocrx_word' id='word_1_338' title='bbox 141 4291 306 4344; x_wconf 76' lang='lat' dir='ltr'><strong>Ecclesiastica</strong></span> <span class='ocrx_word' id='word_1_339' title='bbox 325 4299 444 4357; x_wconf 82' lang='lat' dir='ltr'><strong>potestate</strong></span> <span class='ocrx_word' id='word_1_340' title='bbox 462 4306 476 4341; x_wconf 89' lang='lat' dir='ltr'><strong>a</strong></span> <span class='ocrx_word' id='word_1_341' title='bbox 494 4291 605 4356; x_wconf 88' lang='lat' dir='ltr'><strong>corporis</strong></span> <span class='ocrx_word' id='word_1_342' title='bbox 624 4289 712 4343; x_wconf 75' lang='lat' dir='ltr'><strong>ebriati</strong></span> <span class='ocrx_word' id='word_1_343' title='bbox 731 4291 827 4342; x_wconf 88' lang='lat' dir='ltr'><strong>unionis</strong></span> <span class='ocrx_word' id='word_1_344' title='bbox 844 4292 958 4356; x_wconf 64' lang='lat' dir='ltr'><strong>mysterio</strong></span> <span class='ocrx_word' id='word_1_345' title='bbox 976 4298 1110 4342; x_wconf 84' lang='lat' dir='ltr'><strong>arceantur.</strong></span> 
     </span>
    </p>

    <p class='ocr_par' dir='ltr' id='par_1_7' title="bbox 87 4371 1348 4598">
     <span class='ocr_line' id='line_1_36' title="bbox 161 4371 1346 4439; baseline -0.003 -13"><span class='ocrx_word' id='word_1_346' title='bbox 161 4375 185 4437; x_wconf 82' lang='lat' dir='ltr'><strong>l)</strong></span> <span class='ocrx_word' id='word_1_347' title='bbox 208 4376 325 4428; x_wconf 86' lang='lat' dir='ltr'><strong>llcralt</strong></span> <span class='ocrx_word' id='word_1_348' title='bbox 342 4377 366 4428; x_wconf 94' lang='lat' dir='ltr'><strong>in</strong></span> <span class='ocrx_word' id='word_1_349' title='bbox 384 4375 496 4428; x_wconf 82' lang='lat' dir='ltr'><strong>Lcrldic:</strong></span> <span class='ocrx_word' id='word_1_350' title='bbox 521 4375 588 4438; x_wconf 82' lang='lat' dir='ltr'><strong>„lter</strong></span> <span class='ocrx_word' id='word_1_351' title='bbox 607 4375 712 4426; x_wconf 79' lang='lat' dir='ltr'><strong>Prieetcr</strong></span> <span class='ocrx_word' id='word_1_352' title='bbox 729 4375 794 4439; x_wconf 69' lang='lat' dir='ltr'><strong>giebt</strong></span> <span class='ocrx_word' id='word_1_353' title='bbox 812 4375 893 4436; x_wconf 78' lang='lat' dir='ltr'><strong>illurn,</strong></span> <span class='ocrx_word' id='word_1_354' title='bbox 912 4375 1029 4426; x_wconf 86' lang='lat' dir='ltr'><strong>nrcbdeur</strong></span> <span class='ocrx_word' id='word_1_355' title='bbox 1046 4375 1083 4425; x_wconf 89' lang='lat' dir='ltr'><strong>aie</strong></span> <span class='ocrx_word' id='word_1_356' title='bbox 1101 4373 1170 4424; x_wconf 78' lang='lat' dir='ltr'><strong>bride</strong></span> <span class='ocrx_word' id='word_1_357' title='bbox 1189 4371 1346 4437; x_wconf 84' lang='lat' dir='ltr'><strong>llauptbildec</strong></span> 
     </span>
     <span class='ocr_line' id='line_1_37' title="bbox 87 4455 1345 4524; baseline -0.001 -15"><span class='ocrx_word' id='word_1_358' title='bbox 87 4455 174 4516; x_wconf 76' lang='lat' dir='ltr'><strong>retum</strong></span> <span class='ocrx_word' id='word_1_359' title='bbox 194 4461 244 4513; x_wconf 85' lang='lat' dir='ltr'><strong>und</strong></span> <span class='ocrx_word' id='word_1_360' title='bbox 267 4461 312 4514; x_wconf 85' lang='lat' dir='ltr'><strong>ruit</strong></span> <span class='ocrx_word' id='word_1_361' title='bbox 334 4459 481 4512; x_wconf 74' lang='lat' dir='ltr'><strong>incendes</strong></span> <span class='ocrx_word' id='word_1_362' title='bbox 505 4461 547 4510; x_wconf 90' lang='lat' dir='ltr'><strong>acl</strong></span> <span class='ocrx_word' id='word_1_363' title='bbox 570 4460 609 4511; x_wconf 86' lang='lat' dir='ltr'><strong>dte</strong></span> <span class='ocrx_word' id='word_1_364' title='bbox 627 4459 698 4510; x_wconf 75' lang='lat' dir='ltr'><strong>decet</strong></span> <span class='ocrx_word' id='word_1_365' title='bbox 721 4459 830 4524; x_wconf 67' lang='lat' dir='ltr'><strong>gelertcu</strong></span> <span class='ocrx_word' id='word_1_366' title='bbox 848 4463 936 4512; x_wconf 75' lang='lat' dir='ltr'><strong>armen</strong></span> <span class='ocrx_word' id='word_1_367' title='bbox 959 4459 1012 4510; x_wconf 83' lang='lat' dir='ltr'><strong>aleb</strong></span> <span class='ocrx_word' id='word_1_368' title='bbox 1029 4459 1144 4522; x_wconf 65' lang='lat' dir='ltr'><strong>uerberat</strong></span> <span class='ocrx_word' id='word_1_369' title='bbox 1161 4458 1248 4517; x_wconf 88' lang='lat' dir='ltr'><strong>baben,</strong></span> <span class='ocrx_word' id='word_1_370' title='bbox 1267 4457 1345 4508; x_wconf 82' lang='lat' dir='ltr'><strong>sinent</strong></span> 
     </span>
     <span class='ocr_line' id='line_1_38' title="bbox 88 4541 1348 4598; baseline 0.001 -7"><span class='ocrx_word' id='word_1_371' title='bbox 88 4541 139 4591; x_wconf 79' lang='lat' dir='ltr'><strong>cau</strong></span> <span class='ocrx_word' id='word_1_372' title='bbox 159 4543 211 4596; x_wconf 83' lang='lat' dir='ltr'><strong>deca</strong></span> <span class='ocrx_word' id='word_1_373' title='bbox 234 4546 326 4598; x_wconf 83' lang='lat' dir='ltr'><strong>andern</strong></span> <span class='ocrx_word' id='word_1_374' title='bbox 345 4545 408 4596; x_wconf 86' lang='lat' dir='ltr'><strong>lircd</strong></span> <span class='ocrx_word' id='word_1_375' title='bbox 431 4545 481 4596; x_wconf 87' lang='lat' dir='ltr'><strong>rand</strong></span> <span class='ocrx_word' id='word_1_376' title='bbox 499 4545 567 4596; x_wconf 81' lang='lat' dir='ltr'><strong>Wein</strong></span> <span class='ocrx_word' id='word_1_377' title='bbox 586 4545 629 4596; x_wconf 89' lang='lat' dir='ltr'><strong>mlt</strong></span> <span class='ocrx_word' id='word_1_378' title='bbox 646 4545 701 4596; x_wconf 80' lang='lat' dir='ltr'><strong>decc</strong></span> <span class='ocrx_word' id='word_1_379' title='bbox 718 4543 794 4596; x_wconf 78' lang='lat' dir='ltr'><strong>Lcdcl</strong></span> <span class='ocrx_word' id='word_1_380' title='bbox 813 4558 857 4596; x_wconf 89' lang='lat' dir='ltr'><strong>aca</strong></span> <span class='ocrx_word' id='word_1_381' title='bbox 875 4545 931 4596; x_wconf 82' lang='lat' dir='ltr'><strong>dean</strong></span> <span class='ocrx_word' id='word_1_382' title='bbox 949 4543 1045 4596; x_wconf 74' lang='lat' dir='ltr'><strong>Kalcbe.</strong></span> <span class='ocrx_word' id='word_1_383' title='bbox 1080 4543 1121 4596; x_wconf 87' lang='lat' dir='ltr'><strong>Sia</strong></span> <span class='ocrx_word' id='word_1_384' title='bbox 1138 4543 1243 4594; x_wconf 77' lang='lat' dir='ltr'><strong>aiacben</strong></span> <span class='ocrx_word' id='word_1_385' title='bbox 1260 4541 1348 4594; x_wconf 80' lang='lat' dir='ltr'><strong>darual</strong></span> 
     </span>
    </p>
   </div>
   <div class='ocr_carea' id='block_1_6' title="bbox 86 4619 1345 4778">
    <p class='ocr_par' dir='ltr' id='par_1_8' title="bbox 86 4619 1345 4778">
     <span class='ocr_line' id='line_1_39' title="bbox 86 4619 1345 4760; baseline 0.002 -85"><span class='ocrx_word' id='word_1_386' title='bbox 86 4619 234 4760; x_wconf 46' lang='grc' dir='ltr'><strong>ρορκὴιίρραο</strong></span> <span class='ocrx_word' id='word_1_387' title='bbox 257 4631 302 4682; x_wconf 87' lang='lat' dir='ltr'><strong>rcit</strong></span> <span class='ocrx_word' id='word_1_388' title='bbox 325 4630 369 4682; x_wconf 89' lang='lat' dir='ltr'><strong>dar</strong></span> <span class='ocrx_word' id='word_1_389' title='bbox 385 4629 465 4683; x_wconf 82' lang='lat' dir='ltr'><strong>[tecle</strong></span> <span class='ocrx_word' id='word_1_390' title='bbox 488 4631 527 4694; x_wconf 83' lang='lat' dir='ltr'><strong>rb,</strong></span> <span class='ocrx_word' id='word_1_391' title='bbox 551 4629 640 4682; x_wconf 79' lang='lat' dir='ltr'><strong>luccen</strong></span> <span class='ocrx_word' id='word_1_392' title='bbox 664 4629 711 4682; x_wconf 83' lang='lat' dir='ltr'><strong>dec</strong></span> <span class='ocrx_word' id='word_1_393' title='bbox 729 4628 803 4682; x_wconf 76' lang='lat' dir='ltr'><strong>teitu</strong></span> <span class='ocrx_word' id='word_1_394' title='bbox 821 4630 870 4682; x_wconf 90' lang='lat' dir='ltr'><strong>cad</strong></span> <span class='ocrx_word' id='word_1_395' title='bbox 888 4631 1014 4682; x_wconf 84' lang='lat' dir='ltr'><strong>sottercen</strong></span> <span class='ocrx_word' id='word_1_396' title='bbox 1032 4629 1084 4680; x_wconf 78' lang='lat' dir='ltr'><strong>cicli</strong></span> <span class='ocrx_word' id='word_1_397' title='bbox 1103 4629 1146 4680; x_wconf 86' lang='lat' dir='ltr'><strong>crit</strong></span> <span class='ocrx_word' id='word_1_398' title='bbox 1162 4627 1231 4678; x_wconf 86' lang='lat' dir='ltr'><strong>siner</strong></span> <span class='ocrx_word' id='word_1_399' title='bbox 1246 4627 1345 4678; x_wconf 72' lang='lat' dir='ltr'><strong>meina</strong></span> 
     </span>
     <span class='ocr_line' id='line_1_40' title="bbox 152 4711 254 4778; baseline 0.02 -18"><span class='ocrx_word' id='word_1_400' title='bbox 152 4711 254 4778; x_wconf 64' lang='lat' dir='ltr'><strong>aecep‘l</strong></span> 
     </span>
    </p>
   </div>
   <div class='ocr_carea' id='block_1_7' title="bbox 0 0 1672 5302">
    <p class='ocr_par' dir='ltr' id='par_1_9' title="bbox 0 0 1672 5302">
     <span class='ocr_line' id='line_1_41' title="bbox 0 0 1672 5302; baseline 0 0"><span class='ocrx_word' id='word_1_401' title='bbox 0 0 1672 5302; x_wconf 95' lang='lat' dir='ltr'><strong> </strong></span> 
     </span>
    </p>
   </div>
  </div>
 </body>
</html>
