3336 5302
686 427 758 501 367

170 605 284 676 Καὶ(
266 635 286 676 ο
315 605 471 688 διάκονος
492 606 652 691 ἐτιχέει
617 633 656 675 το
679 604 800 720 ἀρκοῦν
821 611 1044 720 σταυροειδιῦς
1065 564 1159 676 ἔνδον
1181 615 1241 677 τοῦ
1264 605 1358 722 ἁγίου

92 709 247 800 ποτηρίου
266 710 385 798 λέγων·
414 696 522 779 Ζὲσις
539 696 706 784 πίστεως,
725 693 862 792 πλήρης
878 693 1087 792 πνεύματος
1105 694 1227 797 ἁγίου,
1247 693 1358 792 ἀμήν.

92 813 157 882 Καὶ
177 809 329 881 almvm
328 835 428 896 μενος
448 810 489 877 76
511 811 594 892 ζέον,
617 813 753 880 λσταται
771 810 890 899 μικρὸν
912 805 1055 881 ῦπούεν.

169 1018 305 1092 XXXV.
329 1026 369 1097 ‘O
392 1029 429 1100 δὲ
456 1027 562 1118 λερεύς
583 1029 687 1116 λέγει·
710 1015 753 1093 Ὀ
770 997 1153 1116 διάκονοςρπρόςελδε·
1178 1030 1234 1098 καὶ
1255 1054 1359 1117 τερος-

90 1133 194 1203 ελθιύν
213 1129 232 1202 6
257 1129 420 1212 διάκονος,
443 1137 538 1199 ποιεῖ
558 1129 737 1252 μετάνοιαν
759 1127 908 1218 εὐλαβῶς
930 1129 1031 1200 αίτιῦν
1046 1129 1262 1258 συγγρίρησιν·
1286 1128 1359 1200 666

90 1233 190 1324 ίερεύς
209 1239 339 1322 κρατῶν
360 1232 417 1300 τὸν
440 1230 534 1320 ἅγιον
556 1227 666 1320 ῦρτον,
689 1230 809 1301 δίδωσι
830 1240 877 1323 τῷ
899 1232 1057 1324 διακόνῳ·
1082 1235 1138 1303 καί
1160 1230 1359 1320 ἀσπασάμε-

88 1361 140 1416 νος
165 1332 183 1405 6
211 1333 367 1414 διάκονος
393 1332 451 1423 τὴν
466 1335 723 1446 μεταδιδοῦσαν
753 1331 844 1424 αὐτῷ
868 1341 972 1450 χεῖρα,
1002 1333 1219 1450 λαμβάνει
1185 1361 1243 1402 τον
1264 1333 1359 1423 ἅγιον

90 1433 192 1526 ῦρτον,
214 1435 336 1524 λέγων·
365 1417 542 1546 Μιτυίδρς
556 1449 634 1516 μοι,
652 1421 890 1548 δίστιρτα,
852 1453 894 1497 το
911 1425 1068 1549 τίμιρν,
1074 1423 1137 1498 καὶ
1158 1422 1266 1525 ἅγιον
1284 1430 1358 1497 σῶ-

88 1555 137 1618 ιισ
172 1532 240 1600 τοῦ
269 1521 425 1620 Κυρίου,
461 1521 525 1597 καὶ
554 1527 659 1627 Θεοῦ,
696 1523 759 1597 καὶ
797 1531 961 1622 σωτῆρος
986 1523 1096 1621 ἡιιων
1114 1525 1235 1621 Ἰησοῦ
1261 1530 1357 1623 Χρι-

90 1634 185 1700 σιοῦ.
236 1635 369 1708 Ὁόὲ“
359 1637 464 1754 ιερεὺς
485 1634 589 1726 λέγει·
619 1643 682 1752 (περ
705 1640 800 1720 δεῖνι)
836 1623 1120 1752 ἱεροδιακόνῳ
1120 1625 1357 1701 υεταδίδοται

88 1728 126 1802 τὸ
151 1727 289 1824 τίμιον,
322 1725 385 1801 καὶ
411 1725 548 1851 ἅγιον,
568 1725 632 1800 καὶ
658 1727 847 1824 ἄχραντον
873 1735 984 1823 σιῦμα
1009 1737 1077 1802 τοῦ
1103 1726 1259 1823 Κυρίου,
1294 1727 1357 1803 καὶ

91 1835 198 1919 Θεοῦ,
231 1827 295 1903 καὶ
328 1835 493 1953 σωτῆρρς
528 1825 636 1922 ἡιιων
660 1827 783 1923 Ἰησοῦ
814 1833 1004 1927 Χριστοῦ,
1038 1831 1136 1913 εἶς’
1120 1831 1256 1926 οίιρεσιν
1289 1831 1358 1904 αὐ-

88 1939 149 2005 τοῦ
175 1929 384 2028 ἁμαρτιῶν,
409 1927 549 2012 καλεῖς
576 1926 675 2026 ζωὴν
701 1925 866 2004 αὐυίνιον.
914 1944 986 2012 Καὶ
1007 1940 1189 2068 ἀπέρχεται
1210 1939 1357 2070 ὕπερθεν

87 2054 141 2136 τῆς
168 2043 260 2134 ίερᾶς
280 2043 457 2136 τραπέζης,
486 2041 655 2126 κλίνας
619 2071 678 2134 την
698 2044 856 2135 κεφαλὴν,
884 2045 941 2115 καὶ
963 2044 1178 2172 πρρςεύχεται
1201 2042 1246 2126 ὦς
1267 2043 1285 2116 ὁ
1309 2043 1357 2114 ίε-

88 2147 166 2236 ρεύς.
192 2145 337 2233 Ὁμοίως
359 2143 437 2216 δι’(
419 2172 437 2215 ο
457 2143 563 2236 ίερεύς
577 2145 743 2232 λαβών’
701 2173 782 2234 μιαν
794 2147 916 2238 μερίδα
930 2156 990 2216 τοῦ
1005 2145 1100 2237 ἁγίου
1117 2141 1229 2236 ι’ίρτοο,
1251 2148 1355 2236 λέγει·

91 2253 136 2324 Τὸ
172 2249 297 2346 τίμιον
334 2249 398 2326 καὶ
428 2246 614 2352 πανοίγιον
640 2258 749 2346 στῦμα
775 2259 843 2326 τοῦ
869 2253 1026 2347 Κυρίου,
1061 2253 1123 2327 καὶ
1153 2259 1258 2341 Θεοῦ,
1293 2251 1357 2327 καὶ

87 2360 246 2450 σωτῆρος
281 2351 407 2480 ἡμων
418 2353 540 2447 Ἰησοῦ
574 2357 744 2450 Χριστοῦ
778 2352 1021 2481 μετρδίδοταί
1055 2383 1120 2452 μοι
1126 2410 1141 2444 ,
1173 2375 1232 2458 (τῷ
1259 2370 1354 2444 δεῖνι)

87 2455 181 2552 ἱερεῖ,
217 2459 269 2538 εις
294 2450 431 2552 ἄφεσίν
455 2481 531 2547 μου
557 2454 765 2551 ἁμαρτιῶν,
801 2454 864 2529 καὶ
891 2461 941 2540 ελς
967 2455 1067 2552 ζωὴν
1094 2395 1266 2530 αλώνιυν·
1299 2468 1356 2538 καὶ

86 2568 192 2652 κλίνας
211 2567 303 2640 κάτω
324 2569 383 2658 τὴν
405 2569 562 2659 κεφαλην,
584 2567 802 2659 τιροςειίχεται
822 2571 940 2659 λέγων·

166 2687 341 2767 Πιστεύω
367 2686 494 2787 Κύριε,
531 2688 594 2764 καὶ
630 2689 863 2818 ὁμολογῶ,
850 2692 907 2767 ότι
944 2691 991 2768 σύ
1017 2691 1048 2767 εἶ
1075 2693 1095 2767 6
1121 2691 1355 2788 Χριστὸς,ὃ

88 2793 161 2877 υίὸς
184 2801 254 2868 τοῦ
283 2797 377 2868 Θεοῦ
402 2800 469 2867 τοῦ
497 2791 703 2881 ζῶντος*
686 2791 859 2869 οέλΘιύν
884 2799 935 2878 ελς
958 2794 1026 2870 τὸν
1051 2793 1119 2869 κόσ
1119 2823 1206 2921 μον,
1233 2794 1356 2919 δυρρ-

86 2893 225 3022 τριλρύς
246 2902 379 2983 στῦσαι,
406 2887 460 2968 ὥν
486 2901 631 2990 πρῶτος
656 2895 771 2990 ελμὶ
756 2893 841 2996 εγοί.
870 2897 946 2970 Ἔτι
971 2893 1145 2985 πιστεύω,
1171 2897 1228 2971 ὅτι
1244 2903 1355 3025 τοῦτρ

87 2991 173 3072 αὐτό
210 2999 288 3070 ἐστι
320 2994 421 3070 τὸν
396 3023 586 3094 αχραντον
612 2993 721 3124 σῶμρί
749 3021 831 3085 σου,
866 2997 1066 3073 καὶτοῦτο
1092 2994 1184 3073 αὐτό
1210 2997 1355 3073 ἐστιτο

86 3096 203 3223 τίμιρν
239 3093 335 3194 αίμοί
371 3120 452 3172 σου.
505 3096 645 3192 Δέομαι
671 3092 741 3174 οῦν
767 3121 849 3186 σου,
875 3096 1052 3194 ἐλέησόν
1051 3127 1093 3174 ιιι
1118 3100 1182 3173 και
1200 3096 1356 3227 συγχιλί-

87 3194 195 3326 ρησόν
219 3227 291 3326 μοι
310 3197 358 3271 τὰ
383 3195 669 3327 παραπτρίματρί
695 3226 783 3294 μου,
809 3199 856 3272 τὰ
882 3198 1045 3288 ἑκούσια,
1079 3199 1143 3274 καὶ
1168 3198 1215 3274 76
1242 3195 1355 3273 ἀκοῦ-

88 3301 156 3389 σία,
191 3300 240 3375 τὰ
276 3303 317 3374 67
352 3297 473 3428 λόγῳ,
500 3299 547 3372 τὰ
574 3303 615 3374 ἐν
628 3301 751 3426 ἔργῳ,
787 3299 835 3374 τὰ
861 3303 902 3376 67
927 3298 1076 3402 γνώσει,
1111 3299 1174 3374 καὶ
1200 3298 1351 3400 ἀγνοίᾳ

86 3403 142 3478 καὶ
176 3397 341 3488 ἀξίωσόν
374 3430 420 3490 με
453 3397 709 3498 ἀκατακρίτως
732 3408 930 3498 μετασχεῖν
954 3409 1033 3477 τῶν
1059 3398 1258 3500 ἀχράντων
1285 3425 1355 3476 σου

87 3669 115 3722 76
136 3666 209 3742 ἅγια.
242 3666 273 3722 Ὁ
297 3667 328 3722 δέ
351 3665 440 3742 ιἐρεύς
462 3669 536 3738 λέγει
558 3665 608 3735 τιῖν
629 3668 713 3739 εὐχὴν
736 3671 783 3722 καλ
801 3667 866 3730 δούς
883 3667 912 3725 τῦ
930 3666 1012 3741 ἅγιον
1029 3667 1162 3740 ποτήριον
1179 3671 1216 3738 τῷ
1233 3668 1355 3738 διατόνῳ

88 3757 226 3826 στρέφεται
244 3752 316 3826 πρὸς
331 3749 451 3823 δυσμάς.
486 3754 544 3805 Καὶ
561 3749 576 3812 ὁ
595 3749 725 3814 διιίτονος
740 3756 815 3823 λέγει
831 3760 933 3826 ττρτιεέρ
951 3756 982 3827 τῇ
999 3757 1092 3828 φωνῇ·
1110 3755 1181 3827 μετὰ
1199 3749 1291 3826 φόβου
1307 3757 1356 3808 ml

87 3844 208 3900 τέττεος·
234 3835 264 3892 τύ
289 3838 320 3893 δὲ
344 3839 545 3910 ,,αρυςέλύετε“
569 3841 743 3910 γεγωνοτέρᾳ
761 3839 850 3910 φωνῇ.
881 3833 912 3892 ‘0
928 3837 959 3892 δὲ
976 3836 1065 3910 λερεύς
1081 3840 1205 3909 εὐλογῦν
1222 3837 1270 3893 τὸν
1286 3838 1355 3892 λαὸν

86 3921 151 3990 λέγει
166 3923 319 3994 μυστικοῖς·
339 3922 432 3974 σῦσον
450 3917 465 3974 ὁ
487 3919 555 3982 Θεύς
572 3919 620 3977 τὸν
634 3919 704 3975 λαόν
721 3937 773 3975 σου
789 3924 837 3975 nal
855 3917 1005 3992 εὐλόγησαν
1022 3919 1071 3990 τὴν
1087 3925 1276 3996 κληρονομίαν
1293 3938 1354 3976 σου.

86 4007 136 4056 Kal
151 4009 322 4078 στραφέντες
334 4007 443 4072 τέύησιν
462 4001 477 4058 6
494 4003 583 4080 λερεύς
599 4003 628 4060 τύ
646 4002 779 4080 ποτήριον
795 4007 843 4058 uel
853 4009 965 4079 θυμιῶν
975 4007 1006 4060 lx
1017 4012 1108 4079 τρέτου
1118 4007 1205 4076 λέγει·
1225 3999 1354 4073 ὐψιίθητι

86 4087 127 4141 lul
143 4087 205 4151 τούς
220 4085 358 4161 οὐρανούς
374 4085 389 4142 6
411 4083 480 4150 Θεύς
496 4089 544 4142 ιιαλ
560 4089 608 4142 lul
625 4091 720 4142 πᾶσαν
737 4087 786 4156 τὴν
802 4091 855 4160 γῆν
872 4087 888 4157 ἦ
906 4087 974 4152 δόξα
991 4106 1042 4146 σου
1059 4097 1116 4160 (λιι.
1129 4095 1180 4156 43).
1193 4119 1223 4131 -
1242 4094 1272 4143 ll.
1284 4093 1312 4144 G.
1330 4100 1354 4142 el

87 4180 208 4230 nonnullae
226 4179 344 4229 Venelne:
368 4203 403 4216 -
419 4176 467 4226 καὶ
490 4168 561 4228 elue
584 4169 829 4245 μεταλαμβάνουσι
852 4172 901 4229 τόν
924 4173 1008 4246 ἅγιον
1029 4173 1115 4243 ἄρτον
1138 4171 1242 4245 ὁμοίως
1257 4175 1306 4226 καλ
1322 4173 1353 4226 τύ

86 4251 160 4326 ῦγιον
182 4255 316 4331 ποτήριον
338 4258 386 4311 καλ
406 4254 615 4326 μεταλαμβάνει
639 4253 775 4330 πρότερον
798 4256 813 4313 ὁ
830 4259 885 4330 μὲν
902 4257 991 4330 ἱερεύς
1007 4264 1069 4328 τρέα
1086 4257 1235 4332 ροφὴματα
1254 4257 1286 4310 έν
1301 4259 1353 4327 μιᾷ

86 4335 217 4398 lunulam
242 4344 291 4396 καλ
313 4341 346 4396 έν
367 4339 422 4411 μὲν
445 4344 483 4410 τῷ
502 4340 602 4414 τιροίιρι
621 4341 763 4413 ροφιὶμαιι
779 4344 865 4412 λέγει·
884 4345 923 4404 sle
940 4339 970 4397 τύ
988 4339 1080 4414 ὄνομα
1097 4342 1145 4398 τοῦ
1162 4337 1275 4413 πατρός.
1304 4338 1353 4392 Ἐν

87 4425 113 4478 el
128 4429 163 4494 τῷ
180 4426 314 4499 δευτέρῳ·
333 4427 381 4478 καλ
400 4429 448 4479 τοῦ
464 4427 534 4481 υίοῦ.
566 4422 613 4478 Ἔν
631 4428 668 4494 τρῦ
686 4430 765 4497 τρέιιμ
784 4426 829 4480 δέ·
847 4429 895 4480 τιαλ
912 4429 959 4482 τοῦ
976 4423 1059 4497 ιλγέου
1076 4421 1242 4498 πνεύματος.
1276 4429 1352 4480 lidenn

86 4511 133 4566 libri
150 4515 256 4568 cherum
275 4523 331 4580 ροτλ
348 4515 541 4567 benedictionem
559 4511 652 4564 υῦσον
668 4512 725 4563 κτλ.
744 4515 887 4580 psallentem
907 4517 996 4568 laeinnt
1014 4516 1128 4566 chorum:
1146 4511 1185 4570 εἰς
1201 4505 1291 4562 πολλὰ
1307 4508 1353 4575 έτη

86 4591 207 4652 δέσποτα.
234 4599 344 4666 Denique
361 4601 511 4651 enllenenn:
529 4593 747 4666 εὐχαριστοῦμεν
764 4598 821 4649 νιτλ.
839 4608 989 4668 postponunt
999 4600 1162 4666 λιιιίρλιοοειτ
1180 4589 1309 4664 ὐψυίθητι
1321 4619 1352 4638 ι-

86 4679 134 4733 τύν
149 4675 259 4739 αὐιίνυν
277 4693 301 4738 el
319 4684 411 4738 ιτοιίεο
428 4675 610 4754 πληρυέὴτω.
