3368 5308
697 401 767 474 511

98 581 268 666 πλείστας
300 588 380 656 τῶν
410 577 625 678 αἰσθήσεων
657 578 905 681 καθιδρύσας,
938 610 991 712 μή
1023 582 1372 715 παρεμποιλιζούσας

98 679 281 810 ἀλλήλαις.
338 687 426 766 Ταῖς
457 681 499 760 66
531 683 636 782 θριξὶ
668 683 738 780 τὴν
769 684 982 785 κεφαλήν’
966 684 1176 784 οροφαίσας,
1209 687 1302 784 πρὸς
1325 691 1369 764 τὸ

96 783 147 881 μὴ
178 780 420 882 βλάπτεσθαι
450 791 533 870 ταῖς
563 786 787 884 μεταβολαῖς
811 795 890 864 τῶν
914 786 1048 883 ἀέρων,
1084 788 1148 862 καὶ
1171 785 1296 865 πάντα
1320 789 1369 865 τὰ

97 886 187 982 μέλη
220 885 325 984 αὐτῷ
355 885 548 1016 χρησίμως
580 886 827 987 ἐμφυτεύσας,
859 892 923 964 λ’να
948 887 1014 966 διὰ
1039 887 1195 966 πάντων
1220 891 1369 989 εὔχαρι

97 995 165 1084 στῇ
192 987 252 1061 σοὶ
277 993 332 1084 τῷ
358 988 608 1120 ἀριστοτὲχγῃ.
635 988 758 1073 Αὐτὸς
783 989 1001 1120 δίσπρτα,
983 1022 1005 1065 ο
1031 989 1095 1066 διὰ
1120 999 1189 1068 τοῦ
1215 990 1369 1078 σκεύους

96 1096 160 1184 τῆς
191 1059 341 1190 ἐκλογῆς
377 1113 446 1165 σου
474 1089 632 1166 Παύλου
657 1098 726 1166 τοῦ
752 1089 960 1167 ἀποστόλου
987 1091 1284 1189 ἐντειλάμενος“
1263 1100 1368 1192 ημῖν,
1417 1159 1419 1164 .

96 1188 220 1264 πάντα
255 1195 306 1274 ελς
337 1187 453 1276 δόξαν
487 1191 556 1289 σήν
588 1199 719 1284 ποιεῖν,
754 1193 822 1270 τὸν
854 1192 1119 1325 προςελθήντα
1134 1191 1273 1272 δοῦλόν
1299 1220 1368 1271 σου

97 1288 286 1391 λτόνδε)’
265 1293 438 1420 απαρχὴν
470 1290 714 1392 ποιήσασθαι,
748 1294 949 1394 κείρασθαι
980 1295 1051 1392 τὴν
1075 1293 1196 1393 κόμην
1220 1305 1285 1394 τῆς
1309 1326 1369 1373 κε-

96 1400 217 1491 φυλῆς
244 1393 375 1484 αὑτοῦ,
409 1391 661 1498 εῦλόγηρον“
636 1425 716 1493 αμα
741 1425 795 1493 τῳ
821 1397 939 1474 αὐτοῦ
965 1395 1152 1528 ἂναιλήχιρ.
1204 1398 1279 1474 Και
1304 1397 1370 1484 δὸς

95 1496 222 1579 αὐτοῖς
254 1493 378 1571 πάντα
409 1504 567 1596 μελετᾷν
598 1500 639 1574 ἐν
672 1504 726 1596 τῷ
757 1494 865 1598 νόμῳ
899 1523 980 1588 σου,
1013 1499 1077 1573 καὶ
1107 1499 1156 1579 τὰ
1187 1495 1368 1600 εῦοίρεστοί
1464 1499 1467 1506 ’

96 1621 152 1670 σοι
179 1593 366 1695 προίττειν.

166 1697 253 1775 Ὅτι
286 1697 474 1828 ἐλεήμων
479 1697 544 1774 καὶ
576 1695 847 1800 φιλάνθρωπος
875 1697 1020 1782 Θεὸς“
998 1696 1186 1798 υπσίρχεις,
1220 1701 1284 1777 καὶ
1309 1703 1370 1806 σοὶ

95 1798 162 1896 τήν
199 1797 372 1885 δόξαν’
352 1802 630 1898 αναπίμπομεν,
664 1809 718 1900 τῷ
752 1801 884 1900 πατρὶ,
917 1800 981 1876 καὶ
1013 1809 1067 1898 τῷ
1093 1803 1187 1900 υἱῷ,
1218 1803 1282 1878 καὶ
1313 1812 1386 1934 τρλ

96 1901 190 2003 ἁγίῳ
216 1898 412 2031 πνεύματι,
442 1911 516 1981 νῦν
542 1903 606 1978 καὶ
633 1901 701 1992 ἀεὶ,
729 1903 792 1976 καὶ
819 1907 869 1988 εἰς
895 1900 983 1986 τοῦς
1009 1905 1149 1987 αἰῶνας
1173 1911 1252 1980 τῶν
1278 1903 1369 1980 666-

96 2032 185 2079 νων
226 2001 355 2099 Ἀμήν.

175 2102 349 2234 Εἰρήνη
343 2111 445 2180 πᾶσι.
502 2103 577 2190 Τὰς
600 2103 810 2204 κεφαλὰς”
787 2111 899 2200 υμῶν,
923 2113 977 2204 τῷ
989 2104 1132 2233 Κυρίῳ
1158 2106 1316 2203 κλίνατε.

179 2205 349 2304 Κύριε*
330 2236 350 2281 ο
380 2204 520 2290 Θεὸς*
499 2215 674 2332 ήμῶν,ο
725 2213 848 2280 κτσῦ
853 2205 1117 2337 πληρώματος
1140 2216 1204 2306 τῆς
1228 2197 1368 2306 ιιολυμ-

97 2305 249 2406 βήθρας
281 2306 346 2383 διὰ
378 2337 443 2392 τς
475 2315 540 2406 σῆς
574 2305 865 2437 6766616603‘
843 2306 1010 2437 αγιοίσας
1033 2309 1120 2438 τοῦς
1152 2315 1203 2395 ελς
1235 2309 1275 2385 σε
1309 2339 1370 2384 πι-

97 2407 308 2498 στεύοντας,
315 2338 597 2538 666676006
560 2439 602 2486 το
627 2409 750 2508 παρὸν
776 2405 921 2506 νήπιον,
947 2409 1011 2488 καὶ
1028 2409 1091 2486 ’ἐπὶ
1112 2410 1181 2508 τήν
1203 2411 1368 2511 κεφαλήν

96 2512 214 2586 αὐτοῦ
240 2510 263 2607 6
290 2507 439 2613 εὐλογία
465 2537 534 2586 σου
559 2510 770 2608 καταβήτω.
811 2510 939 2587 Kaz‘
910 2542 961 2596 ως
986 2509 1188 2642 εὐλογήσας
1211 2511 1276 2642 616
1302 2521 1370 2596 τοῦ

95 2610 290 2712 προφήτου
316 2612 499 2742 Σαμουὴλ
526 2612 655 2710 Δαβὶδ
685 2613 753 2688 τὸν
784 2613 953 2710 βασιλεα,
976 2611 1189 2790 εῦλογήσσν
1213 2615 1277 2690 καὶ
1301 2614 1371 2712 τήν

96 2713 262 2814 κεφαλὴν
286 2723 355 2789 τοῦ
380 2708 519 2789 δούλου
546 2740 615 2790 σου
642 2714 799 2844 (τοῦδε)
801 2713 865 2790 διὰ
888 2715 1011 2814 χειρὸς
1035 2719 1127 2808 ἐμοῦ
1152 2717 1270 2792 τοῦς
1247 2745 1370 2816 αμαρ-

97 2823 231 2946 τωλοῦ,
268 2819 472 2914 ἐπιφοιτῶν
498 2815 601 2914 αὐτῷ
628 2825 681 2914 τῷ
708 2814 893 2913 πνεύματί
918 2844 988 2894 σου
1012 2825 1067 2914 τῷ
1093 2817 1200 2919 ἁγίῳ.
1243 2819 1371 2904 Ὅπως

97 2915 318 3010 προκόπτων
344 2921 385 2993 ἐν
410 2917 532 3013 ἡλικίᾳ
557 2917 620 2993 καὶ
645 2888 754 3015 πολιᾷ
781 2915 916 3044 γήρως,
943 2915 1060 3047 66667
1078 2944 1136 2993 σοι
1153 2920 1369 3018 ἀναπεμιγῃ,

95 3048 156 3094 και
144 3018 246 3114 ἰἰλῃ
272 3017 319 3093 τὰ
346 3019 479 3121 ἀγαθοὶ
500 3018 749 3118 λερσυσαλήμ,
786 3017 908 3102 πείσας
933 3019 1000 3103 τὰς
1024 3018 1162 3117 ἡμέρας
1185 3028 1251 3117 τῆς
1276 3019 1371 3118 ζωῆς

94 3121 224 3195 αὑτοῦ.

167 3238 254 3366 Ὅτι
287 3238 412 3336 πρέπει
447 3264 506 3313 σοι
539 3246 642 3314 πᾶσα
675 3234 780 3326 δόξα,
813 3235 900 3334 τιμή
932 3236 995 3312 καὶ
1033 3238 1288 3338 προςκύνησις,
1314 3245 1368 3337 τῷ

94 3338 221 3437 πατρὶ,
254 3339 318 3416 καὶ
350 3349 404 3438 τῷ
437 3341 523 3438 υἱῷ,
556 3339 619 3418 καὶ
651 3348 705 3438 τῷ
738 3337 835 3443 ἆγίιρ
857 3335 1065 3469 πνεήματι,
1099 3348 1172 3417 νῦν
1202 3339 1266 3418 και
1298 3341 1382 3442 ἀεὶ,

93 3443 157 3517 καὶ
184 3447 237 3525 ελς
261 3439 354 3526 τοὺς
374 3412 515 3526 αἰῶνας
539 3449 618 3518 τῶν
644 3412 806 3519 6666.
857 3436 987 3538 Ἀμήν.
1080 3493 1082 3496 -

178 3573 251 3642 Καὶ
271 3572 421 3667 κουρείει
442 3570 544 3643 αὐτὸν
564 3577 796 3665 σταυροειιλῶς,
819 3573 932 3663 λέγων.
940 3578 962 3656 ¹)

177 3677 348 3777 Κείρεται
384 3677 564 3764 ὁιλσῦλος
589 3685 656 3754 τοῦ
687 3683 780 3754 Θεοῦ
807 3677 838 3774 (6
865 3677 982 3776 δεῖνα)
1010 3678 1123 3762 είς
1084 3709 1128 3754 το
1155 3677 1276 3775 ὄνομα
1299 3685 1368 3806 τοῦ

93 3780 247 3880 πατρὸς,
284 3779 347 3856 καὶ
381 3787 450 3855 τοῦ
485 3782 583 3869 υἱοῦ,
619 3779 682 3854 καὶ
716 3789 785 3855 τοῦ
799 3778 922 3907 ἁγίου
944 3777 1169 3910 πνεήματος,
1204 3789 1278 3856 νῦν
1302 3777 1367 3856 καὶ

96 3882 165 3972 ἇει,
192 3881 257 3957 καὶ
283 3887 333 3966 εἲς
356 3880 444 3965 τοὺς
470 3887 610 3966 αλῦνας
633 3889 712 3958 τιῦν
738 3878 898 3957 αἰώνων.
944 3878 1072 3977 Ἀμήν.

182 4157 207 4216 1)
234 4155 350 4206 λλαιελι
367 4157 391 4206 λα
409 4155 521 4206 Lexidio:
549 4153 619 4205 λλλοεε
647 4155 843 4218 niniae-Locha
866 4154 963 4206 σειιλειι
981 4154 1073 4205 εοτιολιλ
1092 4155 1131 4204 1ιεί
1149 4152 1194 4204 ιλιι
1210 4151 1368 4215 Ελελλελλιιιις

97 4253 148 4290 εισι
167 4239 270 4290 λλὺιιελιε
296 4240 344 4291 und
371 4240 422 4290 λιεί
449 4240 504 4290 der
530 4246 640 4289 ετιιειι
669 4239 871 4302 ςελειλλαλιεο
890 4239 996 4290 Weihe
1021 4239 1072 4288 λιελ
1091 4237 1264 4288 ιλειλιαλε
1282 4238 1306 4286 λιι
1324 4237 1368 4287 ιλιι

99 4324 262 4386 griechischen
280 4325 366 4376 λλλτολιε
391 4323 579 4388 ελριειλιαλιιεο,
604 4323 669 4373 nicht
695 4325 753 4374 ιλιετ
775 4324 813 4374 εἰσ
831 4323 1012 4383 ὃτλελιελλιελε,
1037 4323 1081 4372 τελε
1104 4322 1143 4371 boi
1167 4322 1213 4372 ιλειι
1231 4321 1367 4373 mainan.

99 4407 165 4459 Ζιιεε
181 4417 235 4472 sagi
253 4411 355 4460 German
375 4410 452 4462 noch:
471 4409 537 4470 „Dan
555 4409 676 4458 Scheeren
692 4409 735 4458 ιλιι
753 4407 859 4473 λλιιιριεε
878 4409 920 4458 ιλιι
939 4408 1055 4458 Prienen
1073 4405 1121 4456 und
1137 4406 1183 4456 ιλεε
1201 4405 1368 4467 λτελελῠιωλςε

99 4494 263 4544 λλειλιρελιλειι
288 4494 331 4544 ιλιι
348 4494 511 4544 λλλιιεθιελοει·
528 4493 606 4543 λλεετε
624 4494 656 4542 λιι
673 4495 712 4544 λιιι
729 4491 768 4542 die
786 4493 959 4543 λλοιιιερλωοε
1055 4491 1103 4539 Der
1121 4505 1160 4540 αα
1179 4491 1225 4541 (λιιι
1244 4489 1308 4554 λλορλ
1324 4488 1367 4540 ιλει

100 4577 214 4628 Prienen
239 4578 433 4651 λιετιιπιςιλιεριλε
451 4578 618 4643 λλορρελλτεια
642 4593 685 4628 aus
709 4577 753 4628 ιλιι
769 4577 935 4640 Βιιελελιιιοος
952 4577 995 4628 der
1013 4575 1090 4624 λλιιιε
1107 4575 1175 4626 stelit
1192 4575 1230 4625 ιλλε
1248 4573 1366 4626 milicho

101 4659 238 4725 Scheerung
262 4663 305 4714 des
322 4663 434 4728 λριελελε
452 4663 537 4714 Petrus
561 4663 612 4725 dar,
640 4661 677 4714 ελι
701 4677 728 4712 er
744 4677 790 4714 τοι
808 4661 855 4714 den
872 4661 1036 4724 λλιιςλλσλλςοο
1054 4659 1189 4724 ρειελιοιειι
1207 4658 1305 4711 worden
