3378 5302
949 412 998 486 78

412 594 519 675 XXII.
560 609 632 682 Καὶ
653 603 673 680 ὁ
695 579 849 690 διώκοις
926 608 1007 680 iw-
1048 543 1111 694 1⁷6
1125 573 1225 694 ’θεῷ
1257 592 1323 670 διὰ
1348 603 1416 674 τοῦ
1439 599 1608 694 Χριστσῖ

334 697 452 776 αὐτοῦ
476 696 623 776 ιιλίνατε
648 697 710 774 καὶ
734 695 960 800 εύλογεῖσε.

411 863 483 934 Καὶ
504 861 523 932 6
545 859 733 944 ἐπίσκοπος
760 864 822 932 ἐπε
823 863 968 978 υχόσθω,
996 861 1117 977 λέγων,
1143 847 1189 927 Ὁ
1224 846 1363 934 Θεὸς
1344 877 1366 924 ο
1397 846 1610 945 παντοκρά-

333 980 424 1051 τωρ,
458 950 478 1028 6
512 949 692 1082 ἀληθινός
721 951 785 1026 καὶ
816 949 1052 1128 ἀσύγκριτος,
1087 949 1108 1026 6
1143 957 1340 1048 πανταχοῦ
1363 947 1420 1031 (ἀν
1443 948 1506 1025 καὶ
1529 955 1610 1036 τοῖς

333 1061 426 1130 πᾶσι
450 1051 583 1184 πυρρὸν
606 1081 672 1128 και
658 1051 737 1128 ἐν
762 1051 944 1184 οὐδενὶ
915 1083 966 1139 ως
989 1049 1112 1130 ἐνόντι
1136 1051 1332 1184 ὑπάρχων,
1361 1081 1382 1128 σ
1367 1048 1531 1135 τόποις
1558 1051 1609 1150 66

332 1151 672 1284 περιγραφόμενος,
713 1153 734 1229 6
763 1153 915 1254 χρόνοις
945 1154 997 1255 μὴ
1029 1153 1321 1254 παλαιούμενος,
1360 1152 1380 1228 6
1413 1159 1523 1228 αίῶσι
1554 1152 1609 1250 μὴ

334 1255 618 1386 περαιούμενος,
646 1255 666 1331 6
700 1251 822 1359 λόγοις
846 1257 898 1354 μὴ
923 1254 1248 1384 παραγόμενος,
1230 1286 1250 1332 σ
1274 1246 1428 1384 γενέσει
1437 1253 1489 1351 μὴ
1513 1251 1610 1382 ἀπσ-

333 1387 516 1456 κειμεμσς,
542 1388 563 1433 ο
596 1365 765 1457 φυλακῆς
795 1357 848 1456 μὴ
880 1357 1129 1452 δεόμενος,
1108 1356 1367 1488 οηφθσρᾶᾘ
1346 1353 1606 1455 ανωτερος,

332 1469 469 1558 τροπῆς
509 1459 827 1550 ἀνεπίδεκτος,ἀ
806 1457 979 1587 οφύσει
1011 1459 1280 1550 ἀναλλοίωτος,
1321 1458 1341 1534 6
1378 1465 1459 1558 φῶς
1492 1461 1609 1534 ολιιῶν

333 1559 532 1660 ἀπρόςιτσν
557 1583 587 1658 (1
597 1579 674 1647 Tun
688 1583 719 1654 6,
735 1583 801 1658 16),
837 1560 857 1637 6
883 1570 928 1660 τῇ
955 1558 1066 1692 φύσει
1091 1561 1263 1660 ἀόρατος,
1298 1591 1318 1636 ο
1304 1558 1509 1688 γνωστὸς
1533 1561 1609 1634 ποί-

333 1687 416 1748 σαις
447 1667 529 1747 ταῖς
559 1663 639 1758 μετ’
670 1662 817 1748 εὐνοίας
851 1659 1086 1761 ἐκζητσύσαις
1120 1689 1160 1792 ρε
1193 1668 1364 1790 λσγιιιαῖς
1381 1659 1607 1762 wamma

333 1760 713 1862 καταλαμβανόμενος
744 1763 818 1845 ἀπὸ
851 1772 930 1844 τῶν
960 1768 1002 1842 ἐν
1033 1765 1161 1866 εύνοίρ
1193 1760 1466 1862 ἐπιζητούντων
1491 1786 1548 1837 σε·
1585 1761 1609 1837 6

336 1867 423 1952 Θεὸς
441 1865 600 1964 Ἰσραὴλ,
633 1895 702 1941 τσιι
734 1867 926 1964 ἀληθινῶς
959 1864 1135 1997 ὄρωντμς,
1170 1875 1239 1944 τοῦ
1270 1872 1322 1952 είς
1344 1864 1512 1994 Χριστὸν
1544 1891 1608 1938 πι-

332 1965 556 2097 στεύσαντος
580 1976 674 2044 λαοῦ
699 1991 785 2044 σου·
814 1967 969 2066 εὐμενὴς
991 1967 1191 2098 γιγόμενος
1216 1963 1427 2044 ἐπόκσοσόν
1449 1991 1536 2094 μου
1541 1963 1609 2041 διά

331 2069 375 2146 τὸ
402 2067 521 2164 όνομό
549 2092 631 2160 σου,
663 2069 727 2145 καὶ
719 2067 955 2198 εὐλόγησον
976 2067 1067 2156 τσύς
1092 2095 1151 2146 σοι
1174 2065 1385 2154 κεκλιιιύτσς
1407 2065 1494 2152 τοὺς
1518 2069 1610 2144 ἑαυ-

331 2179 411 2299 166
450 2169 627 2298 αὐχένας,
667 2170 746 2246 καὶ·
764 2169 831 2254 δὸς
862 2171 990 2256 αὐτοῖς
1026 2171 1075 2246 τὰ
1106 2170 1294 2268 αἰτήματα
1325 2177 1405 2246 τῶν
1438 2167 1610 2298 καρδιῶν

333 2271 462 2399 66166
493 2269 541 2346 τά
571 2272 632 2346 ἐπὶ
668 2271 919 2371 συμφέροντι,
958 2301 1023 2348 και
1053 2272 1199 2403 μηδένα
1231 2273 1360 2402 αι’πῶγ
1393 2268 1609 2399 ἀπόβλητον

332 2368 485 2470 ποιήσῃς
508 2375 550 2447 ἐκ
574 2381 640 2470 τῆς
661 2373 874 2471 βασιλείας
879 2397 960 2464 σου,
996 2374 1091 2450 ἀλλά
1116 2373 1278 2503 ἁγίασον
1303 2373 1452 2464 αὐτοὺς,
1486 2368 1610 2472 φρού-

334 2501 461 2576 ρησσν,
488 2475 687 2564 σκίπσισσν,
713 2474 981 2575 ἀντιλαβσῦ,ῥ
982 2484 1070 2552 ὗσαι
1095 2484 1163 2552 τοῦ
1189 2477 1398 2574 ἀλλοτρίου,
1422 2473 1487 2550 καί
1511 2501 1610 2555 παν-

332 2575 395 2661 τός
426 2580 582 2706 ἐχθρσύ,
615 2575 703 2662 τσὺς
735 2581 859 2662 οἴκους
883 2578 1012 2654 αὐτῶν
1038 2574 1221 2678 φύλαξον,
1257 2577 1325 2664 τὰς
1350 2572 1585 2662 ελςόδσυς’
1538 2605 1611 2652 αυ-

333 2687 412 2757 τῶν
435 2677 500 2754 καὶ
522 2677 591 2762 τάς
615 2675 767 2764 ἐξόδους
791 2673 1024 2808 666666606·
1052 2680 1110 2756 ότι
1136 2705 1195 2755 σοι
1216 2675 1322 2770 δόξα,
1348 2677 1464 2767 σίνος,
1489 2705 1609 2781 μεγα-

332 2780 539 2877 λοπρέπεια,
573 2780 698 2878 σε’βας,
732 2779 986 2908 πρρςκύμηρις,
1021 2781 1084 2909 κμὶ
1117 2789 1171 2880 τῷ
1198 2789 1253 2880 σῷ
1279 2778 1417 2858 παιδι’
1415 2787 1527 2908 [6006
1553 2789 1608 2878 τῷ

332 2887 486 2980 Χριστῷ
522 2904 592 3011 σρυ
623 2889 679 2980 τῷ
710 2883 829 2980 κυρίῳ
851 2882 964 3011 6666
989 2883 1052 3008 καὶ
1081 2889 1159 2982 θεῷ
1185 2912 1250 2958 και
1237 2883 1431 2980 βασιλεῖ,
1464 2911 1529 2957 και
1552 2913 1574 2956 τ

333 2981 430 3087 ἀγίῳ
464 2980 661 3078 πνεύματι,
694 2992 768 3060 νῦν
800 3012 864 3059 και
889 2983 947 3060 ἀει
970 2985 1035 3060 καὶ
1060 2990 1110 3069 τίς
1134 2982 1223 3069 τοὺς
1247 2989 1388 3069 αίιΐινας
1411 2991 1490 3059 τῶν
1516 2987 1610 3060 αλω-

332 3113 421 3163 νων.
460 3081 572 3182 ἀμήν.

333 3366 432 3458 6166
450 3395 513 3446 noch
531 3394 570 3444 hei
589 3391 784 3457 Celegenheiten,
812 3407 848 3442 τισ
866 3393 905 3442 ein
922 3392 1087 3444 οτδισιεοδετ
1105 3390 1173 3442 Theil
1192 3391 1236 3443 δατ
1253 3391 1384 3444 ῦοωείοόε
1401 3405 1455 3442 zum
1473 3391 1547 3444 ΤίεσΙι
1565 3391 1608 3443 δατ

334 3479 409 3530 Herm
428 3479 507 3541 ραλιεῑ,
525 3476 656 3540 gebracht
673 3475 769 3526 werden
787 3476 903 3526 λοσοιεέ·

419 3578 443 3640 l)
468 3579 689 3641 chrysostom.
708 3577 779 3627 Ησιο.
796 3577 827 3625 ι1ι
844 3575 983 3641 Βιριὶιοιοε
1008 3575 1037 3624 τί
1051 3577 1148 3641 ποιεῖς,
1166 3569 1318 3643 ἅνθρωπος
1341 3573 1390 3627 τοῦ
1408 3573 1532 3642 Χριστοῦ
1549 3591 1610 3626 πα-

332 3653 436 3729 ρόντος,
454 3658 509 3710 τῶν
525 3655 654 3727 ἀγγέλων
670 3650 864 3725 παρεστώτων,
882 3656 928 3721 τῆς
944 3657 1059 3726 ηριτιτῆς
1075 3653 1173 3724 ταύτης
1189 3660 1321 3728 τραπέζης
1337 3659 1529 3726 προκειμένης,
1553 3659 1612 3711 τῶν

332 3741 465 3811 ἀδελφῶν
481 3757 533 3795 σου
549 3744 834 3813 μυσταγυγουμένων
850 3739 897 3806 ἔτι,
915 3737 998 3801 αὐτὸς
1012 3739 1173 3795 καταλιπόν
1190 3738 1354 3809 ἀποπηδᾷςς
1370 3741 1420 3794 ιιαλ
1431 3738 1479 3794 ίπλ
1489 3739 1611 3796 δεῖπνον

331 3824 387 3898 μίν
410 3827 434 3878 ελ
457 3826 566 3898 κληθῇς,
589 3819 644 3894 κᾷν
660 3821 798 3898 πρότερον
814 3823 957 3897 κορεσσῇς,
975 3821 1008 3879 σύ
1027 3826 1129 3895 τολμᾷς
1145 3829 1201 3879 τῶν
1217 3821 1309 3879 ἀλλων
1326 3820 1517 3896 ἀνακειμένων
1534 3822 1612 3878 ἀνα-

328 3911 456 3982 χωρῆσαι
471 3907 527 3982 πρό
545 3910 600 3963 τυῖν
617 3912 709 3980 φίλων
726 3899 818 3969 αδτός.
852 3907 974 3962 ἐνταῦθα
992 3909 1022 3964 δὲ
1040 3911 1095 3964 τῶν
1112 3911 1237 3981 φρικτόν
1252 3911 1300 3963 τοῦ
1309 3911 1433 3978 Χριστοῦ
1446 3911 1612 3980 μυστηρίων

331 3993 543 4062 ἐπιτελσςιένυν,
567 3997 613 4061 τῆς
634 3995 712 4066 ἱερᾶς
735 3991 841 4059 τελετῆς
862 3987 1037 4062 συνεστώσης
1058 3993 1107 4062 ἐτι,
1129 3993 1349 4065 ιιαταλιμπόνεις
1370 3991 1402 4047 έν
1418 3995 1495 4064 μέσηι
1512 3987 1609 4047 πάντα

332 4081 379 4131 aaz
402 4075 565 4150 ιἰναχιτρεῖς.
598 4080 646 4132 ιιαλ
669 4079 723 4132 πού
740 4080 823 4131 ταῦτα
841 4073 1010 4178 σμγγνιόμης
1027 4072 1108 4143 666,-
1132 4082 1215 4138 ποίας
1230 4077 1261 4131 δὲ
1279 4077 1449 4148 ἀπολογίαις
1471 4070 1610 4176 βούλεσθε

331 4165 411 4229 είπσι,
430 4168 503 4222 τίνος
519 4161 603 4233 ἔργον
620 4165 749 4218 ποιοῦσιν
770 4163 799 4217 σί
815 4161 870 4230 πρό
887 4163 933 4228 τῆς
949 4155 1205 4234 συμπληρώσεσις’
1188 4166 1406 4232 αναχωρσῦντες,
1428 4161 1477 4214 aaz
1492 4157 1542 4221 τὰς
1558 4163 1610 4215 εὐ-

328 4251 525 4318 χαριστηρίους
546 4245 621 4313 ᾠδὰς
644 4248 694 4301 σύν
711 4245 890 4347 ίαιφέρρντες
905 4247 943 4314 τῷ
960 4249 1029 4300 τέλει
1046 4250 1092 4312 τῆς
1108 4247 1306 4316 τραπέζηςς-
1272 4243 1374 4302 -ἀιε
1390 4242 1558 4312 ἐιισινιύνησε
1576 4225 1609 4300 τί

332 4331 451 4430 ἔμχμτον
475 4327 630 4386 δεῖπνον’
617 4351 633 4386 ο
653 4328 769 4434 Ἰούδας,
795 4326 826 4384 τό
851 4327 921 4384 ma
944 4328 993 4398 την
1017 4331 1175 4384 τελευταίαν
1197 4324 1283 4386 νύιιτα
1301 4330 1418 4398 ἐκείνην,
1441 4332 1496 4384 τῶν
1512 4324 1609 4384 ἀλλων

332 4409 465 4516 ἀγόντων
486 4413 677 4516 ἀνακειμένων
700 4411 784 4475 αὐτὸς
812 4408 994 4487 προπηδήσας
1015 4414 1102 4483 ἐξέβη.
1137 4413 1245 4469 έιιεινον
1268 4419 1363 4470 τοίνυν
1383 4414 1536 4486 μιμοῦνται
1558 4414 1610 4468 ιιαλ

332 4485 417 4566 οὗτοι,
442 4498 470 4552 σί
491 4495 546 4570 πρὸ
563 4497 609 4566 τῆς
624 4495 740 4603 ἐσχάτης
757 4494 956 4566 ἀποπηδῶντες
971 4497 1154 4569 εὐχαριστίας.
1188 4499 1294 4560 ίιιεῖνος
1309 4499 1364 4570 γὰρ
1381 4501 1407 4552 εί
1422 4493 1462 4569 μὴ
1477 4499 1608 4552 κατέλιπε

331 4579 395 4641 τσύς
411 4584 605 4682 συμμμθητιλς,
622 4582 672 4638 οόιι
690 4578 728 4638 ἀν
744 4576 880 4642 ἀπώλετο.
915 4588 1219 4655 Ρτεοδο-Ιλλοτγαλτιορ.
1238 4588 1303 4640 λι..
1320 4581 1470 4654 μετασχύν
1485 4583 1534 4638 ιιαλ
1550 4600 1609 4653 με-

331 4663 458 4728 ταδιδούς
474 4661 501 4735 (6
517 4665 655 4741 ίερόρχητ)
672 4671 826 4738 ιωινιινίας,
843 4670 883 4730 είς
898 4667 1077 4744 εδχαριστίαν
1092 4665 1172 4741 ίεράν
1187 4661 1345 4740 καταλήγει
