3378 5302
934 419 982 494 82

320 607 445 675 Sanctae
473 605 582 670 Christi
604 604 657 668 hei
679 603 817 668 civitatis.
860 603 916 666 llic
936 589 1034 668 eumer
1057 601 1224 666 aliosesse
1244 601 1349 682 nequit
1368 619 1405 664 ae
1423 600 1599 664 Patriarcha

320 707 616 788 hierosolymitanus.
658 705 760 786 ltaque
790 705 960 768 menlhrana
987 705 1035 767 illa
1055 704 1257 766 Messanensis
1277 702 1385 783 prohat
1406 701 1602 776 senentiam

321 809 470 880 exstitisse
485 807 646 888 Liturgiun
658 806 799 870 ecclesiae
813 805 1097 886 hierosolymitanae
1111 806 1274 886 propriam,
1285 804 1404 878 Misere,
1420 822 1496 886 quae
1509 804 1602 882 vulgo

320 910 376 974 suh
398 911 497 976 lacohi
519 909 641 973 nomine
663 910 756 972 lentur
783 925 955 986 congruam,
984 907 1114 969 sortasse
1134 906 1265 970 asicilia
1280 925 1314 970 sa
1329 911 1602 986 aemteacceptsm,

322 1030 378 1092 qua
401 1021 541 1092 occupata
563 1010 619 1074 luit
639 1009 735 1072 insula
756 1008 792 1070 ah
814 1008 970 1076 Iustiniani
992 1009 1133 1072 ererum.

406 1114 440 1176 ln
462 1113 555 1178 altero
577 1110 689 1182 codice,
707 1129 725 1172 e
746 1111 930 1173 monasterio
953 1110 983 1174 S.
1006 1111 1115 1174 hieriae
1136 1101 1343 1195 ὁδηγητρίας,
1366 1107 1446 1188 quod
1466 1107 1603 1170 llossani

321 1215 398 1295 apud
421 1215 561 1278 Calabros
584 1213 640 1276 sub
662 1211 798 1276 instituto
820 1212 853 1275 S.
875 1210 976 1273 Basihi
1007 1212 1105 1286 lieret,
1127 1211 1251 1274 Romam
1273 1209 1306 1272 in
1327 1209 1543 1274 monasterium
1565 1209 1603 1272 S.

321 1316 423 1378 Basilii
445 1317 482 1378 de
503 1315 578 1378 urhe
594 1313 691 1376 delato
707 1313 845 1392 leguntur
859 1312 1008 1392 Liturgiae
1022 1313 1113 1388 Petri,
1136 1311 1237 1387 hlaroi,
1260 1310 1368 1385 Iacchi,
1392 1309 1604 1391 chrysostomi

323 1426 354 1482 et
374 1417 465 1480 multa
488 1416 543 1480 aha
566 1435 640 1497 quae
662 1421 799 1494 spectant
819 1414 854 1476 ad
876 1413 1104 1492 ritusdirinos.
1146 1413 1331 1476 Adnotatum
1352 1412 1488 1475 monaehi
1498 1411 1603 1474 Basilii

322 1519 358 1580 de
386 1518 461 1582 urhe
488 1519 519 1580 in
548 1517 650 1581 codice
671 1533 738 1596 pag·
754 1517 811 1580 42:
840 1515 1075 1589 „custodiendus
1098 1513 1263 1594 diligenter,
1294 1531 1362 1578 nam
1385 1533 1419 1576 ex
1441 1514 1501 1576 hoc
1520 1513 1603 1576 hhro

322 1620 468 1700 exscnpta
490 1617 546 1680 luit
567 1617 698 1697 Licurgia
719 1616 750 1678 S.
772 1616 862 1678 Marci
884 1624 915 1679 et
935 1615 992 1678 luit
1012 1615 1188 1678 hensmissa
1210 1615 1326 1678 cuidam
1347 1615 1497 1678 (laconico
1511 1615 1603 1678 Pari-

322 1722 415 1794 siensi
438 1720 649 1797 (Reualdotio),
671 1719 721 1798 qui
744 1719 820 1798 typis
844 1737 908 1780 earn
930 1717 1079 1780 mandarit
1099 1735 1166 1780 cum
1188 1717 1281 1780 nimio
1304 1718 1452 1780 honere.‘⁴
1481 1716 1604 1780 nono-

321 1823 421 1886 dinius
451 1822 583 1886 codicem
610 1820 804 1899 exscriptum.
819 1828 904 1900 putat
932 1837 969 1881 ex
995 1817 1093 1898 aliquo
1115 1819 1214 1882 rituali
1234 1817 1430 1892 Antiocheno,
1458 1818 1604 1898 quoniam

321 1925 355 1988 lit
376 1922 520 1986 memoria
535 1923 768 2003 patriarcharum
781 1920 1034 1984 Antiochenorum
1050 1919 1087 1983 ah
1102 1920 1170 2000 ipso
1184 1919 1273 1982 Petro
1289 1921 1426 2002 apostolo
1443 1919 1480 1982 ad
1496 1919 1603 1982 Theo-

322 2025 440 2088 dosium
462 2043 568 2104 usqua,
595 2024 654 2086 hoc
676 2031 724 2084 ast
744 2021 865 2086 circitor
886 2022 923 2085 ad
944 2041 1023 2086 saec.
1046 2021 1115 2084 xfl:
1143 2022 1199 2085 sub
1222 2022 1298 2084 hanc
1318 2029 1444 2084 aetatem
1465 2011 1605 2084 codicem

321 2134 471 2191 exaratum
492 2143 561 2188 csse
580 2124 748 2188 arbitratur.
777 2123 822 2184 Es
842 2124 898 2185 hac
919 2122 1090 2186 membrana
1111 2121 1310 2184 hionaldinius
1331 2121 1479 2203 liturgiam
1500 2123 1605 2184 iacobi

322 2245 398 2307 quae
425 2226 531 2305 incipit
555 2243 586 2304 p.
602 2226 642 2288 85
670 2230 702 2286 ct
729 2222 795 2286 linit
815 2243 845 2304 p.
863 2226 935 2297 127,
962 2223 1122 2303 descripsit
1143 2232 1173 2286 et
1193 2223 1313 2286 latinam
1334 2223 1413 2286 lecit.
1457 2223 1604 2286 Dolemus

322 2325 526 2390 doctissimum
548 2325 812 2414 hieromonachupr
833 2324 1021 2388 collationem
1036 2332 1149 2388 uatum
1163 2324 1271 2388 latinae
1286 2325 1488 2389 translationis
1504 2326 1604 2388 hase-

321 2428 442 2490 mannio
479 2427 695 2500 transmisisse,
724 2425 848 2488 omissis
876 2426 1026 2488 nonnullis
1056 2426 1245 2490 varietatibus
1266 2427 1415 2500 lectionis,
1444 2443 1520 2506 quae
1539 2426 1606 2508 ipsi

322 2529 421 2592 minus
444 2528 631 2592 necessariae
652 2528 733 2590 visae
754 2535 834 2590 sunt.
1443 2529 1447 2538 '

407 2630 447 2692 Ut
473 2629 628 2692 redeamus
656 2629 734 2692 unde
763 2627 864 2690 exorsi
892 2647 1006 2703 sumus,
1034 2628 1153 2692 codices
1181 2629 1223 2692 illi
1243 2630 1274 2692 in
1297 2629 1394 2692 Sicilia
1416 2637 1447 2692 et
1468 2624 1606 2692 Calabria

323 2731 464 2794 asservati
487 2738 585 2810 atque,
608 2739 640 2794 ut
660 2730 785 2802 videtur,
808 2730 839 2792 in
861 2731 950 2794 hlissa
973 2715 1148 2794 celebranda
1169 2729 1291 2794 adhibiti
1300 2749 1363 2792 -nos
1386 2730 1544 2805 adducunt,
1568 2739 1606 2792 nt
1656 2748 1661 2756 ·

323 2834 459 2895 ordinem
479 2832 579 2894 lacohi
600 2831 636 2894 ad
660 2832 778 2894 Siculos
799 2832 948 2910 italosque
970 2833 1140 2912 perrexisse
1162 2833 1327 2894 credamus.
1371 2832 1525 2912 Utcunque
1541 2843 1603 2906 est,

324 2934 443 2998 saeculo
472 2933 586 2996 decimo
615 2933 703 2996 tertio
733 2951 837 3011 magna
869 2931 1006 3012 hturgiae
1032 2934 1178 3014 impendit
1203 2934 1299 2996 ruina.
1342 2933 1474 3013 Namque
1508 2933 1604 2996 animi

323 3036 458 3114 angustia
487 3054 561 3115 quae
590 3034 668 3114 apud
690 3034 813 3102 Latinos
841 3053 948 3096 omnes
975 3035 1051 3096 ritus
1080 3035 1262 3098 demesticos
1292 3035 1454 3115 exstirpare
1482 3053 1517 3098 ao
1542 3053 1602 3115 pro

324 3136 492 3210 Gallicanis,
514 3135 719 3198 Ambrosianis
741 3135 933 3198 hierarchicis
962 3136 1156 3200 caerimonias
1181 3137 1339 3200 obtrudere
1362 3136 1514 3216 sategebat
1535 3136 1603 3198 Ro-

291 3269 295 3279 ·
321 3257 441 3301 manas:
464 3256 498 3299 ea
521 3239 693 3300 orientalem
716 3255 835 3317 quoque
859 3237 1013 3300 ecelesiam
1036 3238 1213 3300 constrinxit
1234 3248 1264 3300 ct
1286 3238 1448 3317 occupavit
1481 3237 1602 3318 Exque

323 3347 458 3418 tempore
486 3339 670 3400 orthodoxae
699 3339 786 3400 sedes
808 3339 1011 3413 Alexandriae,
1039 3338 1212 3401 Antiochiae
1241 3346 1271 3401 et
1292 3339 1514 3419 hierosolymae
1541 3339 1602 3402 suh

322 3439 497 3502 hlahometis
521 3439 646 3520 imperio
669 3458 730 3502 non
752 3439 879 3518 amplius
901 3448 1014 3502 vetusta
1036 3438 1186 3520 pollebant
1205 3439 1388 3514 auctoritate,
1410 3439 1479 3504 inde
1501 3442 1604 3504 omnia

323 3541 360 3604 ad
391 3539 710 3619 constantinopolitani
742 3539 925 3619 patriarchae
957 3549 1062 3603 nutum
1089 3542 1228 3622 componi
1251 3550 1354 3622 coepta
1376 3552 1455 3607 sunt.
1497 3541 1605 3621 ltaque

323 3641 501 3703 Theodorus
521 3639 679 3701 Balsamen
708 3638 861 3703 consultus
890 3641 1027 3703 allaroo
1049 3641 1245 3705 Alexandrino
1266 3643 1436 3706 Patriarcha
1459 3636 1497 3707 ui
1519 3639 1604 3728 περὶ

322 3736 366 3804 τὰ
385 3735 468 3826 μέρη
483 3742 542 3824 τῆς
554 3732 804 3823 Ἀλεξανδρείας
817 3737 874 3805 καὶ
887 3743 953 3804 τῶν
964 3733 1200 3825 Ἱεροσολύμων
1215 3736 1516 3827 ἀναγινωσκόμενοι
1531 3741 1604 3808 λει-

322 3834 476 3925 τουργίαι
497 3837 553 3905 καί
574 3835 749 3924 λεγόμεναι
771 3843 1000 3929 σογγραφῆναι
1019 3840 1114 3930 παρὰ
1128 3847 1193 3908 τῶν
1208 3838 1310 3929 ἁγίων
1325 3837 1523 3908 ἀποστόλων
1535 3837 1604 3908 'Io-

323 3935 433 4024 κσίβοσ
455 3943 516 4006 τοῦ
531 3933 747 4028 ἀδελφοθέσο
762 3937 818 4006 καὶ
832 3936 987 4026 Μάρκου,
1011 3937 1126 4010 δεκταί
1138 3939 1205 4011 eloe
1218 3947 1258 4032 τῇ
1273 3937 1352 4033 ἁγίᾳ
1366 3941 1422 4012 καί
1436 3944 1605 4034 crudeliora*

323 4035 479 4130 ἐκκλησίᾳ
499 4033 521 4126 ἢ
543 4033 601 4122 οἷίς
618 4044 838 4124 -respondit,
862 4065 966 4114 omnes
989 4047 1128 4110 ecclesias
1152 4048 1238 4127 sequi
1252 4048 1362 4110 dehere
1377 4066 1491 4112 morem
1505 4067 1603 4112 norae

323 4145 447 4218 Romae,
469 4143 608 4206 nimirum
621 4143 893 4226 Constantinopolis
915 4155 944 4208 et
965 4167 1048 4210 sacra
1071 4147 1219 4220 celebrare
1241 4149 1320 4210 iuxta
1343 4149 1517 4210 traditiones
1533 4168 1602 4210 ma-

323 4265 449 4326 gnorum
477 4244 633 4308 doctorum
654 4246 774 4308 Ioannis
798 4245 1002 4328 chrysostomi
1024 4258 1054 4310 et
1076 4251 1169 4312 sancti
1191 4249 1303 4314 esseni.
1339 4249 1436 4312 lecohi
1458 4258 1489 4312 et
1510 4251 1601 4313 hiaroi

323 4339 631 4431 λοιτοοργσγροίφων
653 4347 761 4410 nullam
776 4348 958 4412 mentionem
973 4352 1115 4413 insertam
1131 4371 1199 4414 esse
1214 4352 1245 4415 in
1255 4352 1376 4414 Conone
1385 4349 1601 4432 Apostolorum

324 4449 364 4511 85
388 4453 419 4507 et
439 4446 469 4506 in
485 4447 774 4511 canoneLaodieeno
796 4451 853 4514 59:
875 4467 981 4532 neque,
1005 4453 1084 4534 quod
1106 4463 1193 4535 eaput
1214 4455 1258 4518 rei
1280 4453 1329 4528 sit,
1351 4451 1432 4515 nullo
1455 4453 1545 4514 modo
1568 4452 1601 4516 in

322 4543 453 4628 Liturgia
476 4549 641 4630 agnovisse,
663 4547 723 4636 τὴν
743 4547 927 4638 καθολικὴν
948 4547 1121 4642 ἐκκλησίαν
1141 4554 1203 4621 τοῦ
1217 4541 1403 4640 ἆγιωσᾶίσο
1417 4549 1474 4620 καί
1489 4547 1602 4620 ehoe-

322 4649 459 4730 μανικοῦ
472 4642 599 4735 θρόνου
613 4653 672 4737 τῆς
681 4649 1056 4742 Κωνσσαντινονσόλοως.
1078 4656 1177 4722 hddas
1192 4677 1268 4740 quae
1281 4659 1396 4742 profert
1408 4657 1545 4744 Balsama
1560 4657 1600 4720 ed
