3360 5304
672 435 746 512 243

313 611 360 686 ‘H
377 613 527 706 Νησιεία
546 623 613 686 τῶν
629 614 750 705 Ἁγίων
768 613 907 687 Ἀποστ.
927 616 1050 708 ήμέραι
1071 617 1130 703 λζ.
1250 621 1255 632 ’

314 713 362 786 Ἦ
379 715 490 808 μνήμη
512 715 631 801 “ivit
653 717 762 811 raro
784 717 825 788 ὅ

155 821 434 888 λ.Νι1ἰτίιιι
441 824 473 886 8.
495 824 657 887 ioannis
677 823 873 907 Baptistae
895 821 934 890 τό
955 788 1128 910 γενέθλιον
1149 828 1209 891 τοῦ
1229 819 1343 909 τιμίου

83 917 204 1002 ἐνδόξου
225 918 417 1010 προφήτου,
439 918 634 1009 προδρόμου
654 947 712 990 και
703 921 938 1006 βαπτιστοῦ
937 919 1092 992 Ἷωάννον
1114 933 1154 993 24
1170 929 1235 992 iun.
1257 929 1343 991 Rom

86 1029 173 1098 13,1r
193 1057 234 1071 --
252 1028 302 1101 14,
317 1030 348 1090 4.
368 1026 444 1088 λων.
461 1030 489 1100 1,
507 1028 621 1093 1-80.
666 1019 877 1112 Τροπάριονε
903 1029 1073 1114 Προφήτα
1094 1049 1151 1094 και
1142 1021 1343 1113 πρόδρομε

83 1129 131 1208 τῆς
148 1118 340 1210 παρουσίας
352 1127 513 1212 Χριστοῦ,
535 1121 637 1206 ἀξίως
657 1119 850 1215 εῦφημήσαί
869 1147 908 1192 σε
929 1121 989 1193 οῦκ
1010 1121 1216 1214 εὐποροῦμεν
1236 1122 1341 1215 ήμεῒς,

84 1221 110 1290 oi
133 1219 236 1312 πόθῳ
264 1223 426 1310 τιμῶντές
445 1245 499 1292 σε·
532 1223 705 1314 στείρωσις
725 1223 787 1314 γάρ
808 1222 965 1316 τεκούσης
984 1226 1041 1295 καί
1061 1225 1190 1317 πατρὸς
1210 1222 1345 1316 ἀφωνία

84 1322 223 1392 λέλυνται
250 1330 292 1414 τῇ
318 1321 443 1448 ἐνδόξῳ
467 1323 525 1396 καὶ
545 1332 653 1416 σεπτῇ
673 1347 735 1393 σου
755 1323 905 1416 γεννήσει
923 1325 982 1396 ιιαί
1002 1325 1166 1415 σάρκωοις
1187 1323 1264 1396 υἰοῦ
1282 1332 1344 1396 τοῦ

84 1429 158 1492 Θεοῦ
175 1422 295 1514 κόσμῳ
313 1424 516 1516 κηρύττεται.
557 1423 762 1552 Κοντάκιηνε
787 1423 833 1494 ‘H
856 1425 937 1516 πρίν
958 1426 1134 1514 στείρα’
1093 1452 1236 1517 σήμερον
1256 1435 1345 1517 Χρι-

84 1531 150 1592 στοῦ
178 1525 241 1594 τὸν
260 1525 456 1650 πρόδρομον
477 1525 581 1596 τίκτει
599 1526 658 1596 καί
680 1523 782 1607 αἰνὸς
801 1527 841 1596 τὸ
862 1525 1029 1628 πλήρωμα
1048 1525 1160 1619 πόσης
1179 1536 1239 1619 τῆς
1259 1553 1347 1618 προ·

86 1623 226 1714 φητείας
260 1620 356 1695 ὃν
319 1652 380 1716 γαρ
403 1624 438 1696 οἰ
458 1634 634 1719 προφῆται
654 1626 901 1717 προεκήρυξαν,
916 1636 1035 1698 τοῦτον
1056 1630 1092 1699 ἐν
1109 1626 1256 1753 Ἰορδόνη
1276 1653 1346 1714 χει-

21 1731 24 1748 “
86 1725 261 1816 ροδειήσας
287 1724 463 1818 ἀνεδείχθη
492 1726 592 1799 θείου
613 1727 713 1818 λόγου
741 1727 927 1820 προφήτης,
954 1731 1058 1820 κήρνξ
1075 1727 1162 1816 ὁμοῦ
1181 1731 1239 1798 καί
1259 1728 1346 1817 πρό-

153 1937 184 2000 3.
213 1934 351 2024 Notata
372 1935 434 1998 88.
455 1935 726 2016 Apostolorum
748 1936 854 2000 Petri
877 1948 913 1999 et
934 1934 1058 2008 Pauli,
1080 1935 1146 1998 τῶν
1167 1927 1269 2019 ἁγίων
1292 1931 1346 2000 ἐν-

87 2029 177 2112 δόξων
195 2031 256 2102 καὶ
276 2029 505 2122 πανευφήμων
525 2027 724 2102 ἀποστόλων
744 2032 802 2102 καὶ
821 2030 1129 2122 τνροποκορυφαίων
1141 2031 1276 2120 Πέτρου
1288 2032 1348 2100 καὶ

86 2131 209 2202 Παῦλον
223 2141 266 2203 29
281 2137 348 2200 luo.
368 2138 527 2201 Praecedit
546 2138 714 2212 „ieiunium
729 2138 962 2219 Apostolorum“
985 2137 1056 2200 indo
1070 2137 1107 2199 ab
1123 2137 1199 2200 ierio
1213 2137 1346 2200 seeundo

87 2249 143 2318 port
162 2240 286 2302 Portum
310 2239 453 2326 Omnium
472 2241 651 2303 sanctorm
673 2259 704 2319 p.
718 2241 792 2306 231.
819 2237 1345 2315 rcoa.1r‚21-12,9.rraoh.

89 2343 127 2410 ro
141 2343 276 2406 13-19.
317 2333 527 2425 Τροπάριυνε
565 2331 609 2406 Oi
635 2341 702 2404 τῶν
728 2331 927 2408 ἀποστόλων
947 2331 1188 2424 πρωτόθρονοι
1207 2336 1266 2405 καί
1285 2341 1354 2426 τῆς,

87 2433 267 2529 οἰκουμένης
299 2434 506 2518 διδάσκαλοι,
538 2443 588 2526 τῷ
608 2433 754 2527 δεσπότῃ
776 2433 1013 2524 πρεσβεῦσατε,
1035 2433 1218 2527 εἰρήνηντῇ
1234 2434 1349 2508 οἰκου-

86 2539 154 2629 μένη
174 2536 400 2628 δωρήσασθαι
419 2538 476 2607 καί
495 2543 572 2618 ταῖς
592 2541 716 2628 ψυχαῖς
739 2535 833 2626 ήμῦν
853 2538 893 2606 τὸ
912 2536 999 2626 μίγα
1020 2534 1122 2618 ἔλεος.
1164 2544 1253 2605 Aliud
1275 2561 1348 2606 oan-

89 2643 182 2708 tioom:
203 2638 300 2708 Ποία
319 2639 449 2728 pereat)
472 2636 531 2708 οῦκ
552 2637 626 2722 δσχε
640 2662 679 2706 σε
700 2639 855 2724 δόσμιονς
863 2636 964 2706 ποία
985 2635 1191 2729 ἐιαλησία’
1153 2663 1212 2707 ovo
1227 2637 1348 2722 ἐγει
1308 2663 1349 2708 σε

87 2735 226 2830 Ῥήτορας
246 2741 430 2826 Δαμασκὸς
453 2741 539 2830 μίγα
563 2745 708 2908 wrm}
704 2739 763 2808 ἐπὶ
784 2761 841 2807 σοι
830 2739 984 2808 Παῦλε
1006 2735 1136 2808 εἶδε
1093 2765 1157 2864 γαρ
1179 2765 1217 2808 σε
1238 2743 1348 2808 σκελι-

89 2841 201 2910 «orno
231 2839 338 2932 φωτί·
366 2839 472 2932 Ῥιόμη
503 2865 564 2911 σου
578 2841 635 2923 τό
668 2831 754 2926 αἷμα
784 2840 954 2931 δεξαμένη,
983 2841 1041 2909 καί
1040 2839 1144 2964 αντή
1165 2841 1347 2927 κομπάζει

91 2937 199 3009 ἀλλὰ(
179 2969 199 3032 η
219 2943 352 3032 Ταρσὸς
371 2943 476 3013 πλέον
494 2903 613 3030 χαίρίι,
641 2942 698 3010 καί
719 2940 823 3031 πόθῳ
840 2948 923 3032 τιμᾷ
936 2963 997 3010 σου
1010 2942 1055 3010 τὰ
1067 2941 1253 3032 σπάργανα,
1276 2943 1349 3012 Πέ-

90 3067 136 3128 τρε
162 3051 219 3133 τῆς
247 3041 436 3126 πίστεως
416 3071 436 3132 η
460 3045 585 3131 πέτρα·
616 3043 789 3112 Παῦλε
752 3068 793 3112 το
813 3040 963 3131 καύχημα
984 3050 1044 3132 τῆς
1068 3041 1278 3135 Οἰκουμένης,
1312 3042 1348 3113 ἐκ

90 3149 142 3230 τῆς
155 3142 282 3236 Ῥώμης
303 3144 529 3228 συνελθόντες,
551 3143 725 3236 στηρίξατε
745 3141 842 3234 ἡμᾶς.

161 3257 191 3315 4.
227 3251 447 3315 Decollatio
470 3253 503 3314 8.
524 3252 679 3314 loannis
701 3251 903 3330 Baptistae
929 3241 950 3332 ή
974 3239 1128 3332 ἀποτομή
1151 3251 1211 3332 τῆς
1233 3240 1347 3329 τιμίας

92 3351 222 3436 ιτφαλής
241 3355 304 3418 τοῦ
325 3345 422 3438 ἀγίου
443 3346 579 3431 ἐνδόξου
600 3344 781 3438 προφήτου
801 3342 996 3434 προδρόμου
1010 3345 1067 3413 καί
1079 3349 1267 3430 βαπτιστοῦ
1278 3340 1350 3411 'ro-

92 3445 176 3516 ἰπου
196 3457 237 3520 29
253 3455 329 3532 λος.
373 3455 445 3517 iiior
466 3453 585 3517 ieiunii.
621 3459 685 3516 λοι.
704 3453 752 3526 13,
768 3453 904 3517 25-33.
927 3451 1018 3515 Maro.
1034 3453 1064 3524 6,
1082 3453 1216 3516 14-30.
1262 3453 1349 3535 Τρο-

93 3548 218 3632 πόριονε
249 3548 361 3640 μνήμη
389 3547 520 3619 δικαίου
547 3547 617 3636 μετ’
641 3547 820 3637 ἐγκωμίων,
852 3547 909 3617 σσί
930 3549 968 3617 δέ
990 3543 1161 3637 ἀρκέσειή
1183 3545 1350 3634 μαρτυρία

91 3648 273 3738 τοῦΚνρίου
286 3651 474 3740 πρόδρομε·
497 3647 692 3740 ἀνεδείχθης
704 3651 767 3740 γάρ
782 3645 887 3730 όντως
898 3649 956 3718 καί
969 3647 1147 3740 προφήτου
1159 3645 1350 3734 σεβαομιώ-

90 3775 171 3872 ηιρας
201 3751 257 3822 ότι
286 3754 344 3822 καί
374 3753 411 3822 ἐν
430 3752 583 3878 ήείδροις
602 3750 768 3878 βαπτίοηι
788 3748 999 3842 ιιατηξιυίδης
1018 3750 1077 3820 τὸν
1096 3748 1349 3841 κηρυττόμενον·

91 3849 214 3922 ὄθετ’
171 3879 232 3944 της
244 3850 410 3944 ἀληθείας
422 3847 674 3976 υπεραδλήοας,
692 3851 817 3978 χαίρων
831 3850 1026 3976 εἰηγγελίσω
1039 3851 1182 3932 καὶτοῖς
1196 3849 1248 3919 ἐν’
1245 3849 1349 3942 Ἅιδη,

93 3955 166 4023 Θεὸν
185 3955 427 4046 φανερωθίννα
449 3955 484 4024 ἐν
490 3955 612 4080 σαρκὶ,
632 3953 690 4022 τὸν
712 3951 850 4043 αἰροντα
870 3953 930 4043 τήν
951 3949 1115 4040 ἁμαρτίαν
1128 3949 1349 4037 τοῦΚόομου,

90 4081 138 4122 και
128 4053 384 4182 παρίγοντα(
363 4062 460 4180 ημῖν
463 4055 503 4124 τδ
523 4055 609 4182 μέγα
632 4044 734 4135 ἐλεος.
778 4052 982 4124 Κοντάκιον
1003 4050 1049 4122 Ἡ
1067 4059 1127 4122 τοῦ
1147 4049 1350 4141 Προδρόμσο

90 4151 249 4240 ἔνδοξος’
229 4158 398 4247 αποτομή,
427 4155 598 4243 οἰκονομία
618 4155 732 4244 γέγονέ
752 4181 806 4235 τις
825 4155 935 4246 θείκή,
956 4157 1012 4224 ἵνα
1031 4154 1089 4224 καί
1107 4158 1179 4234 τοῖς
1200 4152 1235 4221 ἐν
1247 4149 1349 4242 Ἅιδῃ

21 4283 22 4288 ’
90 4263 140 4324 τοῦ
157 4263 314 4383 Σωιήρφς
338 4256 458 4382 κηρόξη
484 4259 544 4347 τήν
570 4255 709 4327 όλευσιν.
754 4255 922 4347 Θρηνείτω
949 4249 1008 4325 οῦν
1032 4245 1240 4342 Ἡρωδιάς’
1225 4246 1350 4378 α’νομην

91 4356 182 4443 φόνον
204 4357 386 4450 αἰτήσασα·
408 4384 447 4427 ου
437 4357 579 4446 ’Νόμου
599 4359 661 4484 γὰρ
683 4357 741 4426 τόν
761 4383 820 4426 του
805 4363 935 4442 ’Θεοῦ
959 4383 997 4426 ου
986 4353 1125 4440 ’ζῶντα
1146 4351 1252 4423 αἰῶνα
1267 4350 1351 4443 ήγά-

21 4465 22 4554 J
92 4482 192 4546 πηοεν,
214 4457 286 4528 ἀλλ’
311 4453 521 4528 ἐπίπλαστον
541 4457 754 4550 πρόςκαιρον.
1309 4507 1314 4516 .

21 4575 22 4636 i
162 4565 198 4630 tt.
220 4565 476 4632 Festiritatea
498 4566 657 4640 Mediae,
681 4583 806 4644 quarum
828 4564 859 4628 io
882 4562 1159 4630 numeromoioros
1175 4560 1350 4624 discernen-

92 4663 138 4728 dae
157 4678 224 4732 oont
244 4688 262 4732 a
285 4667 466 4732 minoribus.

1093 4762 1147 4816 16*
