<?xml version="1.0" encoding="UTF-8"?>
<!DOCTYPE html PUBLIC "-//W3C//DTD XHTML 1.0 Transitional//EN"
    "http://www.w3.org/TR/xhtml1/DTD/xhtml1-transitional.dtd">
<html xmlns="http://www.w3.org/1999/xhtml" xml:lang="en" lang="en">
 <head>
  <title>
</title>
<meta http-equiv="Content-Type" content="text/html;charset=utf-8" />
  <meta name='ocr-system' content='tesseract 3.04.00' />
  <meta name='ocr-capabilities' content='ocr_page ocr_carea ocr_par ocr_line ocrx_word'/>
</head>
<body>
  <div class='ocr_page' id='page_1' title='image "./codexliturgicus04danigoog/codexliturgicus04danigoog_0371.png"; bbox 0 0 3314 5304; ppageno 0'>
   <div class='ocr_carea' id='block_1_1' title="bbox 313 584 1570 1094">
    <p class='ocr_par' dir='ltr' id='par_1_1' title="bbox 398 449 1641 718">
     <span class='ocr_line' id='line_1_1' title="bbox 398 584 1022 718; baseline 0.006 -57"><span class='ocrx_word' id='word_1_1' title='bbox 398 601 436 672; x_wconf 85' lang='lat' dir='ltr'><strong><em>‘o</em></strong></span> <span class='ocrx_word' id='word_1_2' title='bbox 446 600 565 718; x_wconf 68' lang='grc' dir='ltr'><strong><em>χορός</em></strong></span> <span class='ocrx_word' id='word_1_3' title='bbox 617 584 735 717; x_wconf 84' lang='grc' dir='ltr'><strong><em>Κύριε</em></strong></span> <span class='ocrx_word' id='word_1_4' title='bbox 756 589 914 687; x_wconf 77' lang='grc' dir='ltr'><strong><em>ἐλέησον.</em></strong></span> <span class='ocrx_word' id='word_1_5' title='bbox 1020 633 1022 638; x_wconf 34' lang='lat' dir='ltr'>v</span> 
     </span>
    </p>

    <p class='ocr_par' dir='ltr' id='par_1_2' title="bbox 313 688 1570 892">
     <span class='ocr_line' id='line_1_2' title="bbox 397 688 1570 821; baseline 0.005 -55"><span class='ocrx_word' id='word_1_6' title='bbox 397 688 511 821; x_wconf 79' lang='grc' dir='ltr'><strong><em>Κύριε</em></strong></span> <span class='ocrx_word' id='word_1_7' title='bbox 544 688 825 788; x_wconf 79' lang='grc' dir='ltr'><em>παντοκράτωρ,</em></span> <span class='ocrx_word' id='word_1_8' title='bbox 861 692 881 768; x_wconf 97' lang='lat'><strong><em>6</em></strong></span> <span class='ocrx_word' id='word_1_9' title='bbox 911 689 999 777; x_wconf 84' lang='grc' dir='ltr'><strong><em>θεὸς</em></strong></span> <span class='ocrx_word' id='word_1_10' title='bbox 1030 701 1109 769; x_wconf 91' lang='grc' dir='ltr'><strong><em>τῶν</em></strong></span> <span class='ocrx_word' id='word_1_11' title='bbox 1141 694 1314 791; x_wconf 77' lang='grc' dir='ltr'><strong><em>πατέρων</em></strong></span> <span class='ocrx_word' id='word_1_12' title='bbox 1347 694 1468 792; x_wconf 85' lang='grc' dir='ltr'><strong><em>ήμῶν,</em></strong></span> <span class='ocrx_word' id='word_1_13' title='bbox 1498 690 1570 773; x_wconf 85' lang='grc' dir='ltr'><strong><em>δεό-</em></strong></span> 
     </span>
     <span class='ocr_line' id='line_1_3' title="bbox 313 790 1046 892; baseline 0.001 -23"><span class='ocrx_word' id='word_1_14' title='bbox 313 790 417 892; x_wconf 79' lang='grc' dir='ltr'><strong><em>μεθοί</em></strong></span> <span class='ocrx_word' id='word_1_15' title='bbox 443 819 525 882; x_wconf 88' lang='grc' dir='ltr'><strong><em>σου,</em></strong></span> <span class='ocrx_word' id='word_1_16' title='bbox 552 790 773 882; x_wconf 78' lang='grc' dir='ltr'><strong><em>ἐπάκουσον,</em></strong></span> <span class='ocrx_word' id='word_1_17' title='bbox 798 791 863 869; x_wconf 83' lang='grc' dir='ltr'><strong><em>καὶ</em></strong></span> <span class='ocrx_word' id='word_1_18' title='bbox 888 793 1046 890; x_wconf 83' lang='grc' dir='ltr'><strong><em>ἐληέσον.</em></strong></span> 
     </span>
    </p>

    <p class='ocr_par' dir='ltr' id='par_1_3' title="bbox 313 893 1570 1094">
     <span class='ocr_line' id='line_1_4' title="bbox 388 893 1570 1023; baseline 0.004 -54.038"><span class='ocrx_word' id='word_1_19' title='bbox 388 894 605 1023; x_wconf 59' lang='grc' dir='ltr'><strong><em>Ἐλέησονι</em></strong></span> <span class='ocrx_word' id='word_1_20' title='bbox 583 901 682 990; x_wconf 85' lang='grc' dir='ltr'><strong><em>ημᾶς</em></strong></span> <span class='ocrx_word' id='word_1_21' title='bbox 707 893 728 969; x_wconf 93' lang='lat'><em>6</em></span> <span class='ocrx_word' id='word_1_22' title='bbox 757 894 857 984; x_wconf 83' lang='grc' dir='ltr'><strong><em>Θεὸς,</em></strong></span> <span class='ocrx_word' id='word_1_23' title='bbox 882 893 975 971; x_wconf 84' lang='grc' dir='ltr'><strong><em>κατὰ</em></strong></span> <span class='ocrx_word' id='word_1_24' title='bbox 1000 895 1043 971; x_wconf 86' lang='grc' dir='ltr'><strong><em>τὸ</em></strong></span> <span class='ocrx_word' id='word_1_25' title='bbox 1069 898 1165 998; x_wconf 74' lang='grc' dir='ltr'><strong><em>μέγα</em></strong></span> <span class='ocrx_word' id='word_1_26' title='bbox 1190 893 1286 980; x_wconf 72' lang='grc' dir='ltr'><strong><em>ἔλεός</em></strong></span> <span class='ocrx_word' id='word_1_27' title='bbox 1313 921 1396 986; x_wconf 84' lang='grc' dir='ltr'><strong><em>σου,</em></strong></span> <span class='ocrx_word' id='word_1_28' title='bbox 1428 894 1570 974; x_wconf 76' lang='grc' dir='ltr'><strong><em>ἐπάκου-</em></strong></span> 
     </span>
     <span class='ocr_line' id='line_1_5' title="bbox 313 995 667 1094; baseline 0 -22"><span class='ocrx_word' id='word_1_29' title='bbox 313 1021 395 1087; x_wconf 96' lang='grc' dir='ltr'><strong><em>σον,</em></strong></span> <span class='ocrx_word' id='word_1_30' title='bbox 421 995 485 1071; x_wconf 83' lang='grc' dir='ltr'><strong><em>καὶ</em></strong></span> <span class='ocrx_word' id='word_1_31' title='bbox 510 995 667 1094; x_wconf 81' lang='grc' dir='ltr'><strong><em>ἐλέησον.</em></strong></span> 
     </span>
    </p>
   </div>
   <div class='ocr_carea' id='block_1_2' title="bbox 251 1053 1641 3863">
    <p class='ocr_par' dir='ltr' id='par_1_4' title="bbox 251 1053 1641 3863">
     <span class='ocr_line' id='line_1_6' title="bbox 1640 1053 1641 1126; baseline 0 -12"><span class='ocrx_word' id='word_1_32' title='bbox 1640 1053 1641 1126; x_wconf 90' lang='lat'><strong><em>6</em></strong></span> 
     </span>
     <span class='ocr_line' id='line_1_7' title="bbox 698 1123 1641 1262; baseline 0.002 -66"><span class='ocrx_word' id='word_1_33' title='bbox 698 1123 785 1218; x_wconf 78' lang='grc' dir='ltr'><strong><em>Εὐχή</em></strong></span> <span class='ocrx_word' id='word_1_34' title='bbox 808 1133 868 1217; x_wconf 75' lang='grc' dir='ltr'><strong><em>τῆς</em></strong></span> <span class='ocrx_word' id='word_1_35' title='bbox 885 1126 1069 1258; x_wconf 64' lang='lat'><em>6667063‘</em></span> <span class='ocrx_word' id='word_1_36' title='bbox 1057 1126 1193 1210; x_wconf 84' lang='grc' dir='ltr'><strong><em>ικεσίας.</em></strong></span> <span class='ocrx_word' id='word_1_37' title='bbox 1640 1145 1641 1262; x_wconf 96' lang='lat'><strong><em>6</em></strong></span> 
     </span>
     <span class='ocr_line' id='line_1_8' title="bbox 396 1228 1641 1332; baseline 0.003 -26"><span class='ocrx_word' id='word_1_38' title='bbox 396 1228 553 1332; x_wconf 70' lang='lat' dir='ltr'><em>K6Qte‘</em></span> <span class='ocrx_word' id='word_1_39' title='bbox 536 1262 556 1307; x_wconf 96' lang='grc' dir='ltr'><strong><em>ο</em></strong></span> <span class='ocrx_word' id='word_1_40' title='bbox 586 1231 718 1316; x_wconf 78' lang='grc' dir='ltr'><strong><em>Θεὸς“</em></strong></span> <span class='ocrx_word' id='word_1_41' title='bbox 696 1239 819 1328; x_wconf 85' lang='grc' dir='ltr'><strong><em>ημῶν,</em></strong></span> <span class='ocrx_word' id='word_1_42' title='bbox 854 1231 923 1328; x_wconf 87' lang='grc' dir='ltr'><strong><em>τὴν</em></strong></span> <span class='ocrx_word' id='word_1_43' title='bbox 948 1236 1073 1330; x_wconf 81' lang='grc' dir='ltr'><em>ἐκτενῆ</em></span> <span class='ocrx_word' id='word_1_44' title='bbox 1098 1231 1240 1332; x_wconf 88' lang='grc' dir='ltr'><strong><em>ταύτην</em></strong></span> <span class='ocrx_word' id='word_1_45' title='bbox 1264 1232 1409 1310; x_wconf 77' lang='grc' dir='ltr'><strong><em>ἱκεσίαν</em></strong></span> <span class='ocrx_word' id='word_1_46' title='bbox 1433 1230 1641 1330; x_wconf 85' lang='grc' dir='ltr'><strong><em>πρόςδε</em></strong></span> 
     </span>
     <span class='ocr_line' id='line_1_9' title="bbox 251 1330 1641 1440; baseline 0.001 -32"><span class='ocrx_word' id='word_1_47' title='bbox 251 1378 256 1389; x_wconf 86' lang='grc'><strong><em>·</em></strong></span> <span class='ocrx_word' id='word_1_48' title='bbox 313 1337 371 1420; x_wconf 84' lang='grc' dir='ltr'><strong><em>ξαι</em></strong></span> <span class='ocrx_word' id='word_1_49' title='bbox 396 1333 498 1432; x_wconf 79' lang='grc' dir='ltr'><strong><em>παρὰ</em></strong></span> <span class='ocrx_word' id='word_1_50' title='bbox 524 1342 603 1409; x_wconf 88' lang='grc' dir='ltr'><strong><em>τῶν</em></strong></span> <span class='ocrx_word' id='word_1_51' title='bbox 629 1340 708 1408; x_wconf 86' lang='grc' dir='ltr'><strong><em>σῶν</em></strong></span> <span class='ocrx_word' id='word_1_52' title='bbox 733 1330 893 1422; x_wconf 88' lang='grc' dir='ltr'><strong><em>δούλων,</em></strong></span> <span class='ocrx_word' id='word_1_53' title='bbox 920 1334 983 1409; x_wconf 81' lang='grc' dir='ltr'><strong><em>καὶ</em></strong></span> <span class='ocrx_word' id='word_1_54' title='bbox 1008 1334 1200 1430; x_wconf 64' lang='grc' dir='ltr'><strong><em>ἐλέησονε</em></strong></span> <span class='ocrx_word' id='word_1_55' title='bbox 1179 1343 1289 1431; x_wconf 84' lang='grc' dir='ltr'><strong><em>ημᾶς,</em></strong></span> <span class='ocrx_word' id='word_1_56' title='bbox 1315 1333 1412 1411; x_wconf 89' lang='grc' dir='ltr'><strong><em>κατά</em></strong></span> <span class='ocrx_word' id='word_1_57' title='bbox 1437 1335 1478 1411; x_wconf 81' lang='grc' dir='ltr'><strong><em>τὸ</em></strong></span> <span class='ocrx_word' id='word_1_58' title='bbox 1493 1345 1570 1411; x_wconf 75' lang='lat'><em>7166</em></span> <span class='ocrx_word' id='word_1_59' title='bbox 1640 1359 1641 1440; x_wconf 94' lang='lat'><strong><em>6</em></strong></span> 
     </span>
     <span class='ocr_line' id='line_1_10' title="bbox 310 1433 1569 1534; baseline 0.002 -24"><span class='ocrx_word' id='word_1_60' title='bbox 310 1439 383 1519; x_wconf 79' lang='grc' dir='ltr'><strong><em>θος</em></strong></span> <span class='ocrx_word' id='word_1_61' title='bbox 415 1443 484 1510; x_wconf 86' lang='grc' dir='ltr'><strong><em>τοῦ</em></strong></span> <span class='ocrx_word' id='word_1_62' title='bbox 516 1435 638 1520; x_wconf 79' lang='grc' dir='ltr'><em>ἐλέους</em></span> <span class='ocrx_word' id='word_1_63' title='bbox 670 1459 752 1523; x_wconf 92' lang='grc' dir='ltr'><strong><em>σου,</em></strong></span> <span class='ocrx_word' id='word_1_64' title='bbox 785 1433 863 1509; x_wconf 81' lang='grc' dir='ltr'><strong><em>καί</em></strong></span> <span class='ocrx_word' id='word_1_65' title='bbox 895 1436 1005 1520; x_wconf 84' lang='grc' dir='ltr'><strong><em>τοὺς</em></strong></span> <span class='ocrx_word' id='word_1_66' title='bbox 1030 1435 1306 1534; x_wconf 81' lang='grc' dir='ltr'><strong><em>ολκτιρμούς</em></strong></span> <span class='ocrx_word' id='word_1_67' title='bbox 1332 1461 1416 1513; x_wconf 89' lang='grc' dir='ltr'><strong><em>σου</em></strong></span> <span class='ocrx_word' id='word_1_68' title='bbox 1441 1435 1569 1512; x_wconf 86' lang='grc' dir='ltr'><strong><em>κατά-</em></strong></span> 
     </span>
     <span class='ocr_line' id='line_1_11' title="bbox 311 1535 1641 1636; baseline 0.002 -24"><span class='ocrx_word' id='word_1_69' title='bbox 311 1539 550 1636; x_wconf 79' lang='grc' dir='ltr'><strong><em>πεμφονέ</em></strong></span> <span class='ocrx_word' id='word_1_70' title='bbox 559 1536 601 1634; x_wconf 77' lang='grc' dir='ltr'><strong><em>φ’</em></strong></span> <span class='ocrx_word' id='word_1_71' title='bbox 631 1535 770 1632; x_wconf 85' lang='grc' dir='ltr'><strong><em>ἡμᾶς,</em></strong></span> <span class='ocrx_word' id='word_1_72' title='bbox 805 1535 882 1611; x_wconf 83' lang='grc' dir='ltr'><strong><em>καὶ</em></strong></span> <span class='ocrx_word' id='word_1_73' title='bbox 917 1536 991 1612; x_wconf 76' lang='grc' dir='ltr'><strong><em>ἐπὶ</em></strong></span> <span class='ocrx_word' id='word_1_74' title='bbox 1026 1535 1179 1614; x_wconf 83' lang='grc' dir='ltr'><strong><em>πάντα</em></strong></span> <span class='ocrx_word' id='word_1_75' title='bbox 1214 1537 1297 1614; x_wconf 90' lang='grc' dir='ltr'><strong><em>τὸν</em></strong></span> <span class='ocrx_word' id='word_1_76' title='bbox 1331 1535 1446 1616; x_wconf 83' lang='grc' dir='ltr'><strong><em>λαόν</em></strong></span> <span class='ocrx_word' id='word_1_77' title='bbox 1479 1562 1566 1628; x_wconf 89' lang='grc' dir='ltr'><strong><em>σου,</em></strong></span> <span class='ocrx_word' id='word_1_78' title='bbox 1640 1573 1641 1622; x_wconf 74' lang='lat'><strong><em>6</em></strong></span> 
     </span>
     <span class='ocr_line' id='line_1_12' title="bbox 310 1635 1568 1738; baseline 0.002 -26"><span class='ocrx_word' id='word_1_79' title='bbox 310 1638 392 1713; x_wconf 89' lang='grc' dir='ltr'><strong><em>τὸν</em></strong></span> <span class='ocrx_word' id='word_1_80' title='bbox 428 1635 805 1734; x_wconf 86' lang='grc' dir='ltr'><strong><em>ἀπεκδεχόμενον</em></strong></span> <span class='ocrx_word' id='word_1_81' title='bbox 840 1635 890 1712; x_wconf 83' lang='grc' dir='ltr'><strong><em>τὸ</em></strong></span> <span class='ocrx_word' id='word_1_82' title='bbox 926 1639 1048 1738; x_wconf 86' lang='grc' dir='ltr'><strong><em>παρὰ</em></strong></span> <span class='ocrx_word' id='word_1_83' title='bbox 1085 1646 1169 1714; x_wconf 86' lang='grc' dir='ltr'><strong><em>σοῦ</em></strong></span> <span class='ocrx_word' id='word_1_84' title='bbox 1201 1636 1429 1717; x_wconf 82' lang='grc' dir='ltr'><strong><em>πλούσιον</em></strong></span> <span class='ocrx_word' id='word_1_85' title='bbox 1459 1642 1568 1724; x_wconf 78' lang='grc' dir='ltr'><strong><em>ἕλεος</em></strong></span> 
     </span>
     <span class='ocr_line' id='line_1_13' title="bbox 340 1744 488 1816; baseline 0.008 -2"><span class='ocrx_word' id='word_1_86' title='bbox 340 1766 387 1815; x_wconf 82' lang='lat' dir='ltr'><strong><em>ac</em></strong></span> <span class='ocrx_word' id='word_1_87' title='bbox 415 1744 488 1816; x_wconf 83' lang='lat'><strong><em>22.</em></strong></span> 
     </span>
     <span class='ocr_line' id='line_1_14' title="bbox 313 1742 1641 1944; baseline 0.002 -28"><span class='ocrx_word' id='word_1_88' title='bbox 313 1742 337 1878; x_wconf 68' lang='lat' dir='ltr'><strong><em>‘ss</em></strong></span> <span class='ocrx_word' id='word_1_89' title='bbox 379 1746 488 1916; x_wconf 71' lang='grc' dir='ltr'><strong><em>Ἔτι)</em></strong></span> <span class='ocrx_word' id='word_1_90' title='bbox 494 1837 715 1936; x_wconf 66' lang='grc' dir='ltr'><strong><em>δεόμεθα“</em></strong></span> <span class='ocrx_word' id='word_1_91' title='bbox 693 1838 784 1938; x_wconf 80' lang='grc' dir='ltr'><strong><em>υπὲρ</em></strong></span> <span class='ocrx_word' id='word_1_92' title='bbox 810 1848 878 1916; x_wconf 84' lang='grc' dir='ltr'><strong><em>τοῦ</em></strong></span> <span class='ocrx_word' id='word_1_93' title='bbox 904 1838 1192 1942; x_wconf 88' lang='grc' dir='ltr'><strong><em>ἀρχιεπισκόπου</em></strong></span> <span class='ocrx_word' id='word_1_94' title='bbox 1216 1839 1327 1940; x_wconf 80' lang='grc' dir='ltr'><strong><em>ἡμῶν</em></strong></span> <span class='ocrx_word' id='word_1_95' title='bbox 1352 1863 1426 1935; x_wconf 70' lang='grc' dir='ltr'><strong><em>(τοῦ</em></strong></span> <span class='ocrx_word' id='word_1_96' title='bbox 1454 1859 1567 1940; x_wconf 70' lang='grc' dir='ltr'><strong><em>δεῖνος),</em></strong></span> <span class='ocrx_word' id='word_1_97' title='bbox 1640 1891 1641 1944; x_wconf 88' lang='lat'><strong><em>6</em></strong></span> 
     </span>
     <span class='ocr_line' id='line_1_15' title="bbox 309 1939 1641 2070; baseline -0.003 -53"><span class='ocrx_word' id='word_1_98' title='bbox 309 1949 378 2018; x_wconf 85' lang='grc' dir='ltr'><strong><em>τοῦ</em></strong></span> <span class='ocrx_word' id='word_1_99' title='bbox 403 1939 528 2040; x_wconf 83' lang='grc' dir='ltr'><strong><em>τιμίου</em></strong></span> <span class='ocrx_word' id='word_1_100' title='bbox 554 1942 834 2070; x_wconf 79' lang='grc' dir='ltr'><strong><em>πρεσβυτερίου.</em></strong></span> <span class='ocrx_word' id='word_1_101' title='bbox 1640 1979 1641 1996; x_wconf 51' lang='grc' dir='ltr'><strong><em>ι</em></strong></span> 
     </span>
     <span class='ocr_line' id='line_1_16' title="bbox 384 2029 1641 2141; baseline 0.002 -23.016"><span class='ocrx_word' id='word_1_102' title='bbox 384 2045 462 2118; x_wconf 82' lang='grc' dir='ltr'><strong><em>Ἔτι</em></strong></span> <span class='ocrx_word' id='word_1_103' title='bbox 487 2041 701 2141; x_wconf 77' lang='grc' dir='ltr'><strong><em>δεόμεθα</em></strong></span> <span class='ocrx_word' id='word_1_104' title='bbox 678 2043 771 2141; x_wconf 83' lang='grc' dir='ltr'><strong><em>υπὲρ</em></strong></span> <span class='ocrx_word' id='word_1_105' title='bbox 797 2051 877 2118; x_wconf 87' lang='grc' dir='ltr'><strong><em>τῶν</em></strong></span> <span class='ocrx_word' id='word_1_106' title='bbox 902 2039 1124 2141; x_wconf 93' lang='grc' dir='ltr'><strong><em>ἀδελφῶν</em></strong></span> <span class='ocrx_word' id='word_1_107' title='bbox 1102 2049 1225 2139; x_wconf 89' lang='grc' dir='ltr'><strong><em>ημῶν,</em></strong></span> <span class='ocrx_word' id='word_1_108' title='bbox 1261 2050 1340 2119; x_wconf 93' lang='grc' dir='ltr'><strong><em>τῶν</em></strong></span> <span class='ocrx_word' id='word_1_109' title='bbox 1365 2044 1503 2138; x_wconf 79' lang='grc' dir='ltr'><strong><em>ἱερέων,</em></strong></span> <span class='ocrx_word' id='word_1_110' title='bbox 1525 2046 1568 2120; x_wconf 82' lang='grc' dir='ltr'><strong><em>ίε</em></strong></span> <span class='ocrx_word' id='word_1_111' title='bbox 1640 2029 1641 2126; x_wconf 91' lang='lat'><strong><em>6</em></strong></span> 
     </span>
     <span class='ocr_line' id='line_1_17' title="bbox 310 2142 1525 2276; baseline 0 -54"><span class='ocrx_word' id='word_1_112' title='bbox 310 2143 547 2276; x_wconf 88' lang='grc' dir='ltr'><strong><em>ρομονοίχων,</em></strong></span> <span class='ocrx_word' id='word_1_113' title='bbox 572 2144 636 2220; x_wconf 82' lang='grc' dir='ltr'><strong><em>καὶ</em></strong></span> <span class='ocrx_word' id='word_1_114' title='bbox 660 2142 779 2242; x_wconf 88' lang='grc' dir='ltr'><strong><em>ποίσης</em></strong></span> <span class='ocrx_word' id='word_1_115' title='bbox 803 2153 868 2242; x_wconf 83' lang='grc' dir='ltr'><strong><em>τῆς</em></strong></span> <span class='ocrx_word' id='word_1_116' title='bbox 893 2147 934 2221; x_wconf 87' lang='lat'><strong><em>67</em></strong></span> <span class='ocrx_word' id='word_1_117' title='bbox 958 2142 1159 2272; x_wconf 73' lang='grc' dir='ltr'><strong><em>Χριστῶ’</em></strong></span> <span class='ocrx_word' id='word_1_118' title='bbox 1137 2151 1247 2240; x_wconf 88' lang='grc' dir='ltr'><strong><em>ημῶν</em></strong></span> <span class='ocrx_word' id='word_1_119' title='bbox 1272 2143 1525 2272; x_wconf 86' lang='grc' dir='ltr'><strong><em>ἀδελφότητος.</em></strong></span> 
     </span>
     <span class='ocr_line' id='line_1_18' title="bbox 375 2241 1567 2376; baseline 0.001 -55.008"><span class='ocrx_word' id='word_1_120' title='bbox 375 2249 453 2321; x_wconf 85' lang='grc' dir='ltr'><strong><em>Ἔτι</em></strong></span> <span class='ocrx_word' id='word_1_121' title='bbox 474 2244 680 2343; x_wconf 72' lang='grc' dir='ltr'><strong><em>δεόμεθα”</em></strong></span> <span class='ocrx_word' id='word_1_122' title='bbox 658 2245 753 2374; x_wconf 79' lang='grc' dir='ltr'><strong><em>υπέρ</em></strong></span> <span class='ocrx_word' id='word_1_123' title='bbox 767 2246 888 2332; x_wconf 79' lang='grc' dir='ltr'><strong><em>ἐλέους</em></strong></span> <span class='ocrx_word' id='word_1_124' title='bbox 907 2245 1012 2344; x_wconf 78' lang='grc' dir='ltr'><strong><em>ζωῆς,</em></strong></span> <span class='ocrx_word' id='word_1_125' title='bbox 1039 2241 1244 2345; x_wconf 82' lang='grc' dir='ltr'><strong><em>ελρήνης,</em></strong></span> <span class='ocrx_word' id='word_1_126' title='bbox 1221 2243 1358 2348; x_wconf 74' lang='grc' dir='ltr'><strong><em>υμείας,</em></strong></span> <span class='ocrx_word' id='word_1_127' title='bbox 1387 2249 1567 2376; x_wconf 84' lang='grc' dir='ltr'><strong><em>σωτηρίας,</em></strong></span> 
     </span>
     <span class='ocr_line' id='line_1_19' title="bbox 310 2345 1641 2478; baseline -0.004 -55"><span class='ocrx_word' id='word_1_128' title='bbox 310 2349 544 2446; x_wconf 72' lang='grc' dir='ltr'><strong><em>ἐπισκέψεως,</em></strong></span> <span class='ocrx_word' id='word_1_129' title='bbox 578 2345 846 2450; x_wconf 77' lang='grc' dir='ltr'><strong><em>συμχωρήσεως</em></strong></span> <span class='ocrx_word' id='word_1_130' title='bbox 878 2347 941 2424; x_wconf 82' lang='grc' dir='ltr'><strong><em>καί</em></strong></span> <span class='ocrx_word' id='word_1_131' title='bbox 976 2347 1141 2476; x_wconf 82' lang='grc' dir='ltr'><strong><em>ἀφέσεως</em></strong></span> <span class='ocrx_word' id='word_1_132' title='bbox 1166 2346 1368 2478; x_wconf 83' lang='grc' dir='ltr'><strong><em>ἁμαρτιῶν</em></strong></span> <span class='ocrx_word' id='word_1_133' title='bbox 1388 2358 1468 2425; x_wconf 88' lang='grc' dir='ltr'><strong><em>τῶν</em></strong></span> <span class='ocrx_word' id='word_1_134' title='bbox 1491 2346 1567 2425; x_wconf 81' lang='lat'><strong><em>606</em></strong></span> <span class='ocrx_word' id='word_1_135' title='bbox 1640 2369 1641 2418; x_wconf 83' lang='grc' dir='ltr'><strong><em>ι</em></strong></span> 
     </span>
     <span class='ocr_line' id='line_1_20' title="bbox 309 2447 1443 2578; baseline 0 -54"><span class='ocrx_word' id='word_1_136' title='bbox 309 2458 387 2527; x_wconf 90' lang='grc' dir='ltr'><strong><em>λων</em></strong></span> <span class='ocrx_word' id='word_1_137' title='bbox 411 2459 480 2526; x_wconf 89' lang='grc' dir='ltr'><strong><em>τοῦ</em></strong></span> <span class='ocrx_word' id='word_1_138' title='bbox 509 2455 601 2526; x_wconf 82' lang='grc' dir='ltr'><strong><em>θεοῦ</em></strong></span> <span class='ocrx_word' id='word_1_139' title='bbox 627 2458 705 2528; x_wconf 87' lang='grc' dir='ltr'><strong><em>τῶν</em></strong></span> <span class='ocrx_word' id='word_1_140' title='bbox 730 2449 906 2578; x_wconf 77' lang='grc' dir='ltr'><strong><em>ἀδελφῶν</em></strong></span> <span class='ocrx_word' id='word_1_141' title='bbox 931 2457 995 2546; x_wconf 81' lang='grc' dir='ltr'><strong><em>τῆς</em></strong></span> <span class='ocrx_word' id='word_1_142' title='bbox 1020 2447 1130 2578; x_wconf 71' lang='grc' dir='ltr'><strong><em>ἀμίας</em></strong></span> <span class='ocrx_word' id='word_1_143' title='bbox 1152 2457 1272 2546; x_wconf 82' lang='grc' dir='ltr'><strong><em>μονῆς</em></strong></span> <span class='ocrx_word' id='word_1_144' title='bbox 1296 2447 1443 2548; x_wconf 85' lang='grc' dir='ltr'><strong><em>ταύτης.</em></strong></span> 
     </span>
     <span class='ocr_line' id='line_1_21' title="bbox 384 2547 1641 2656; baseline 0 -30"><span class='ocrx_word' id='word_1_145' title='bbox 384 2553 461 2626; x_wconf 83' lang='grc' dir='ltr'><strong><em>Ἔτι</em></strong></span> <span class='ocrx_word' id='word_1_146' title='bbox 494 2547 708 2648; x_wconf 71' lang='grc' dir='ltr'><strong><em>δεόμεθα“</em></strong></span> <span class='ocrx_word' id='word_1_147' title='bbox 687 2549 779 2649; x_wconf 77' lang='grc' dir='ltr'><strong><em>νπὲρ</em></strong></span> <span class='ocrx_word' id='word_1_148' title='bbox 806 2559 884 2626; x_wconf 88' lang='grc' dir='ltr'><strong><em>τῶν</em></strong></span> <span class='ocrx_word' id='word_1_149' title='bbox 909 2578 1120 2649; x_wconf 89' lang='grc' dir='ltr'><strong><em>μακαριων,</em></strong></span> <span class='ocrx_word' id='word_1_150' title='bbox 1151 2579 1215 2625; x_wconf 89' lang='grc' dir='ltr'><strong><em>και</em></strong></span> <span class='ocrx_word' id='word_1_151' title='bbox 1203 2549 1429 2647; x_wconf 78' lang='grc' dir='ltr'><strong><em>ἀοιδίμων</em></strong></span> <span class='ocrx_word' id='word_1_152' title='bbox 1451 2548 1566 2650; x_wconf 58' lang='lat' dir='ltr'><strong><em>mma»</em></strong></span> <span class='ocrx_word' id='word_1_153' title='bbox 1640 2547 1641 2656; x_wconf 86' lang='lat'><strong><em>6</em></strong></span> 
     </span>
     <span class='ocr_line' id='line_1_22' title="bbox 310 2648 1641 2780; baseline -0.002 -52"><span class='ocrx_word' id='word_1_154' title='bbox 310 2681 389 2753; x_wconf 92' lang='grc' dir='ltr'><strong><em>ρων</em></strong></span> <span class='ocrx_word' id='word_1_155' title='bbox 421 2661 486 2750; x_wconf 80' lang='grc' dir='ltr'><strong><em>τῆς</em></strong></span> <span class='ocrx_word' id='word_1_156' title='bbox 517 2650 626 2780; x_wconf 78' lang='grc' dir='ltr'><strong><em>ἀμίας</em></strong></span> <span class='ocrx_word' id='word_1_157' title='bbox 659 2661 779 2778; x_wconf 73' lang='grc' dir='ltr'><strong><em>μονῆς</em></strong></span> <span class='ocrx_word' id='word_1_158' title='bbox 810 2648 959 2749; x_wconf 85' lang='grc' dir='ltr'><strong><em>ταύτης,</em></strong></span> <span class='ocrx_word' id='word_1_159' title='bbox 991 2681 1054 2726; x_wconf 88' lang='grc' dir='ltr'><strong><em>και</em></strong></span> <span class='ocrx_word' id='word_1_160' title='bbox 1086 2649 1179 2751; x_wconf 78' lang='grc' dir='ltr'><strong><em>ὑπὲρ</em></strong></span> <span class='ocrx_word' id='word_1_161' title='bbox 1205 2650 1361 2730; x_wconf 83' lang='grc' dir='ltr'><strong><em>πάντων</em></strong></span> <span class='ocrx_word' id='word_1_162' title='bbox 1386 2663 1464 2730; x_wconf 93' lang='grc' dir='ltr'><strong><em>τῶν</em></strong></span> <span class='ocrx_word' id='word_1_163' title='bbox 1488 2683 1565 2750; x_wconf 90' lang='grc' dir='ltr'><strong><em>προ·</em></strong></span> <span class='ocrx_word' id='word_1_164' title='bbox 1640 2687 1641 2770; x_wconf 80' lang='lat'><strong><em>6</em></strong></span> 
     </span>
     <span class='ocr_line' id='line_1_23' title="bbox 309 2745 1641 2884; baseline 0 -56"><span class='ocrx_word' id='word_1_165' title='bbox 309 2754 637 2848; x_wconf 87' lang='grc' dir='ltr'><strong><em>αναπαυσαμένων</em></strong></span> <span class='ocrx_word' id='word_1_166' title='bbox 669 2754 851 2882; x_wconf 88' lang='grc' dir='ltr'><strong><em>πατέρων,</em></strong></span> <span class='ocrx_word' id='word_1_167' title='bbox 883 2752 947 2828; x_wconf 81' lang='grc' dir='ltr'><strong><em>καὶ</em></strong></span> <span class='ocrx_word' id='word_1_168' title='bbox 978 2750 1200 2852; x_wconf 86' lang='grc' dir='ltr'><strong><em>ἀδελφῶν</em></strong></span> <span class='ocrx_word' id='word_1_169' title='bbox 1179 2761 1302 2884; x_wconf 84' lang='grc' dir='ltr'><strong><em>ημῶν,</em></strong></span> <span class='ocrx_word' id='word_1_170' title='bbox 1335 2759 1455 2831; x_wconf 82' lang='grc' dir='ltr'><strong><em>τῶνέ</em></strong></span> <span class='ocrx_word' id='word_1_171' title='bbox 1439 2752 1564 2832; x_wconf 80' lang='grc' dir='ltr'><strong><em>ἐνθάδε</em></strong></span> <span class='ocrx_word' id='word_1_172' title='bbox 1640 2745 1641 2820; x_wconf 83' lang='lat'><strong><em>6</em></strong></span> 
     </span>
     <span class='ocr_line' id='line_1_24' title="bbox 308 2852 1277 2953; baseline 0.002 -23"><span class='ocrx_word' id='word_1_173' title='bbox 308 2856 471 2953; x_wconf 76' lang='grc' dir='ltr'><strong><em>εὐσεβῶς</em></strong></span> <span class='ocrx_word' id='word_1_174' title='bbox 494 2854 686 2952; x_wconf 86' lang='grc' dir='ltr'><strong><em>κειυένων,</em></strong></span> <span class='ocrx_word' id='word_1_175' title='bbox 712 2855 775 2930; x_wconf 83' lang='grc' dir='ltr'><strong><em>καί</em></strong></span> <span class='ocrx_word' id='word_1_176' title='bbox 801 2855 1020 2950; x_wconf 84' lang='grc' dir='ltr'><strong><em>ἁπανταχοῦ</em></strong></span> <span class='ocrx_word' id='word_1_177' title='bbox 1046 2852 1277 2951; x_wconf 80' lang='grc' dir='ltr'><strong><em>ὄρθοδόξων.</em></strong></span> 
     </span>
     <span class='ocr_line' id='line_1_25' title="bbox 384 2922 1641 3086; baseline -0.002 -55.986"><span class='ocrx_word' id='word_1_178' title='bbox 384 2959 459 3032; x_wconf 87' lang='grc' dir='ltr'><strong><em>Ἔτι</em></strong></span> <span class='ocrx_word' id='word_1_179' title='bbox 503 2922 735 3086; x_wconf 59' lang='lat'><em>‹666236‘</em></span> <span class='ocrx_word' id='word_1_180' title='bbox 712 2956 825 3057; x_wconf 79' lang='grc' dir='ltr'><strong><em>υπὲρ</em></strong></span> <span class='ocrx_word' id='word_1_181' title='bbox 867 2965 961 3033; x_wconf 90' lang='grc' dir='ltr'><strong><em>τῶν</em></strong></span> <span class='ocrx_word' id='word_1_182' title='bbox 1002 2953 1459 3082; x_wconf 79' lang='grc' dir='ltr'><strong><em>καρποφορούντων,</em></strong></span> <span class='ocrx_word' id='word_1_183' title='bbox 1498 2955 1564 3032; x_wconf 80' lang='grc' dir='ltr'><strong><em>καί</em></strong></span> <span class='ocrx_word' id='word_1_184' title='bbox 1640 2969 1641 3060; x_wconf 90' lang='lat'><strong><em>6</em></strong></span> 
     </span>
     <span class='ocr_line' id='line_1_26' title="bbox 307 3054 1641 3188; baseline -0.005 -54"><span class='ocrx_word' id='word_1_185' title='bbox 307 3054 715 3187; x_wconf 69' lang='grc' dir='ltr'><strong><em>καλλιεργοάντων</em></strong></span> <span class='ocrx_word' id='word_1_186' title='bbox 741 3063 816 3156; x_wconf 83' lang='lat' dir='ltr'><strong>(lac.</strong></span> <span class='ocrx_word' id='word_1_187' title='bbox 837 3061 941 3188; x_wconf 81' lang='grc' dir='ltr'><strong><em>22)ί</em></strong></span> <span class='ocrx_word' id='word_1_188' title='bbox 942 3087 966 3135; x_wconf 96' lang='grc' dir='ltr'><strong><em>ν</em></strong></span> <span class='ocrx_word' id='word_1_189' title='bbox 991 3065 1044 3156; x_wconf 81' lang='grc' dir='ltr'><strong><em>τῷ</em></strong></span> <span class='ocrx_word' id='word_1_190' title='bbox 1064 3055 1179 3187; x_wconf 73' lang='grc' dir='ltr'><strong><em>ἁγίῳ</em></strong></span> <span class='ocrx_word' id='word_1_191' title='bbox 1194 3058 1257 3134; x_wconf 83' lang='grc' dir='ltr'><strong><em>καὶ</em></strong></span> <span class='ocrx_word' id='word_1_192' title='bbox 1282 3059 1480 3158; x_wconf 86' lang='grc' dir='ltr'><strong><em>πανσέπτφΙ</em></strong></span> <span class='ocrx_word' id='word_1_193' title='bbox 1497 3065 1564 3155; x_wconf 82' lang='grc' dir='ltr'><strong><em>ναῷ</em></strong></span> <span class='ocrx_word' id='word_1_194' title='bbox 1640 3105 1641 3114; x_wconf 42' lang='lat'>1</span> 
     </span>
     <span class='ocr_line' id='line_1_27' title="bbox 307 3157 1565 3289; baseline -0.002 -55"><span class='ocrx_word' id='word_1_195' title='bbox 307 3157 440 3259; x_wconf 82' lang='grc' dir='ltr'><strong><em>τούτῳ,</em></strong></span> <span class='ocrx_word' id='word_1_196' title='bbox 476 3157 706 3250; x_wconf 82' lang='grc' dir='ltr'><strong><em>κοπιώντων,</em></strong></span> <span class='ocrx_word' id='word_1_197' title='bbox 742 3157 977 3289; x_wconf 79' lang='grc' dir='ltr'><strong><em>ψαλλόντων,</em></strong></span> <span class='ocrx_word' id='word_1_198' title='bbox 1012 3157 1076 3234; x_wconf 83' lang='grc' dir='ltr'><strong><em>καὶ</em></strong></span> <span class='ocrx_word' id='word_1_199' title='bbox 1110 3157 1202 3259; x_wconf 80' lang='grc' dir='ltr'><strong><em>ὑπὲρ</em></strong></span> <span class='ocrx_word' id='word_1_200' title='bbox 1237 3168 1305 3236; x_wconf 88' lang='grc' dir='ltr'><strong><em>τοῦ</em></strong></span> <span class='ocrx_word' id='word_1_201' title='bbox 1341 3169 1565 3289; x_wconf 86' lang='grc' dir='ltr'><strong><em>περιεστῶτος</em></strong></span> 
     </span>
     <span class='ocr_line' id='line_1_28' title="bbox 306 3257 1565 3364; baseline -0.002 -28"><span class='ocrx_word' id='word_1_202' title='bbox 306 3269 412 3352; x_wconf 87' lang='grc' dir='ltr'><strong><em>λαοῦ,</em></strong></span> <span class='ocrx_word' id='word_1_203' title='bbox 445 3271 514 3338; x_wconf 85' lang='grc' dir='ltr'><strong><em>τοῦ</em></strong></span> <span class='ocrx_word' id='word_1_204' title='bbox 548 3260 913 3359; x_wconf 76' lang='grc' dir='ltr'><strong><em>ἀπεκδεχομένου</em></strong></span> <span class='ocrx_word' id='word_1_205' title='bbox 875 3293 918 3336; x_wconf 92' lang='grc' dir='ltr'><strong><em>το</em></strong></span> <span class='ocrx_word' id='word_1_206' title='bbox 951 3259 1053 3360; x_wconf 85' lang='grc' dir='ltr'><strong><em>πάρά</em></strong></span> <span class='ocrx_word' id='word_1_207' title='bbox 1079 3267 1148 3336; x_wconf 84' lang='grc' dir='ltr'><strong><em>σοῦ</em></strong></span> <span class='ocrx_word' id='word_1_208' title='bbox 1173 3260 1269 3364; x_wconf 73' lang='grc' dir='ltr'><strong><em>μέγα</em></strong></span> <span class='ocrx_word' id='word_1_209' title='bbox 1302 3260 1366 3337; x_wconf 84' lang='grc' dir='ltr'><strong><em>καὶ</em></strong></span> <span class='ocrx_word' id='word_1_210' title='bbox 1402 3257 1565 3338; x_wconf 80' lang='grc' dir='ltr'><strong><em>πλούσιον</em></strong></span> 
     </span>
     <span class='ocr_line' id='line_1_29' title="bbox 306 3365 413 3448; baseline 0.01 -10"><span class='ocrx_word' id='word_1_211' title='bbox 306 3365 413 3448; x_wconf 79' lang='grc' dir='ltr'><strong><em>ίλ.εος</em></strong></span> 
     </span>
     <span class='ocr_line' id='line_1_30' title="bbox 834 3457 1047 3551; baseline -0.01 -20.949"><span class='ocrx_word' id='word_1_212' title='bbox 834 3457 1047 3551; x_wconf 78' lang='grc' dir='ltr'><strong><em>Ἔκφῶνησις.</em></strong></span> 
     </span>
     <span class='ocr_line' id='line_1_31' title="bbox 381 3559 1565 3693; baseline -0.005 -52.913"><span class='ocrx_word' id='word_1_213' title='bbox 381 3563 465 3640; x_wconf 81' lang='grc' dir='ltr'><strong><em>’Ότι</em></strong></span> <span class='ocrx_word' id='word_1_214' title='bbox 497 3559 673 3660; x_wconf 77' lang='grc' dir='ltr'><strong><em>ἐλεήμων,</em></strong></span> <span class='ocrx_word' id='word_1_215' title='bbox 706 3563 770 3638; x_wconf 81' lang='grc' dir='ltr'><strong><em>καὶ</em></strong></span> <span class='ocrx_word' id='word_1_216' title='bbox 802 3562 1072 3692; x_wconf 79' lang='grc' dir='ltr'><strong><em>φιλάνθρωπος</em></strong></span> <span class='ocrx_word' id='word_1_217' title='bbox 1101 3561 1188 3648; x_wconf 83' lang='grc' dir='ltr'><strong><em>θεὸς</em></strong></span> <span class='ocrx_word' id='word_1_218' title='bbox 1210 3561 1400 3693; x_wconf 74' lang='grc' dir='ltr'><strong><em>ὑπάρχεις,</em></strong></span> <span class='ocrx_word' id='word_1_219' title='bbox 1431 3563 1493 3640; x_wconf 80' lang='grc' dir='ltr'><strong><em>καὶ</em></strong></span> <span class='ocrx_word' id='word_1_220' title='bbox 1516 3560 1565 3638; x_wconf 82' lang='grc' dir='ltr'><strong><em>σοὶ</em></strong></span> 
     </span>
     <span class='ocr_line' id='line_1_32' title="bbox 305 3662 1563 3796; baseline -0.005 -55"><span class='ocrx_word' id='word_1_221' title='bbox 305 3665 374 3762; x_wconf 85' lang='grc' dir='ltr'><strong><em>τὴν</em></strong></span> <span class='ocrx_word' id='word_1_222' title='bbox 399 3662 554 3749; x_wconf 77' lang='grc' dir='ltr'><strong><em>δόξαν”</em></strong></span> <span class='ocrx_word' id='word_1_223' title='bbox 533 3665 812 3762; x_wconf 87' lang='grc' dir='ltr'><strong><em>αναπέμπομεν,</em></strong></span> <span class='ocrx_word' id='word_1_224' title='bbox 830 3673 884 3764; x_wconf 83' lang='grc' dir='ltr'><strong><em>τῷ</em></strong></span> <span class='ocrx_word' id='word_1_225' title='bbox 901 3663 1027 3762; x_wconf 86' lang='grc' dir='ltr'><strong><em>πατρὶ,</em></strong></span> <span class='ocrx_word' id='word_1_226' title='bbox 1053 3664 1186 3762; x_wconf 80' lang='grc' dir='ltr'><strong><em>καὶτῷ</em></strong></span> <span class='ocrx_word' id='word_1_227' title='bbox 1203 3666 1288 3764; x_wconf 81' lang='lat'><em>766,</em></span> <span class='ocrx_word' id='word_1_228' title='bbox 1313 3695 1377 3741; x_wconf 86' lang='grc' dir='ltr'><strong><em>και</em></strong></span> <span class='ocrx_word' id='word_1_229' title='bbox 1401 3675 1455 3796; x_wconf 75' lang='grc' dir='ltr'><strong><em>τῷ</em></strong></span> <span class='ocrx_word' id='word_1_230' title='bbox 1481 3663 1563 3768; x_wconf 75' lang='grc' dir='ltr'><strong><em>ἁγίῳ</em></strong></span> 
     </span>
     <span class='ocr_line' id='line_1_33' title="bbox 306 3763 1512 3863; baseline 0.001 -20"><span class='ocrx_word' id='word_1_231' title='bbox 306 3763 502 3863; x_wconf 85' lang='grc' dir='ltr'><strong><em>πνεύματι,</em></strong></span> <span class='ocrx_word' id='word_1_232' title='bbox 528 3772 601 3842; x_wconf 88' lang='lat'><strong><em>767</em></strong></span> <span class='ocrx_word' id='word_1_233' title='bbox 625 3765 688 3841; x_wconf 81' lang='grc' dir='ltr'><strong><em>καὶ</em></strong></span> <span class='ocrx_word' id='word_1_234' title='bbox 715 3767 783 3857; x_wconf 82' lang='grc' dir='ltr'><strong><em>ἀεὶ,</em></strong></span> <span class='ocrx_word' id='word_1_235' title='bbox 810 3767 872 3842; x_wconf 82' lang='grc' dir='ltr'><strong><em>καὶ</em></strong></span> <span class='ocrx_word' id='word_1_236' title='bbox 898 3771 964 3852; x_wconf 76' lang='grc' dir='ltr'><strong><em>εἰς</em></strong></span> <span class='ocrx_word' id='word_1_237' title='bbox 972 3765 1059 3852; x_wconf 86' lang='grc' dir='ltr'><strong><em>τοὺς</em></strong></span> <span class='ocrx_word' id='word_1_238' title='bbox 1084 3771 1225 3852; x_wconf 72' lang='grc' dir='ltr'><strong><em>αἰῶνας</em></strong></span> <span class='ocrx_word' id='word_1_239' title='bbox 1248 3773 1327 3844; x_wconf 94' lang='grc' dir='ltr'><strong><em>τῶν</em></strong></span> <span class='ocrx_word' id='word_1_240' title='bbox 1353 3765 1512 3844; x_wconf 73' lang='grc' dir='ltr'><strong><em>αἰώνων.</em></strong></span> 
     </span>
    </p>
   </div>
   <div class='ocr_carea' id='block_1_3' title="bbox 833 3913 1057 3997">
    <p class='ocr_par' dir='ltr' id='par_1_5' title="bbox 833 3913 1057 3997">
     <span class='ocr_line' id='line_1_34' title="bbox 833 3913 1057 3997; baseline 0 -12"><span class='ocrx_word' id='word_1_241' title='bbox 833 3914 872 3985; x_wconf 89' lang='lat'><strong><em>‘0</em></strong></span> <span class='ocrx_word' id='word_1_242' title='bbox 894 3913 1057 3997; x_wconf 82' lang='grc' dir='ltr'><strong><em>διάκονος.</em></strong></span> 
     </span>
    </p>
   </div>
   <div class='ocr_carea' id='block_1_4' title="bbox 377 4014 1511 4324">
    <p class='ocr_par' dir='ltr' id='par_1_6' title="bbox 388 4014 1501 4324">
     <span class='ocr_line' id='line_1_35' title="bbox 388 4014 1410 4118; baseline -0.002 -22"><span class='ocrx_word' id='word_1_243' title='bbox 388 4021 478 4096; x_wconf 85' lang='lat' dir='ltr'><strong><em>XXI.</em></strong></span> <span class='ocrx_word' id='word_1_244' title='bbox 507 4019 723 4105; x_wconf 79' lang='grc' dir='ltr'><strong><em>Εὕξαοθε</em></strong></span> <span class='ocrx_word' id='word_1_245' title='bbox 751 4021 792 4094; x_wconf 91' lang='lat'><strong><em>06</em></strong></span> <span class='ocrx_word' id='word_1_246' title='bbox 816 4014 1163 4117; x_wconf 82' lang='grc' dir='ltr'><strong><em>κατηχούμενοι</em></strong></span> <span class='ocrx_word' id='word_1_247' title='bbox 1188 4027 1242 4118; x_wconf 79' lang='grc' dir='ltr'><strong><em>τῶ</em></strong></span> <span class='ocrx_word' id='word_1_248' title='bbox 1269 4019 1410 4118; x_wconf 83' lang='grc' dir='ltr'><strong><em>Κυρίῳ.</em></strong></span> 
     </span>
     <span class='ocr_line' id='line_1_36' title="bbox 390 4120 1511 4250; baseline -0.004 -50"><span class='ocrx_word' id='word_1_249' title='bbox 390 4122 438 4200; x_wconf 84' lang='grc' dir='ltr'><strong><em>Οἱ</em></strong></span> <span class='ocrx_word' id='word_1_250' title='bbox 462 4121 586 4196; x_wconf 82' lang='grc' dir='ltr'><strong><em>πιστοὶ</em></strong></span> <span class='ocrx_word' id='word_1_251' title='bbox 601 4120 723 4250; x_wconf 81' lang='grc' dir='ltr'><strong><em>ὑπὲρ</em></strong></span> <span class='ocrx_word' id='word_1_252' title='bbox 748 4130 840 4250; x_wconf 78' lang='grc' dir='ltr'><strong><em>τῶν</em></strong></span> <span class='ocrx_word' id='word_1_253' title='bbox 865 4121 1227 4250; x_wconf 85' lang='grc' dir='ltr'><strong><em>κατηχουμένων</em></strong></span> <span class='ocrx_word' id='word_1_254' title='bbox 1253 4120 1511 4220; x_wconf 76' lang='grc' dir='ltr'><strong><em>δεηθῶμεν.</em></strong></span> 
     </span>
     <span class='ocr_line' id='line_1_37' title="bbox 377 4219 1109 4324; baseline -0.001 -25.985"><span class='ocrx_word' id='word_1_255' title='bbox 377 4222 516 4300; x_wconf 58' lang='grc' dir='ltr'><strong><em>Ἵνα*</em></strong></span> <span class='ocrx_word' id='word_1_256' title='bbox 498 4252 518 4297; x_wconf 94' lang='grc' dir='ltr'><strong><em>ο</em></strong></span> <span class='ocrx_word' id='word_1_257' title='bbox 544 4219 717 4324; x_wconf 83' lang='grc' dir='ltr'><strong><em>Κύριος</em></strong></span> <span class='ocrx_word' id='word_1_258' title='bbox 742 4221 913 4306; x_wconf 82' lang='grc' dir='ltr'><strong><em>αὐτοὺς</em></strong></span> <span class='ocrx_word' id='word_1_259' title='bbox 938 4219 1109 4320; x_wconf 76' lang='grc' dir='ltr'><strong><em>ἐλεήσῃ.</em></strong></span> 
     </span>
    </p>
   </div>
   <div class='ocr_carea' id='block_1_5' title="bbox 303 4487 1641 4734">
    <p class='ocr_par' dir='ltr' id='par_1_7' title="bbox 303 4487 1641 4734">
     <span class='ocr_line' id='line_1_38' title="bbox 303 4487 1641 4568; baseline -0.002 -21"><span class='ocrx_word' id='word_1_260' title='bbox 303 4496 445 4548; x_wconf 75' lang='lat' dir='ltr'>collectum:</span> <span class='ocrx_word' id='word_1_261' title='bbox 467 4487 553 4564; x_wconf 77' lang='grc' dir='ltr'><strong><em>Κύριε</em></strong></span> <span class='ocrx_word' id='word_1_262' title='bbox 570 4488 585 4545; x_wconf 86' lang='grc' dir='ltr'><strong>ὁ</strong></span> <span class='ocrx_word' id='word_1_263' title='bbox 606 4489 683 4552; x_wconf 80' lang='grc' dir='ltr'><strong><em>Θεός.</em></strong></span> <span class='ocrx_word' id='word_1_264' title='bbox 718 4496 744 4546; x_wconf 85' lang='lat' dir='ltr'><strong><em>Si</em></strong></span> <span class='ocrx_word' id='word_1_265' title='bbox 762 4496 897 4558; x_wconf 79' lang='grc' dir='ltr'><strong><em>εοςτιειίοι</em></strong></span> <span class='ocrx_word' id='word_1_266' title='bbox 913 4495 1063 4548; x_wconf 65' lang='lat' dir='ltr'><strong><em>mondoum</em></strong></span> <span class='ocrx_word' id='word_1_267' title='bbox 1082 4504 1108 4548; x_wconf 78' lang='grc' dir='ltr'><strong><em>τι</em></strong></span> <span class='ocrx_word' id='word_1_268' title='bbox 1124 4504 1178 4548; x_wconf 72' lang='lat' dir='ltr'><strong><em>oret</em></strong></span> <span class='ocrx_word' id='word_1_269' title='bbox 1194 4511 1239 4563; x_wconf 74' lang='lat' dir='ltr'><strong><em>pro</em></strong></span> <span class='ocrx_word' id='word_1_270' title='bbox 1257 4495 1371 4548; x_wconf 73' lang='grc' dir='ltr'><strong><em>ᾱεῐοοαο</em></strong></span> <span class='ocrx_word' id='word_1_271' title='bbox 1388 4495 1501 4563; x_wconf 78' lang='grc' dir='ltr'><strong><em>ηοοιλεω,</em></strong></span> <span class='ocrx_word' id='word_1_272' title='bbox 1517 4501 1564 4548; x_wconf 73' lang='lat' dir='ltr'><strong><em>anu</em></strong></span> <span class='ocrx_word' id='word_1_273' title='bbox 1640 4561 1641 4568; x_wconf 11' lang='grc' dir='ltr'><strong><em>η</em></strong></span> 
     </span>
     <span class='ocr_line' id='line_1_39' title="bbox 303 4569 990 4647; baseline 0.003 -17"><span class='ocrx_word' id='word_1_274' title='bbox 303 4569 478 4646; x_wconf 77' lang='grc' dir='ltr'><strong><em>ίιιφῶνησιν·</em></strong></span> <span class='ocrx_word' id='word_1_275' title='bbox 496 4569 540 4629; x_wconf 79' lang='grc' dir='ltr'><strong><em>ὅτε</em></strong></span> <span class='ocrx_word' id='word_1_276' title='bbox 556 4572 681 4647; x_wconf 72' lang='grc' dir='ltr'><strong><em>ἐλεήμων</em></strong></span> <span class='ocrx_word' id='word_1_277' title='bbox 698 4587 752 4630; x_wconf 78' lang='lat' dir='ltr'><strong><em>om</em></strong></span> <span class='ocrx_word' id='word_1_278' title='bbox 768 4595 815 4645; x_wconf 82' lang='lat' dir='ltr'><strong><em>pro</em></strong></span> <span class='ocrx_word' id='word_1_279' title='bbox 833 4580 912 4630; x_wconf 73' lang='lat' dir='ltr'><strong>anim</strong></span> <span class='ocrx_word' id='word_1_280' title='bbox 930 4582 990 4632; x_wconf 79' lang='grc' dir='ltr'><strong><em>εἰοε.</em></strong></span> 
     </span>
     <span class='ocr_line' id='line_1_40' title="bbox 389 4662 1510 4734; baseline 0.001 -19"><span class='ocrx_word' id='word_1_281' title='bbox 389 4663 448 4732; x_wconf 78' lang='lat' dir='ltr'><strong><em>Cap.</em></strong></span> <span class='ocrx_word' id='word_1_282' title='bbox 466 4665 528 4718; x_wconf 73' lang='grc' dir='ltr'><strong><em>ΧΠ.</em></strong></span> <span class='ocrx_word' id='word_1_283' title='bbox 559 4663 605 4717; x_wconf 75' lang='grc' dir='ltr'><strong><em>Ιάι</em></strong></span> <span class='ocrx_word' id='word_1_284' title='bbox 622 4663 700 4717; x_wconf 77' lang='lat' dir='ltr'><strong>clem.</strong></span> <span class='ocrx_word' id='word_1_285' title='bbox 718 4662 840 4719; x_wconf 56' lang='grc' dir='ltr'><strong><em>ἀλλὰ</em></strong></span> <span class='ocrx_word' id='word_1_286' title='bbox 874 4663 992 4718; x_wconf 74' lang='lat' dir='ltr'><strong>contem</strong></span> <span class='ocrx_word' id='word_1_287' title='bbox 1010 4673 1136 4732; x_wconf 76' lang='grc' dir='ltr'><strong><em>ρηειετεε</em></strong></span> <span class='ocrx_word' id='word_1_288' title='bbox 1153 4665 1234 4720; x_wconf 74' lang='lat' dir='ltr'><strong>locum</strong></span> <span class='ocrx_word' id='word_1_289' title='bbox 1252 4666 1418 4734; x_wconf 71' lang='grc' dir='ltr'><strong><em>ΰοηιοειοιί</em></strong></span> <span class='ocrx_word' id='word_1_290' title='bbox 1435 4666 1510 4734; x_wconf 74' lang='grc' dir='ltr'><strong><em>μίΙ.</em></strong></span> 
     </span>
    </p>
   </div>
   <div class='ocr_carea' id='block_1_6' title="bbox 0 0 1662 5304">
    <p class='ocr_par' dir='ltr' id='par_1_8' title="bbox 0 0 1662 5304">
     <span class='ocr_line' id='line_1_41' title="bbox 0 0 1662 5304; baseline 0 2"><span class='ocrx_word' id='word_1_291' title='bbox 0 0 1662 5304; x_wconf 95' lang='lat' dir='ltr'><strong><em> </em></strong></span> 
     </span>
    </p>
   </div>
  </div>
 </body>
</html>
