<?xml version="1.0" encoding="UTF-8"?>
<!DOCTYPE html PUBLIC "-//W3C//DTD XHTML 1.0 Transitional//EN"
    "http://www.w3.org/TR/xhtml1/DTD/xhtml1-transitional.dtd">
<html xmlns="http://www.w3.org/1999/xhtml" xml:lang="en" lang="en">
 <head>
  <title>
</title>
<meta http-equiv="Content-Type" content="text/html;charset=utf-8" />
  <meta name='ocr-system' content='tesseract 3.04.00' />
  <meta name='ocr-capabilities' content='ocr_page ocr_carea ocr_par ocr_line ocrx_word'/>
</head>
<body>
  <div class='ocr_page' id='page_1' title='image "./codexliturgicus04danigoog/codexliturgicus04danigoog_0426.png"; bbox 0 0 3336 5302; ppageno 0'>
   <div class='ocr_carea' id='block_1_1' title="bbox 671 385 745 458">
    <p class='ocr_par' dir='ltr' id='par_1_1' title="bbox 671 385 745 458">
     <span class='ocr_line' id='line_1_1' title="bbox 671 385 745 458; baseline 0.014 -1"><span class='ocrx_word' id='word_1_1' title='bbox 671 385 745 458; x_wconf 81' lang='lat'><strong>403</strong></span> 
     </span>
    </p>
   </div>
   <div class='ocr_carea' id='block_1_2' title="bbox 69 551 1394 2781">
    <p class='ocr_par' dir='ltr' id='par_1_2' title="bbox 69 551 1394 1460">
     <span class='ocr_line' id='line_1_2' title="bbox 71 551 1345 648; baseline 0.005 -18"><span class='ocrx_word' id='word_1_2' title='bbox 71 567 295 648; x_wconf 86' lang='lat' dir='ltr'><strong>superpositum</strong></span> <span class='ocrx_word' id='word_1_3' title='bbox 318 579 435 642; x_wconf 83' lang='lat' dir='ltr'><strong>tenens,</strong></span> <span class='ocrx_word' id='word_1_4' title='bbox 458 569 560 632; x_wconf 84' lang='lat' dir='ltr'><strong>dextra</strong></span> <span class='ocrx_word' id='word_1_5' title='bbox 582 587 653 632; x_wconf 83' lang='lat' dir='ltr'><strong>vero</strong></span> <span class='ocrx_word' id='word_1_6' title='bbox 674 571 762 634; x_wconf 89' lang='lat' dir='ltr'><strong>thure</strong></span> <span class='ocrx_word' id='word_1_7' title='bbox 785 551 895 643; x_wconf 82' lang='lat' dir='ltr'><strong>oblato,</strong></span> <span class='ocrx_word' id='word_1_8' title='bbox 918 571 1114 642; x_wconf 70' lang='lat' dir='ltr'><strong>Sacerdotem</strong></span> <span class='ocrx_word' id='word_1_9' title='bbox 1136 571 1261 636; x_wconf 85' lang='lat' dir='ltr'><strong>calicem</strong></span> <span class='ocrx_word' id='word_1_10' title='bbox 1282 589 1345 638; x_wconf 87' lang='lat' dir='ltr'><strong>aru·</strong></span> 
     </span>
     <span class='ocr_line' id='line_1_3' title="bbox 72 669 1345 753; baseline 0.007 -23"><span class='ocrx_word' id='word_1_11' title='bbox 72 669 165 734; x_wconf 87' lang='lat' dir='ltr'><strong>babus</strong></span> <span class='ocrx_word' id='word_1_12' title='bbox 194 669 336 734; x_wconf 84' lang='lat' dir='ltr'><strong>manibus</strong></span> <span class='ocrx_word' id='word_1_13' title='bbox 358 678 523 748; x_wconf 85' lang='lat' dir='ltr'><strong>gerentem,</strong></span> <span class='ocrx_word' id='word_1_14' title='bbox 550 681 722 746; x_wconf 63' lang='lat' dir='ltr'><strong>veneratum</strong></span> <span class='ocrx_word' id='word_1_15' title='bbox 751 689 808 735; x_wconf 88' lang='lat' dir='ltr'><strong>nec</strong></span> <span class='ocrx_word' id='word_1_16' title='bbox 829 679 912 736; x_wconf 86' lang='lat' dir='ltr'><strong>recte</strong></span> <span class='ocrx_word' id='word_1_17' title='bbox 934 681 1004 736; x_wconf 86' lang='lat' dir='ltr'><strong>ante</strong></span> <span class='ocrx_word' id='word_1_18' title='bbox 1027 673 1109 736; x_wconf 89' lang='lat' dir='ltr'><strong>illurn</strong></span> <span class='ocrx_word' id='word_1_19' title='bbox 1132 673 1276 753; x_wconf 75' lang='lat' dir='ltr'>graditur,</span> <span class='ocrx_word' id='word_1_20' title='bbox 1306 691 1345 738; x_wconf 89' lang='lat' dir='ltr'><strong>ue</strong></span> 
     </span>
     <span class='ocr_line' id='line_1_4' title="bbox 72 771 1345 854; baseline 0.003 -20"><span class='ocrx_word' id='word_1_21' title='bbox 72 781 152 850; x_wconf 86' lang='lat' dir='ltr'><strong>terga</strong></span> <span class='ocrx_word' id='word_1_22' title='bbox 174 781 280 843; x_wconf 83' lang='lat' dir='ltr'><strong>vertat,</strong></span> <span class='ocrx_word' id='word_1_23' title='bbox 303 773 358 834; x_wconf 86' lang='lat' dir='ltr'><strong>sed</strong></span> <span class='ocrx_word' id='word_1_24' title='bbox 380 773 446 852; x_wconf 89' lang='lat' dir='ltr'><strong>ipse</strong></span> <span class='ocrx_word' id='word_1_25' title='bbox 468 771 591 834; x_wconf 86' lang='lat' dir='ltr'><strong>maioris</strong></span> <span class='ocrx_word' id='word_1_26' title='bbox 615 772 711 836; x_wconf 89' lang='lat' dir='ltr'><strong>cultus</strong></span> <span class='ocrx_word' id='word_1_27' title='bbox 734 773 839 852; x_wconf 88' lang='lat' dir='ltr'><strong>gratie,</strong></span> <span class='ocrx_word' id='word_1_28' title='bbox 862 775 1046 853; x_wconf 70' lang='lat' dir='ltr'><strong>retrogradis</strong></span> <span class='ocrx_word' id='word_1_29' title='bbox 1069 777 1133 838; x_wconf 89' lang='lat' dir='ltr'><strong>lere</strong></span> <span class='ocrx_word' id='word_1_30' title='bbox 1150 774 1291 854; x_wconf 86' lang='lat' dir='ltr'><strong>passibus</strong></span> <span class='ocrx_word' id='word_1_31' title='bbox 1307 775 1345 838; x_wconf 88' lang='lat' dir='ltr'><strong>ad</strong></span> 
     </span>
     <span class='ocr_line' id='line_1_5' title="bbox 71 873 1344 956; baseline 0.006 -20"><span class='ocrx_word' id='word_1_32' title='bbox 71 891 189 936; x_wconf 81' lang='lat' dir='ltr'><strong>sacrum</strong></span> <span class='ocrx_word' id='word_1_33' title='bbox 217 891 315 953; x_wconf 89' lang='lat' dir='ltr'><strong>usque</strong></span> <span class='ocrx_word' id='word_1_34' title='bbox 336 873 467 938; x_wconf 83' lang='lat' dir='ltr'><strong>tribuual</strong></span> <span class='ocrx_word' id='word_1_35' title='bbox 494 873 624 948; x_wconf 87' lang='lat' dir='ltr'><strong>incedit;</strong></span> <span class='ocrx_word' id='word_1_36' title='bbox 653 873 704 936; x_wconf 90' lang='lat' dir='ltr'><strong>ubi</strong></span> <span class='ocrx_word' id='word_1_37' title='bbox 733 875 814 937; x_wconf 84' lang='lat' dir='ltr'><strong>iusta</strong></span> <span class='ocrx_word' id='word_1_38' title='bbox 844 875 934 938; x_wconf 90' lang='lat' dir='ltr'><strong>ritum</strong></span> <span class='ocrx_word' id='word_1_39' title='bbox 968 875 1019 938; x_wconf 90' lang='lat' dir='ltr'><strong>hic</strong></span> <span class='ocrx_word' id='word_1_40' title='bbox 1053 894 1229 956; x_wconf 83' lang='lat' dir='ltr'><strong>expressum</strong></span> <span class='ocrx_word' id='word_1_41' title='bbox 1258 895 1344 944; x_wconf 80' lang='lat' dir='ltr'><strong>secra</strong></span> 
     </span>
     <span class='ocr_line' id='line_1_6' title="bbox 71 974 1344 1057; baseline 0.003 -21"><span class='ocrx_word' id='word_1_42' title='bbox 71 975 147 1037; x_wconf 86' lang='lat' dir='ltr'><strong>dona</strong></span> <span class='ocrx_word' id='word_1_43' title='bbox 175 974 379 1054; x_wconf 88' lang='lat' dir='ltr'><strong>deponuntur.</strong></span> <span class='ocrx_word' id='word_1_44' title='bbox 422 975 460 1036; x_wconf 77' lang='lat' dir='ltr'><strong>lit</strong></span> <span class='ocrx_word' id='word_1_45' title='bbox 488 975 608 1038; x_wconf 74' lang='lat' dir='ltr'><strong>undem</strong></span> <span class='ocrx_word' id='word_1_46' title='bbox 637 975 664 1038; x_wconf 92' lang='lat' dir='ltr'><strong>si</strong></span> <span class='ocrx_word' id='word_1_47' title='bbox 687 976 836 1040; x_wconf 86' lang='lat' dir='ltr'><strong>Sacerdos</strong></span> <span class='ocrx_word' id='word_1_48' title='bbox 858 977 972 1056; x_wconf 90' lang='lat' dir='ltr'><strong>absque</strong></span> <span class='ocrx_word' id='word_1_49' title='bbox 994 977 1105 1040; x_wconf 87' lang='lat' dir='ltr'><strong>comite</strong></span> <span class='ocrx_word' id='word_1_50' title='bbox 1126 977 1260 1042; x_wconf 87' lang='lat' dir='ltr'><strong>Diacono</strong></span> <span class='ocrx_word' id='word_1_51' title='bbox 1282 996 1344 1057; x_wconf 82' lang='lat' dir='ltr'><strong>mp-</strong></span> 
     </span>
     <span class='ocr_line' id='line_1_7' title="bbox 70 1076 1394 1167; baseline 0.005 -29"><span class='ocrx_word' id='word_1_52' title='bbox 70 1076 194 1140; x_wconf 76' lang='lat' dir='ltr'><strong>sterium</strong></span> <span class='ocrx_word' id='word_1_53' title='bbox 217 1076 362 1156; x_wconf 87' lang='lat' dir='ltr'><strong>perliciat,</strong></span> <span class='ocrx_word' id='word_1_54' title='bbox 386 1078 512 1140; x_wconf 81' lang='lat' dir='ltr'><strong>Laetare</strong></span> <span class='ocrx_word' id='word_1_55' title='bbox 533 1077 753 1156; x_wconf 88' lang='lat' dir='ltr'><strong>sullumigante,</strong></span> <span class='ocrx_word' id='word_1_56' title='bbox 783 1078 882 1158; x_wconf 85' lang='lat' dir='ltr'><strong>eapite</strong></span> <span class='ocrx_word' id='word_1_57' title='bbox 904 1087 935 1142; x_wconf 90' lang='lat' dir='ltr'><strong>et</strong></span> <span class='ocrx_word' id='word_1_58' title='bbox 956 1078 1078 1142; x_wconf 88' lang='lat' dir='ltr'><strong>sinistra</strong></span> <span class='ocrx_word' id='word_1_59' title='bbox 1100 1097 1191 1144; x_wconf 84' lang='lat' dir='ltr'><strong>manu</strong></span> <span class='ocrx_word' id='word_1_60' title='bbox 1212 1079 1343 1152; x_wconf 86' lang='lat' dir='ltr'><strong>Discum,</strong></span> <span class='ocrx_word' id='word_1_61' title='bbox 1389 1156 1394 1167; x_wconf 36' lang='grc' dir='ltr'>Ι</span> 
     </span>
     <span class='ocr_line' id='line_1_8' title="bbox 70 1178 1344 1262; baseline 0.002 -22"><span class='ocrx_word' id='word_1_62' title='bbox 70 1178 172 1240; x_wconf 81' lang='lat' dir='ltr'><strong>dextra</strong></span> <span class='ocrx_word' id='word_1_63' title='bbox 202 1194 274 1240; x_wconf 84' lang='lat' dir='ltr'><strong>varo</strong></span> <span class='ocrx_word' id='word_1_64' title='bbox 303 1188 372 1240; x_wconf 89' lang='lat' dir='ltr'><strong>ante</strong></span> <span class='ocrx_word' id='word_1_65' title='bbox 398 1187 504 1258; x_wconf 87' lang='lat' dir='ltr'><strong>pectus</strong></span> <span class='ocrx_word' id='word_1_66' title='bbox 532 1187 669 1242; x_wconf 86' lang='lat' dir='ltr'><strong>sanctuar</strong></span> <span class='ocrx_word' id='word_1_67' title='bbox 698 1179 822 1242; x_wconf 81' lang='lat' dir='ltr'><strong>calicem</strong></span> <span class='ocrx_word' id='word_1_68' title='bbox 845 1189 1003 1254; x_wconf 87' lang='lat' dir='ltr'><strong>sustentat,</strong></span> <span class='ocrx_word' id='word_1_69' title='bbox 1034 1189 1065 1242; x_wconf 89' lang='lat' dir='ltr'><strong>et</strong></span> <span class='ocrx_word' id='word_1_70' title='bbox 1084 1180 1198 1262; x_wconf 88' lang='lat' dir='ltr'><strong>populo</strong></span> <span class='ocrx_word' id='word_1_71' title='bbox 1220 1199 1344 1244; x_wconf 87' lang='lat' dir='ltr'><strong>reuera-</strong></span> 
     </span>
     <span class='ocr_line' id='line_1_9' title="bbox 69 1278 1344 1364; baseline 0.003 -24"><span class='ocrx_word' id='word_1_72' title='bbox 69 1279 181 1354; x_wconf 89' lang='lat' dir='ltr'><strong>bundo,</strong></span> <span class='ocrx_word' id='word_1_73' title='bbox 211 1278 421 1358; x_wconf 75' lang='lat' dir='ltr'><strong>procumbenti</strong></span> <span class='ocrx_word' id='word_1_74' title='bbox 449 1289 480 1344; x_wconf 90' lang='lat' dir='ltr'><strong>et</strong></span> <span class='ocrx_word' id='word_1_75' title='bbox 507 1281 644 1344; x_wconf 91' lang='lat' dir='ltr'><strong>adoranti</strong></span> <span class='ocrx_word' id='word_1_76' title='bbox 672 1281 739 1362; x_wconf 88' lang='lat' dir='ltr'><strong>ipse</strong></span> <span class='ocrx_word' id='word_1_77' title='bbox 767 1281 926 1362; x_wconf 82' lang='lat' dir='ltr'><strong>utrobique</strong></span> <span class='ocrx_word' id='word_1_78' title='bbox 957 1281 1081 1346; x_wconf 83' lang='lat' dir='ltr'><strong>vocibus</strong></span> <span class='ocrx_word' id='word_1_79' title='bbox 1109 1301 1200 1364; x_wconf 86' lang='lat' dir='ltr'><strong>supra</strong></span> <span class='ocrx_word' id='word_1_80' title='bbox 1234 1281 1344 1358; x_wconf 89' lang='lat' dir='ltr'><strong>allatis,</strong></span> 
     </span>
     <span class='ocr_line' id='line_1_10' title="bbox 69 1380 657 1460; baseline 0.005 -18"><span class='ocrx_word' id='word_1_81' title='bbox 69 1381 153 1459; x_wconf 86' lang='lat' dir='ltr'><strong>regni</strong></span> <span class='ocrx_word' id='word_1_82' title='bbox 176 1380 320 1442; x_wconf 89' lang='lat' dir='ltr'><strong>coelestis</strong></span> <span class='ocrx_word' id='word_1_83' title='bbox 342 1380 454 1460; x_wconf 76' lang='lat' dir='ltr'><strong>ingerit</strong></span> <span class='ocrx_word' id='word_1_84' title='bbox 474 1381 657 1445; x_wconf 88' lang='lat' dir='ltr'><strong>memoriam.</strong></span> 
     </span>
    </p>

    <p class='ocr_par' dir='ltr' id='par_1_3' title="bbox 69 1481 1347 2781">
     <span class='ocr_line' id='line_1_11' title="bbox 153 1481 1344 1565; baseline 0.003 -20"><span class='ocrx_word' id='word_1_85' title='bbox 153 1481 209 1545; x_wconf 90' lang='lat' dir='ltr'><strong>llla</strong></span> <span class='ocrx_word' id='word_1_86' title='bbox 231 1481 390 1562; x_wconf 77' lang='lat' dir='ltr'><strong>processio</strong></span> <span class='ocrx_word' id='word_1_87' title='bbox 412 1501 428 1544; x_wconf 91' lang='lat' dir='ltr'><strong>a</strong></span> <span class='ocrx_word' id='word_1_88' title='bbox 451 1483 587 1562; x_wconf 82' lang='lat' dir='ltr'><strong>prothesi</strong></span> <span class='ocrx_word' id='word_1_89' title='bbox 610 1483 648 1546; x_wconf 90' lang='lat' dir='ltr'><strong>ad</strong></span> <span class='ocrx_word' id='word_1_90' title='bbox 671 1482 763 1548; x_wconf 85' lang='lat' dir='ltr'><strong>altare</strong></span> <span class='ocrx_word' id='word_1_91' title='bbox 780 1484 886 1548; x_wconf 89' lang='lat' dir='ltr'><strong>eodem</strong></span> <span class='ocrx_word' id='word_1_92' title='bbox 902 1484 1042 1548; x_wconf 84' lang='lat' dir='ltr'><strong>sollemni</strong></span> <span class='ocrx_word' id='word_1_93' title='bbox 1057 1493 1202 1564; x_wconf 89' lang='lat' dir='ltr'><strong>apparatu</strong></span> <span class='ocrx_word' id='word_1_94' title='bbox 1216 1485 1251 1548; x_wconf 90' lang='lat' dir='ltr'><strong>lit</strong></span> <span class='ocrx_word' id='word_1_95' title='bbox 1265 1483 1344 1565; x_wconf 91' lang='lat' dir='ltr'><strong>apud</strong></span> 
     </span>
     <span class='ocr_line' id='line_1_12' title="bbox 69 1584 1346 1666; baseline 0 -18"><span class='ocrx_word' id='word_1_96' title='bbox 69 1587 172 1664; x_wconf 74' lang='lat' dir='ltr'><strong>Syros,</strong></span> <span class='ocrx_word' id='word_1_97' title='bbox 195 1584 343 1664; x_wconf 87' lang='lat' dir='ltr'><strong>Coptitas,</strong></span> <span class='ocrx_word' id='word_1_98' title='bbox 365 1584 539 1664; x_wconf 75' lang='lat' dir='ltr'><strong>Aethiopes,</strong></span> <span class='ocrx_word' id='word_1_99' title='bbox 562 1603 598 1646; x_wconf 92' lang='lat' dir='ltr'><strong>eo</strong></span> <span class='ocrx_word' id='word_1_100' title='bbox 622 1595 735 1648; x_wconf 87' lang='lat' dir='ltr'><strong>tanturn</strong></span> <span class='ocrx_word' id='word_1_101' title='bbox 758 1586 943 1658; x_wconf 84' lang='lat' dir='ltr'><strong>discrimine,</strong></span> <span class='ocrx_word' id='word_1_102' title='bbox 967 1585 1046 1666; x_wconf 91' lang='lat' dir='ltr'><strong>quod</strong></span> <span class='ocrx_word' id='word_1_103' title='bbox 1070 1585 1175 1648; x_wconf 85' lang='lat' dir='ltr'><strong>Graeci</strong></span> <span class='ocrx_word' id='word_1_104' title='bbox 1199 1605 1265 1649; x_wconf 89' lang='lat' dir='ltr'><strong>eam</strong></span> <span class='ocrx_word' id='word_1_105' title='bbox 1287 1585 1346 1648; x_wconf 89' lang='lat' dir='ltr'><strong>dii·</strong></span> 
     </span>
     <span class='ocr_line' id='line_1_13' title="bbox 69 1683 1345 1767; baseline 0.002 -19"><span class='ocrx_word' id='word_1_106' title='bbox 69 1687 168 1748; x_wconf 85' lang='lat' dir='ltr'><strong>lerunt</strong></span> <span class='ocrx_word' id='word_1_107' title='bbox 191 1703 289 1766; x_wconf 88' lang='lat' dir='ltr'><strong>usque</strong></span> <span class='ocrx_word' id='word_1_108' title='bbox 311 1683 348 1748; x_wconf 88' lang='lat' dir='ltr'><strong>ad</strong></span> <span class='ocrx_word' id='word_1_109' title='bbox 370 1686 534 1764; x_wconf 89' lang='lat' dir='ltr'><strong>perlectam</strong></span> <span class='ocrx_word' id='word_1_110' title='bbox 549 1685 702 1764; x_wconf 78' lang='lat' dir='ltr'><strong>Evangelii</strong></span> <span class='ocrx_word' id='word_1_111' title='bbox 725 1685 896 1761; x_wconf 89' lang='lat' dir='ltr'><strong>lectionem,</strong></span> <span class='ocrx_word' id='word_1_112' title='bbox 920 1687 963 1750; x_wconf 90' lang='lat' dir='ltr'><strong>illl</strong></span> <span class='ocrx_word' id='word_1_113' title='bbox 979 1689 1181 1767; x_wconf 84' lang='lat' dir='ltr'><strong>praemittunt.</strong></span> <span class='ocrx_word' id='word_1_114' title='bbox 1212 1688 1251 1750; x_wconf 83' lang='lat' dir='ltr'><strong>lit</strong></span> <span class='ocrx_word' id='word_1_115' title='bbox 1265 1705 1345 1750; x_wconf 89' lang='lat' dir='ltr'><strong>sem·</strong></span> 
     </span>
     <span class='ocr_line' id='line_1_14' title="bbox 70 1785 1346 1869; baseline 0.002 -19"><span class='ocrx_word' id='word_1_116' title='bbox 70 1807 124 1868; x_wconf 87' lang='lat' dir='ltr'><strong>per</strong></span> <span class='ocrx_word' id='word_1_117' title='bbox 145 1795 210 1850; x_wconf 92' lang='lat' dir='ltr'><strong>erat</strong></span> <span class='ocrx_word' id='word_1_118' title='bbox 233 1786 312 1850; x_wconf 88' lang='lat' dir='ltr'><strong>inter</strong></span> <span class='ocrx_word' id='word_1_119' title='bbox 333 1785 468 1860; x_wconf 88' lang='lat' dir='ltr'><strong>Latinos,</strong></span> <span class='ocrx_word' id='word_1_120' title='bbox 491 1787 541 1868; x_wconf 93' lang='lat' dir='ltr'><strong>qui</strong></span> <span class='ocrx_word' id='word_1_121' title='bbox 565 1787 735 1850; x_wconf 80' lang='lat' dir='ltr'><strong>orientales</strong></span> <span class='ocrx_word' id='word_1_122' title='bbox 757 1797 945 1861; x_wconf 82' lang='lat' dir='ltr'><strong>accusarunt,</strong></span> <span class='ocrx_word' id='word_1_123' title='bbox 970 1787 1050 1869; x_wconf 90' lang='lat' dir='ltr'><strong>quod</strong></span> <span class='ocrx_word' id='word_1_124' title='bbox 1073 1807 1157 1852; x_wconf 86' lang='lat' dir='ltr'><strong>saera</strong></span> <span class='ocrx_word' id='word_1_125' title='bbox 1180 1787 1269 1862; x_wconf 88' lang='lat' dir='ltr'><strong>dona,</strong></span> <span class='ocrx_word' id='word_1_126' title='bbox 1292 1807 1346 1852; x_wconf 90' lang='lat' dir='ltr'><strong>au·</strong></span> 
     </span>
     <span class='ocr_line' id='line_1_15' title="bbox 72 1889 1347 1970; baseline 0.002 -20"><span class='ocrx_word' id='word_1_127' title='bbox 72 1901 190 1968; x_wconf 87' lang='lat' dir='ltr'><strong>tequam</strong></span> <span class='ocrx_word' id='word_1_128' title='bbox 222 1907 277 1968; x_wconf 87' lang='lat' dir='ltr'><strong>per</strong></span> <span class='ocrx_word' id='word_1_129' title='bbox 305 1889 565 1950; x_wconf 87' lang='lat' dir='ltr'><strong>consecrationem</strong></span> <span class='ocrx_word' id='word_1_130' title='bbox 593 1899 788 1952; x_wconf 87' lang='lat' dir='ltr'><strong>transmutata</strong></span> <span class='ocrx_word' id='word_1_131' title='bbox 817 1891 946 1954; x_wconf 88' lang='lat' dir='ltr'><strong>luissent</strong></span> <span class='ocrx_word' id='word_1_132' title='bbox 973 1890 1005 1952; x_wconf 89' lang='lat' dir='ltr'><strong>in</strong></span> <span class='ocrx_word' id='word_1_133' title='bbox 1034 1907 1145 1970; x_wconf 88' lang='lat' dir='ltr'><strong>corpus</strong></span> <span class='ocrx_word' id='word_1_134' title='bbox 1175 1889 1286 1953; x_wconf 87' lang='lat' dir='ltr'><strong>Christi</strong></span> <span class='ocrx_word' id='word_1_135' title='bbox 1314 1897 1347 1952; x_wconf 86' lang='lat' dir='ltr'><strong>ct</strong></span> 
     </span>
     <span class='ocr_line' id='line_1_16' title="bbox 70 1989 1345 2072; baseline 0.002 -20"><span class='ocrx_word' id='word_1_136' title='bbox 70 1990 265 2068; x_wconf 87' lang='lat' dir='ltr'><strong>sanguinem,</strong></span> <span class='ocrx_word' id='word_1_137' title='bbox 301 1989 361 2052; x_wconf 90' lang='lat' dir='ltr'><strong>illis</strong></span> <span class='ocrx_word' id='word_1_138' title='bbox 397 1989 565 2055; x_wconf 87' lang='lat' dir='ltr'><strong>honoribus</strong></span> <span class='ocrx_word' id='word_1_139' title='bbox 593 2001 864 2072; x_wconf 86' lang='lat' dir='ltr'><strong>prosequerentur,</strong></span> <span class='ocrx_word' id='word_1_140' title='bbox 903 1991 954 2071; x_wconf 91' lang='lat' dir='ltr'><strong>qui</strong></span> <span class='ocrx_word' id='word_1_141' title='bbox 981 1991 1072 2054; x_wconf 90' lang='lat' dir='ltr'><strong>nudis</strong></span> <span class='ocrx_word' id='word_1_142' title='bbox 1101 1990 1257 2054; x_wconf 86' lang='lat' dir='ltr'><strong>elementis</strong></span> <span class='ocrx_word' id='word_1_143' title='bbox 1284 2007 1345 2054; x_wconf 88' lang='lat' dir='ltr'><strong>nou</strong></span> 
     </span>
     <span class='ocr_line' id='line_1_17' title="bbox 70 2091 1346 2174; baseline 0 -20"><span class='ocrx_word' id='word_1_144' title='bbox 70 2101 198 2172; x_wconf 85' lang='lat' dir='ltr'><strong>possent</strong></span> <span class='ocrx_word' id='word_1_145' title='bbox 224 2091 401 2166; x_wconf 77' lang='lat' dir='ltr'><strong>convenire3</strong></span> <span class='ocrx_word' id='word_1_146' title='bbox 430 2092 521 2154; x_wconf 87' lang='lat' dir='ltr'><strong>immo</strong></span> <span class='ocrx_word' id='word_1_147' title='bbox 550 2110 610 2153; x_wconf 92' lang='lat' dir='ltr'><strong>non</strong></span> <span class='ocrx_word' id='word_1_148' title='bbox 640 2092 808 2165; x_wconf 82' lang='lat' dir='ltr'><strong>doluerunt,</strong></span> <span class='ocrx_word' id='word_1_149' title='bbox 837 2092 888 2173; x_wconf 92' lang='lat' dir='ltr'><strong>qui</strong></span> <span class='ocrx_word' id='word_1_150' title='bbox 910 2093 999 2156; x_wconf 92' lang='lat' dir='ltr'><strong>huius</strong></span> <span class='ocrx_word' id='word_1_151' title='bbox 1015 2091 1233 2174; x_wconf 81' lang='lat' dir='ltr'><strong>prostrationis</strong></span> <span class='ocrx_word' id='word_1_152' title='bbox 1255 2110 1346 2156; x_wconf 86' lang='lat' dir='ltr'><strong>causa</strong></span> 
     </span>
     <span class='ocr_line' id='line_1_18' title="bbox 70 2193 1345 2273; baseline 0.002 -19"><span class='ocrx_word' id='word_1_153' title='bbox 70 2193 272 2256; x_wconf 82' lang='lat' dir='ltr'><strong>idololatriam</strong></span> <span class='ocrx_word' id='word_1_154' title='bbox 295 2193 491 2256; x_wconf 87' lang='lat' dir='ltr'><strong>orientalibus</strong></span> <span class='ocrx_word' id='word_1_155' title='bbox 520 2193 783 2273; x_wconf 81' lang='lat' dir='ltr'><strong>exqrrobrarsrunt.</strong></span> <span class='ocrx_word' id='word_1_156' title='bbox 828 2193 888 2258; x_wconf 88' lang='lat' dir='ltr'><strong>Sed</strong></span> <span class='ocrx_word' id='word_1_157' title='bbox 911 2193 1059 2272; x_wconf 86' lang='lat' dir='ltr'><strong>negabant</strong></span> <span class='ocrx_word' id='word_1_158' title='bbox 1081 2194 1187 2258; x_wconf 88' lang='lat' dir='ltr'><strong>Graeci</strong></span> <span class='ocrx_word' id='word_1_159' title='bbox 1209 2195 1289 2258; x_wconf 88' lang='lat' dir='ltr'><strong>dona</strong></span> <span class='ocrx_word' id='word_1_160' title='bbox 1311 2212 1345 2257; x_wconf 89' lang='lat' dir='ltr'><strong>se</strong></span> 
     </span>
     <span class='ocr_line' id='line_1_19' title="bbox 71 2295 1345 2376; baseline 0.001 -19"><span class='ocrx_word' id='word_1_161' title='bbox 71 2309 136 2358; x_wconf 84' lang='lat' dir='ltr'><strong>ente</strong></span> <span class='ocrx_word' id='word_1_162' title='bbox 158 2295 421 2358; x_wconf 87' lang='lat' dir='ltr'><strong>consecrationem</strong></span> <span class='ocrx_word' id='word_1_163' title='bbox 444 2295 569 2358; x_wconf 89' lang='lat' dir='ltr'><strong>adorare</strong></span> <span class='ocrx_word' id='word_1_164' title='bbox 592 2296 646 2358; x_wconf 88' lang='lat' dir='ltr'><strong>sed</strong></span> <span class='ocrx_word' id='word_1_165' title='bbox 669 2295 819 2358; x_wconf 82' lang='lat' dir='ltr'><strong>venerari:</strong></span> <span class='ocrx_word' id='word_1_166' title='bbox 843 2313 903 2356; x_wconf 90' lang='lat' dir='ltr'><strong>non</strong></span> <span class='ocrx_word' id='word_1_167' title='bbox 926 2304 957 2358; x_wconf 87' lang='lat' dir='ltr'><strong>ut</strong></span> <span class='ocrx_word' id='word_1_168' title='bbox 978 2313 1081 2358; x_wconf 82' lang='lat' dir='ltr'><strong>rerum</strong></span> <span class='ocrx_word' id='word_1_169' title='bbox 1100 2295 1211 2359; x_wconf 86' lang='lat' dir='ltr'><strong>Christi</strong></span> <span class='ocrx_word' id='word_1_170' title='bbox 1234 2311 1345 2376; x_wconf 90' lang='lat' dir='ltr'><strong>corpus</strong></span> 
     </span>
     <span class='ocr_line' id='line_1_20' title="bbox 71 2388 1345 2478; baseline 0.001 -19"><span class='ocrx_word' id='word_1_171' title='bbox 71 2397 115 2459; x_wconf 88' lang='lat' dir='ltr'><strong>cui</strong></span> <span class='ocrx_word' id='word_1_172' title='bbox 139 2415 230 2461; x_wconf 84' lang='lat' dir='ltr'><strong>verus</strong></span> <span class='ocrx_word' id='word_1_173' title='bbox 253 2388 409 2478; x_wconf 75' lang='grc' dir='ltr'><strong><em>λατρείας</em></strong></span> <span class='ocrx_word' id='word_1_174' title='bbox 436 2396 533 2459; x_wconf 90' lang='lat' dir='ltr'><strong>cultus</strong></span> <span class='ocrx_word' id='word_1_175' title='bbox 556 2395 729 2468; x_wconf 89' lang='lat' dir='ltr'><strong>debebatur,</strong></span> <span class='ocrx_word' id='word_1_176' title='bbox 760 2416 857 2477; x_wconf 88' lang='lat' dir='ltr'><strong>nequa</strong></span> <span class='ocrx_word' id='word_1_177' title='bbox 879 2397 1030 2459; x_wconf 88' lang='lat' dir='ltr'><strong>bonorare</strong></span> <span class='ocrx_word' id='word_1_178' title='bbox 1051 2406 1166 2460; x_wconf 89' lang='lat' dir='ltr'><strong>tantum</strong></span> <span class='ocrx_word' id='word_1_179' title='bbox 1187 2406 1222 2458; x_wconf 91' lang='lat' dir='ltr'><strong>ut</strong></span> <span class='ocrx_word' id='word_1_180' title='bbox 1242 2409 1345 2460; x_wconf 84' lang='lat' dir='ltr'><strong>sacras</strong></span> 
     </span>
     <span class='ocr_line' id='line_1_21' title="bbox 70 2497 1345 2579; baseline 0.001 -20"><span class='ocrx_word' id='word_1_181' title='bbox 70 2499 228 2576; x_wconf 82' lang='lat' dir='ltr'><strong>imagines,</strong></span> <span class='ocrx_word' id='word_1_182' title='bbox 251 2497 304 2560; x_wconf 86' lang='lat' dir='ltr'><strong>sed</strong></span> <span class='ocrx_word' id='word_1_183' title='bbox 328 2498 528 2577; x_wconf 88' lang='lat' dir='ltr'><strong>anticipantes</strong></span> <span class='ocrx_word' id='word_1_184' title='bbox 551 2498 679 2578; x_wconf 89' lang='lat' dir='ltr'><strong>quadam</strong></span> <span class='ocrx_word' id='word_1_185' title='bbox 702 2499 894 2561; x_wconf 79' lang='lat' dir='ltr'><strong>veneratione</strong></span> <span class='ocrx_word' id='word_1_186' title='bbox 917 2497 1061 2578; x_wconf 86' lang='lat' dir='ltr'><strong>prosequi</strong></span> <span class='ocrx_word' id='word_1_187' title='bbox 1085 2507 1224 2579; x_wconf 87' lang='lat' dir='ltr'><strong>tanquam</strong></span> <span class='ocrx_word' id='word_1_188' title='bbox 1246 2507 1345 2560; x_wconf 79' lang='lat' dir='ltr'><strong>hans·</strong></span> 
     </span>
     <span class='ocr_line' id='line_1_22' title="bbox 69 2599 1346 2680; baseline 0 -18"><span class='ocrx_word' id='word_1_189' title='bbox 69 2600 195 2663; x_wconf 88' lang='lat' dir='ltr'><strong>lerenda</strong></span> <span class='ocrx_word' id='word_1_190' title='bbox 222 2618 292 2661; x_wconf 83' lang='lat' dir='ltr'><strong>mox</strong></span> <span class='ocrx_word' id='word_1_191' title='bbox 314 2599 345 2660; x_wconf 93' lang='lat' dir='ltr'><strong>in</strong></span> <span class='ocrx_word' id='word_1_192' title='bbox 369 2599 480 2664; x_wconf 84' lang='lat' dir='ltr'><strong>Christi</strong></span> <span class='ocrx_word' id='word_1_193' title='bbox 502 2617 624 2662; x_wconf 88' lang='lat' dir='ltr'><strong>carnem</strong></span> <span class='ocrx_word' id='word_1_194' title='bbox 646 2609 676 2662; x_wconf 92' lang='lat' dir='ltr'><strong>et</strong></span> <span class='ocrx_word' id='word_1_195' title='bbox 696 2599 884 2680; x_wconf 87' lang='lat' dir='ltr'><strong>sanguinem.</strong></span> <span class='ocrx_word' id='word_1_196' title='bbox 893 2600 913 2678; x_wconf 87' lang='lat'><strong>¹)</strong></span> <span class='ocrx_word' id='word_1_197' title='bbox 958 2601 1081 2662; x_wconf 87' lang='lat' dir='ltr'><strong>Poterat</strong></span> <span class='ocrx_word' id='word_1_198' title='bbox 1101 2610 1257 2680; x_wconf 85' lang='lat' dir='ltr'><strong>praeterea</strong></span> <span class='ocrx_word' id='word_1_199' title='bbox 1280 2617 1346 2662; x_wconf 83' lang='lat' dir='ltr'><strong>nao-</strong></span> 
     </span>
     <span class='ocr_line' id='line_1_23' title="bbox 70 2701 1345 2781; baseline 0 -17"><span class='ocrx_word' id='word_1_200' title='bbox 70 2721 150 2773; x_wconf 88' lang='lat' dir='ltr'><strong>nere,</strong></span> <span class='ocrx_word' id='word_1_201' title='bbox 181 2701 213 2764; x_wconf 90' lang='lat' dir='ltr'><strong>in</strong></span> <span class='ocrx_word' id='word_1_202' title='bbox 235 2701 368 2763; x_wconf 86' lang='lat' dir='ltr'><strong>Romana</strong></span> <span class='ocrx_word' id='word_1_203' title='bbox 402 2701 494 2762; x_wconf 90' lang='lat' dir='ltr'><strong>missa</strong></span> <span class='ocrx_word' id='word_1_204' title='bbox 527 2701 618 2764; x_wconf 86' lang='lat' dir='ltr'><strong>etiarn</strong></span> <span class='ocrx_word' id='word_1_205' title='bbox 651 2711 768 2764; x_wconf 83' lang='lat' dir='ltr'><strong>exstare</strong></span> <span class='ocrx_word' id='word_1_206' title='bbox 790 2701 872 2764; x_wconf 89' lang='lat' dir='ltr'><strong>illius</strong></span> <span class='ocrx_word' id='word_1_207' title='bbox 895 2701 1099 2781; x_wconf 73' lang='lat' dir='ltr'><strong>„anticipasse</strong></span> <span class='ocrx_word' id='word_1_208' title='bbox 1120 2701 1345 2768; x_wconf 84' lang='lat' dir='ltr'><strong>venerationis“</strong></span> 
     </span>
    </p>
   </div>
   <div class='ocr_carea' id='block_1_3' title="bbox 70 2802 1348 3487">
    <p class='ocr_par' dir='ltr' id='par_1_4' title="bbox 70 2802 1348 3487">
     <span class='ocr_line' id='line_1_24' title="bbox 70 2802 1348 2882; baseline 0.003 -20"><span class='ocrx_word' id='word_1_209' title='bbox 70 2803 206 2882; x_wconf 79' lang='lat' dir='ltr'><strong>vestigia.</strong></span> <span class='ocrx_word' id='word_1_210' title='bbox 251 2803 382 2865; x_wconf 80' lang='lat' dir='ltr'><strong>offertur</strong></span> <span class='ocrx_word' id='word_1_211' title='bbox 403 2812 472 2864; x_wconf 89' lang='lat' dir='ltr'><strong>ante</strong></span> <span class='ocrx_word' id='word_1_212' title='bbox 501 2803 759 2866; x_wconf 88' lang='lat' dir='ltr'><strong>consecrationem</strong></span> <span class='ocrx_word' id='word_1_213' title='bbox 781 2803 881 2866; x_wconf 83' lang='lat' dir='ltr'><strong>boetia</strong></span> <span class='ocrx_word' id='word_1_214' title='bbox 904 2803 1103 2877; x_wconf 85' lang='lat' dir='ltr'><strong>immaculata,</strong></span> <span class='ocrx_word' id='word_1_215' title='bbox 1125 2804 1249 2867; x_wconf 85' lang='lat' dir='ltr'><strong>ollertur</strong></span> <span class='ocrx_word' id='word_1_216' title='bbox 1270 2802 1348 2866; x_wconf 82' lang='lat' dir='ltr'><strong>calix</strong></span> 
     </span>
     <span class='ocr_line' id='line_1_25' title="bbox 71 2903 1346 2982; baseline 0 -14"><span class='ocrx_word' id='word_1_217' title='bbox 71 2905 222 2978; x_wconf 86' lang='lat' dir='ltr'><strong>salutaris,</strong></span> <span class='ocrx_word' id='word_1_218' title='bbox 251 2904 443 2968; x_wconf 87' lang='lat' dir='ltr'><strong>incensantur</strong></span> <span class='ocrx_word' id='word_1_219' title='bbox 464 2904 494 2965; x_wconf 92' lang='lat' dir='ltr'><strong>in</strong></span> <span class='ocrx_word' id='word_1_220' title='bbox 518 2904 610 2966; x_wconf 85' lang='lat' dir='ltr'><strong>misse</strong></span> <span class='ocrx_word' id='word_1_221' title='bbox 633 2904 784 2981; x_wconf 82' lang='lat' dir='ltr'><strong>sollemni,</strong></span> <span class='ocrx_word' id='word_1_222' title='bbox 805 2903 945 2968; x_wconf 90' lang='lat' dir='ltr'><strong>crucibus</strong></span> <span class='ocrx_word' id='word_1_223' title='bbox 967 2904 1124 2982; x_wconf 85' lang='lat' dir='ltr'><strong>signantur</strong></span> <span class='ocrx_word' id='word_1_224' title='bbox 1145 2905 1187 2967; x_wconf 90' lang='lat' dir='ltr'><strong>uti</strong></span> <span class='ocrx_word' id='word_1_225' title='bbox 1210 2905 1346 2978; x_wconf 88' lang='lat' dir='ltr'><strong>„sacrifl-</strong></span> 
     </span>
     <span class='ocr_line' id='line_1_26' title="bbox 71 3004 1347 3088; baseline 0 -20"><span class='ocrx_word' id='word_1_226' title='bbox 71 3006 148 3070; x_wconf 88' lang='lat' dir='ltr'><strong>cium</strong></span> <span class='ocrx_word' id='word_1_227' title='bbox 164 3005 346 3069; x_wconf 85' lang='lat' dir='ltr'><strong>illibatum“.</strong></span> <span class='ocrx_word' id='word_1_228' title='bbox 359 3051 362 3058; x_wconf 87' lang='lat'>.</span> <span class='ocrx_word' id='word_1_229' title='bbox 375 3005 456 3068; x_wconf 86' lang='lat' dir='ltr'><strong>llaec</strong></span> <span class='ocrx_word' id='word_1_230' title='bbox 471 3005 653 3068; x_wconf 85' lang='lat' dir='ltr'><strong>Graecorum</strong></span> <span class='ocrx_word' id='word_1_231' title='bbox 667 3017 698 3068; x_wconf 85' lang='lat' dir='ltr'><strong>et</strong></span> <span class='ocrx_word' id='word_1_232' title='bbox 711 3005 914 3069; x_wconf 83' lang='lat' dir='ltr'><strong>Romanorum</strong></span> <span class='ocrx_word' id='word_1_233' title='bbox 929 3004 1049 3084; x_wconf 85' lang='lat' dir='ltr'><strong>praesia</strong></span> <span class='ocrx_word' id='word_1_234' title='bbox 1064 3006 1217 3068; x_wconf 85' lang='lat' dir='ltr'><strong>veneratio</strong></span> <span class='ocrx_word' id='word_1_235' title='bbox 1232 3006 1347 3088; x_wconf 90' lang='lat' dir='ltr'><strong>optime</strong></span> 
     </span>
     <span class='ocr_line' id='line_1_27' title="bbox 70 3105 1347 3186; baseline 0.002 -18"><span class='ocrx_word' id='word_1_236' title='bbox 70 3107 248 3186; x_wconf 86' lang='lat' dir='ltr'><strong>intelligitur</strong></span> <span class='ocrx_word' id='word_1_237' title='bbox 269 3125 306 3168; x_wconf 86' lang='lat' dir='ltr'><strong>ex</strong></span> <span class='ocrx_word' id='word_1_238' title='bbox 325 3106 547 3170; x_wconf 84' lang='lat' dir='ltr'><strong>vetustissimae</strong></span> <span class='ocrx_word' id='word_1_239' title='bbox 570 3105 718 3168; x_wconf 88' lang='lat' dir='ltr'><strong>ecclesiae</strong></span> <span class='ocrx_word' id='word_1_240' title='bbox 739 3106 885 3181; x_wconf 85' lang='lat' dir='ltr'><strong>moribus,</strong></span> <span class='ocrx_word' id='word_1_241' title='bbox 909 3123 988 3186; x_wconf 87' lang='lat' dir='ltr'><strong>quae</strong></span> <span class='ocrx_word' id='word_1_242' title='bbox 1010 3124 1119 3186; x_wconf 90' lang='lat' dir='ltr'><strong>panem</strong></span> <span class='ocrx_word' id='word_1_243' title='bbox 1142 3114 1173 3168; x_wconf 92' lang='lat' dir='ltr'><strong>et</strong></span> <span class='ocrx_word' id='word_1_244' title='bbox 1193 3106 1294 3168; x_wconf 87' lang='lat' dir='ltr'><strong>vinum</strong></span> <span class='ocrx_word' id='word_1_245' title='bbox 1313 3119 1347 3170; x_wconf 89' lang='lat' dir='ltr'><strong>ut</strong></span> 
     </span>
     <span class='ocr_line' id='line_1_28' title="bbox 70 3207 1346 3288; baseline 0 -20"><span class='ocrx_word' id='word_1_246' title='bbox 70 3228 170 3272; x_wconf 88' lang='lat' dir='ltr'><strong>rerum</strong></span> <span class='ocrx_word' id='word_1_247' title='bbox 194 3207 376 3271; x_wconf 84' lang='lat' dir='ltr'><strong>sacrificium</strong></span> <span class='ocrx_word' id='word_1_248' title='bbox 392 3208 453 3270; x_wconf 80' lang='lat' dir='ltr'><strong>heo</strong></span> <span class='ocrx_word' id='word_1_249' title='bbox 476 3207 593 3281; x_wconf 81' lang='lat' dir='ltr'><strong>obtulit,</strong></span> <span class='ocrx_word' id='word_1_250' title='bbox 616 3207 750 3270; x_wconf 85' lang='lat' dir='ltr'><strong>lideliunr</strong></span> <span class='ocrx_word' id='word_1_251' title='bbox 764 3208 906 3285; x_wconf 49' lang='lat' dir='ltr'><strong>,rationes</strong></span> <span class='ocrx_word' id='word_1_252' title='bbox 921 3217 1150 3288; x_wconf 86' lang='lat' dir='ltr'><strong>repraesentans</strong></span> <span class='ocrx_word' id='word_1_253' title='bbox 1165 3215 1196 3268; x_wconf 88' lang='lat' dir='ltr'><strong>et</strong></span> <span class='ocrx_word' id='word_1_254' title='bbox 1211 3207 1346 3269; x_wconf 87' lang='lat' dir='ltr'><strong>devotio·</strong></span> 
     </span>
     <span class='ocr_line' id='line_1_29' title="bbox 70 3305 1345 3390; baseline -0.002 -18"><span class='ocrx_word' id='word_1_255' title='bbox 70 3329 151 3372; x_wconf 88' lang='lat' dir='ltr'><strong>nem:</strong></span> <span class='ocrx_word' id='word_1_256' title='bbox 186 3310 302 3390; x_wconf 88' lang='lat' dir='ltr'><strong>recepit</strong></span> <span class='ocrx_word' id='word_1_257' title='bbox 323 3329 341 3372; x_wconf 89' lang='lat' dir='ltr'><strong>a</strong></span> <span class='ocrx_word' id='word_1_258' title='bbox 363 3310 424 3372; x_wconf 86' lang='lat' dir='ltr'><strong>lleo</strong></span> <span class='ocrx_word' id='word_1_259' title='bbox 452 3311 484 3372; x_wconf 95' lang='lat' dir='ltr'><strong>in</strong></span> <span class='ocrx_word' id='word_1_260' title='bbox 512 3307 619 3372; x_wconf 90' lang='lat' dir='ltr'><strong>melius</strong></span> <span class='ocrx_word' id='word_1_261' title='bbox 649 3318 876 3372; x_wconf 86' lang='lat' dir='ltr'><strong>transmutatum</strong></span> <span class='ocrx_word' id='word_1_262' title='bbox 906 3308 950 3372; x_wconf 85' lang='lat' dir='ltr'><strong>uti</strong></span> <span class='ocrx_word' id='word_1_263' title='bbox 973 3325 1093 3371; x_wconf 76' lang='lat' dir='ltr'><strong>manem</strong></span> <span class='ocrx_word' id='word_1_264' title='bbox 1117 3315 1147 3369; x_wconf 91' lang='lat' dir='ltr'><strong>et</strong></span> <span class='ocrx_word' id='word_1_265' title='bbox 1168 3305 1345 3387; x_wconf 87' lang='lat' dir='ltr'><strong>sangninem</strong></span> 
     </span>
     <span class='ocr_line' id='line_1_30' title="bbox 71 3411 231 3487; baseline -0.013 -13"><span class='ocrx_word' id='word_1_266' title='bbox 71 3411 231 3487; x_wconf 84' lang='lat' dir='ltr'><strong>homini.¹)</strong></span> 
     </span>
    </p>
   </div>
   <div class='ocr_carea' id='block_1_4' title="bbox 71 3511 1346 3694">
    <p class='ocr_par' dir='ltr' id='par_1_5' title="bbox 71 3511 1346 3694">
     <span class='ocr_line' id='line_1_31' title="bbox 152 3511 1346 3594; baseline -0.001 -20"><span class='ocrx_word' id='word_1_267' title='bbox 152 3513 192 3574; x_wconf 79' lang='lat' dir='ltr'><strong>ha</strong></span> <span class='ocrx_word' id='word_1_268' title='bbox 218 3529 290 3574; x_wconf 88' lang='lat' dir='ltr'><strong>vcro</strong></span> <span class='ocrx_word' id='word_1_269' title='bbox 319 3511 357 3574; x_wconf 87' lang='lat' dir='ltr'><strong>de</strong></span> <span class='ocrx_word' id='word_1_270' title='bbox 384 3511 485 3574; x_wconf 87' lang='lat' dir='ltr'><strong>bisin</strong></span> <span class='ocrx_word' id='word_1_271' title='bbox 510 3521 803 3594; x_wconf 87' lang='lat' dir='ltr'><strong>utramquepartem</strong></span> <span class='ocrx_word' id='word_1_272' title='bbox 826 3511 973 3593; x_wconf 85' lang='lat' dir='ltr'><strong>disputari</strong></span> <span class='ocrx_word' id='word_1_273' title='bbox 996 3529 1097 3591; x_wconf 88' lang='lat' dir='ltr'><strong>posse,</strong></span> <span class='ocrx_word' id='word_1_274' title='bbox 1126 3511 1249 3573; x_wconf 88' lang='lat' dir='ltr'><strong>omnino</strong></span> <span class='ocrx_word' id='word_1_275' title='bbox 1272 3529 1346 3574; x_wconf 89' lang='lat' dir='ltr'><strong>con-</strong></span> 
     </span>
     <span class='ocr_line' id='line_1_32' title="bbox 71 3613 1346 3694; baseline 0.002 -18"><span class='ocrx_word' id='word_1_276' title='bbox 71 3615 217 3678; x_wconf 86' lang='lat' dir='ltr'><strong>cedimus.</strong></span> <span class='ocrx_word' id='word_1_277' title='bbox 259 3614 389 3676; x_wconf 87' lang='lat' dir='ltr'><strong>Prorsus</strong></span> <span class='ocrx_word' id='word_1_278' title='bbox 411 3613 535 3693; x_wconf 89' lang='lat' dir='ltr'><strong>indigna</strong></span> <span class='ocrx_word' id='word_1_279' title='bbox 557 3624 636 3688; x_wconf 87' lang='lat' dir='ltr'><strong>sunt,</strong></span> <span class='ocrx_word' id='word_1_280' title='bbox 659 3625 691 3678; x_wconf 89' lang='lat' dir='ltr'><strong>ut</strong></span> <span class='ocrx_word' id='word_1_281' title='bbox 712 3615 824 3678; x_wconf 88' lang='lat' dir='ltr'><strong>rectius</strong></span> <span class='ocrx_word' id='word_1_282' title='bbox 846 3615 953 3688; x_wconf 84' lang='lat' dir='ltr'><strong>dicam,</strong></span> <span class='ocrx_word' id='word_1_283' title='bbox 976 3613 1070 3676; x_wconf 88' lang='lat' dir='ltr'><strong>risum</strong></span> <span class='ocrx_word' id='word_1_284' title='bbox 1086 3613 1245 3686; x_wconf 80' lang='lat' dir='ltr'><strong>moventia,</strong></span> <span class='ocrx_word' id='word_1_285' title='bbox 1269 3630 1346 3694; x_wconf 86' lang='lat' dir='ltr'><strong>quae</strong></span> 
     </span>
    </p>
   </div>
   <div class='ocr_carea' id='block_1_5' title="bbox 72 3847 1348 4700">
    <p class='ocr_par' dir='ltr' id='par_1_6' title="bbox 72 3847 1348 4440">
     <span class='ocr_line' id='line_1_33' title="bbox 154 3847 1347 3936; baseline -0.004 -16"><span class='ocrx_word' id='word_1_286' title='bbox 154 3869 180 3930; x_wconf 84' lang='lat' dir='ltr'><strong>ll</strong></span> <span class='ocrx_word' id='word_1_287' title='bbox 203 3869 268 3920; x_wconf 82' lang='lat' dir='ltr'><strong>llic.</strong></span> <span class='ocrx_word' id='word_1_288' title='bbox 284 3867 431 3931; x_wconf 70' lang='lat' dir='ltr'><strong>bulgari:</strong></span> <span class='ocrx_word' id='word_1_289' title='bbox 456 3865 522 3930; x_wconf 77' lang='lat' dir='ltr'><strong>„nat</strong></span> <span class='ocrx_word' id='word_1_290' title='bbox 544 3859 583 3933; x_wconf 76' lang='grc' dir='ltr'><strong>μὴ</strong></span> <span class='ocrx_word' id='word_1_291' title='bbox 606 3865 763 3936; x_wconf 70' lang='grc' dir='ltr'><strong><em>σιοχσσθῇς</em></strong></span> <span class='ocrx_word' id='word_1_292' title='bbox 779 3859 951 3933; x_wconf 74' lang='grc' dir='ltr'><strong><em>ἂριολάιρας</em></strong></span> <span class='ocrx_word' id='word_1_293' title='bbox 966 3859 1014 3917; x_wconf 76' lang='grc' dir='ltr'><strong>διὰ</strong></span> <span class='ocrx_word' id='word_1_294' title='bbox 1033 3865 1122 3930; x_wconf 73' lang='grc' dir='ltr'><strong><em>τοῦτο,</em></strong></span> <span class='ocrx_word' id='word_1_295' title='bbox 1146 3857 1164 3928; x_wconf 78' lang='grc' dir='ltr'><em>ἢ</em></span> <span class='ocrx_word' id='word_1_296' title='bbox 1183 3847 1347 3932; x_wconf 63' lang='lat' dir='ltr'><strong>chaldaeae</strong></span> 
     </span>
     <span class='ocr_line' id='line_1_34' title="bbox 72 3941 1346 4019; baseline -0.002 -18"><span class='ocrx_word' id='word_1_297' title='bbox 72 3948 131 4010; x_wconf 76' lang='grc' dir='ltr'><strong><em>τοὺς</em></strong></span> <span class='ocrx_word' id='word_1_298' title='bbox 148 3945 345 4019; x_wconf 75' lang='grc' dir='ltr'><strong><em>Χριστιανοὺς,</em></strong></span> <span class='ocrx_word' id='word_1_299' title='bbox 362 3945 457 4009; x_wconf 71' lang='grc' dir='ltr'><strong><em>καθώς</em></strong></span> <span class='ocrx_word' id='word_1_300' title='bbox 473 3945 648 4018; x_wconf 71' lang='grc' dir='ltr'><strong><em>ἐφλυάρισσν</em></strong></span> <span class='ocrx_word' id='word_1_301' title='bbox 664 3941 777 4002; x_wconf 63' lang='lat' dir='ltr'><strong>rainerus</strong></span> <span class='ocrx_word' id='word_1_302' title='bbox 794 3947 892 4016; x_wconf 67' lang='grc' dir='ltr'><strong><em>ἐχθροὶ</em></strong></span> <span class='ocrx_word' id='word_1_303' title='bbox 908 3949 954 4015; x_wconf 68' lang='grc' dir='ltr'><strong>τῆς</strong></span> <span class='ocrx_word' id='word_1_304' title='bbox 970 3945 1109 4016; x_wconf 69' lang='grc' dir='ltr'><strong><em>ἀληθείας,</em></strong></span> <span class='ocrx_word' id='word_1_305' title='bbox 1128 3949 1175 4000; x_wconf 80' lang='lat' dir='ltr'><strong>seul</strong></span> <span class='ocrx_word' id='word_1_306' title='bbox 1191 3943 1346 4015; x_wconf 73' lang='grc' dir='ltr'><strong><em>εὐσεβείας·</em></strong></span> 
     </span>
     <span class='ocr_line' id='line_1_35' title="bbox 72 4028 1348 4104; baseline -0.002 -18"><span class='ocrx_word' id='word_1_307' title='bbox 72 4032 166 4101; x_wconf 67' lang='grc' dir='ltr'><strong><em>ἐπειδὴ</em></strong></span> <span class='ocrx_word' id='word_1_308' title='bbox 182 4036 257 4104; x_wconf 71' lang='grc' dir='ltr'><strong><em>λέγει</em></strong></span> <span class='ocrx_word' id='word_1_309' title='bbox 273 4031 395 4104; x_wconf 72' lang='grc' dir='ltr'><strong><em>Συμεών</em></strong></span> <span class='ocrx_word' id='word_1_310' title='bbox 412 4028 427 4087; x_wconf 80' lang='lat' dir='ltr'><strong>d</strong></span> <span class='ocrx_word' id='word_1_311' title='bbox 449 4033 661 4098; x_wconf 69' lang='grc' dir='ltr'><strong><em>Θεσσαλονίκης,</em></strong></span> <span class='ocrx_word' id='word_1_312' title='bbox 686 4031 799 4092; x_wconf 69' lang='grc' dir='ltr'><strong>δικαίοις</strong></span> <span class='ocrx_word' id='word_1_313' title='bbox 814 4036 1020 4104; x_wconf 71' lang='grc' dir='ltr'><strong><em>προσπίπτουσι</em></strong></span> <span class='ocrx_word' id='word_1_314' title='bbox 1036 4028 1138 4092; x_wconf 77' lang='grc' dir='ltr'><strong><em>πάντες</em></strong></span> <span class='ocrx_word' id='word_1_315' title='bbox 1154 4033 1211 4091; x_wconf 74' lang='grc' dir='ltr'><strong>τοῖς</strong></span> <span class='ocrx_word' id='word_1_316' title='bbox 1226 4031 1348 4102; x_wconf 70' lang='grc' dir='ltr'><strong><em>ἱερεῦσιν</em></strong></span> 
     </span>
     <span class='ocr_line' id='line_1_36' title="bbox 73 4109 1348 4189; baseline -0.002 -18"><span class='ocrx_word' id='word_1_317' title='bbox 73 4121 219 4172; x_wconf 70' lang='grc' dir='ltr'><strong><em>ιΙπισιοι·</em></strong></span> <span class='ocrx_word' id='word_1_318' title='bbox 243 4114 274 4172; x_wconf 83' lang='lat' dir='ltr'><strong>ad</strong></span> <span class='ocrx_word' id='word_1_319' title='bbox 299 4117 363 4187; x_wconf 71' lang='lat' dir='ltr'><strong>pla,</strong></span> <span class='ocrx_word' id='word_1_320' title='bbox 387 4114 435 4178; x_wconf 77' lang='grc' dir='ltr'><strong>τὰς</strong></span> <span class='ocrx_word' id='word_1_321' title='bbox 456 4113 541 4188; x_wconf 73' lang='grc' dir='ltr'><strong><em>εὐχὰς</em></strong></span> <span class='ocrx_word' id='word_1_322' title='bbox 563 4115 655 4169; x_wconf 76' lang='grc' dir='ltr'><em>αὐτῶν</em></span> <span class='ocrx_word' id='word_1_323' title='bbox 678 4111 879 4186; x_wconf 71' lang='grc' dir='ltr'><strong><em>ἐξαιτούμενοι,</em></strong></span> <span class='ocrx_word' id='word_1_324' title='bbox 903 4109 1250 4189; x_wconf 57' lang='lat' dir='ltr'><strong>saepenominatam</strong></span> <span class='ocrx_word' id='word_1_325' title='bbox 1267 4114 1348 4188; x_wconf 70' lang='grc' dir='ltr'><strong>ἔνιῇ</strong></span> 
     </span>
     <span class='ocr_line' id='line_1_37' title="bbox 73 4195 1346 4274; baseline -0.002 -21"><span class='ocrx_word' id='word_1_326' title='bbox 73 4203 213 4274; x_wconf 73' lang='grc' dir='ltr'><strong><em>ἱερουργίᾳ</em></strong></span> <span class='ocrx_word' id='word_1_327' title='bbox 231 4198 373 4272; x_wconf 79' lang='grc' dir='ltr'><strong><em>δεόμενοι·</em></strong></span> <span class='ocrx_word' id='word_1_328' title='bbox 391 4199 422 4255; x_wconf 83' lang='lat' dir='ltr'><strong>ad</strong></span> <span class='ocrx_word' id='word_1_329' title='bbox 440 4201 480 4268; x_wconf 80' lang='lat' dir='ltr'><strong>dt,</strong></span> <span class='ocrx_word' id='word_1_330' title='bbox 499 4201 631 4269; x_wconf 77' lang='grc' dir='ltr'><strong><em>τιμῶντες</em></strong></span> <span class='ocrx_word' id='word_1_331' title='bbox 647 4197 679 4254; x_wconf 76' lang='grc' dir='ltr'><strong>ιὰ</strong></span> <span class='ocrx_word' id='word_1_332' title='bbox 697 4205 760 4254; x_wconf 75' lang='lat' dir='ltr'><strong>aeto</strong></span> <span class='ocrx_word' id='word_1_333' title='bbox 779 4200 869 4270; x_wconf 76' lang='grc' dir='ltr'><strong><em>δῶρα·</em></strong></span> <span class='ocrx_word' id='word_1_334' title='bbox 888 4203 913 4254; x_wconf 85' lang='lat' dir='ltr'><strong>el</strong></span> <span class='ocrx_word' id='word_1_335' title='bbox 929 4199 984 4271; x_wconf 75' lang='grc' dir='ltr'><strong>γὰρ</strong></span> <span class='ocrx_word' id='word_1_336' title='bbox 1002 4203 1049 4255; x_wconf 75' lang='lat' dir='ltr'><strong>aul</strong></span> <span class='ocrx_word' id='word_1_337' title='bbox 1065 4197 1150 4269; x_wconf 80' lang='grc' dir='ltr'><em>μήπω</em></span> <span class='ocrx_word' id='word_1_338' title='bbox 1167 4195 1346 4270; x_wconf 72' lang='grc' dir='ltr'><strong><em>ἱερουργὴθη,</em></strong></span> 
     </span>
     <span class='ocr_line' id='line_1_38' title="bbox 73 4279 1347 4359; baseline -0.004 -19"><span class='ocrx_word' id='word_1_339' title='bbox 73 4283 124 4345; x_wconf 74' lang='lat' dir='ltr'><strong>a&#39;tt&#39;</strong></span> <span class='ocrx_word' id='word_1_340' title='bbox 153 4285 186 4342; x_wconf 75' lang='lat' dir='ltr'><strong>dr</strong></span> <span class='ocrx_word' id='word_1_341' title='bbox 208 4287 241 4359; x_wconf 76' lang='grc' dir='ltr'><strong>τῇ</strong></span> <span class='ocrx_word' id='word_1_342' title='bbox 263 4290 396 4357; x_wconf 72' lang='grc' dir='ltr'><strong>προθέσει</strong></span> <span class='ocrx_word' id='word_1_343' title='bbox 419 4283 593 4354; x_wconf 69' lang='grc' dir='ltr'><strong><em>ἀνετέθησαν</em></strong></span> <span class='ocrx_word' id='word_1_344' title='bbox 609 4285 648 4354; x_wconf 79' lang='lat' dir='ltr'><strong>aqi</strong></span> <span class='ocrx_word' id='word_1_345' title='bbox 668 4285 739 4356; x_wconf 75' lang='lat' dir='ltr'><strong>esp,</strong></span> <span class='ocrx_word' id='word_1_346' title='bbox 762 4287 810 4338; x_wconf 76' lang='lat' dir='ltr'><strong>eat</strong></span> <span class='ocrx_word' id='word_1_347' title='bbox 827 4281 842 4340; x_wconf 83' lang='lat' dir='ltr'><strong>d</strong></span> <span class='ocrx_word' id='word_1_348' title='bbox 860 4283 949 4356; x_wconf 69' lang='grc' dir='ltr'><strong><em>ἱερεὺς</em></strong></span> <span class='ocrx_word' id='word_1_349' title='bbox 966 4286 1053 4340; x_wconf 70' lang='grc' dir='ltr'><strong><em>ἐκεῖσε</em></strong></span> <span class='ocrx_word' id='word_1_350' title='bbox 1071 4279 1156 4352; x_wconf 75' lang='grc' dir='ltr'><strong><em>εὐχὴν</em></strong></span> <span class='ocrx_word' id='word_1_351' title='bbox 1172 4281 1291 4356; x_wconf 73' lang='grc' dir='ltr'><strong><em>ἂνέφιρε</em></strong></span> <span class='ocrx_word' id='word_1_352' title='bbox 1308 4285 1347 4350; x_wconf 78' lang='lat' dir='ltr'><strong>aqi</strong></span> 
     </span>
     <span class='ocr_line' id='line_1_39' title="bbox 78 4364 1054 4440; baseline -0.002 -16"><span class='ocrx_word' id='word_1_353' title='bbox 78 4371 143 4439; x_wconf 73' lang='grc' dir='ltr'><strong><em>Θεῷ,</em></strong></span> <span class='ocrx_word' id='word_1_354' title='bbox 160 4373 209 4425; x_wconf 81' lang='lat' dir='ltr'><strong>asari</strong></span> <span class='ocrx_word' id='word_1_355' title='bbox 226 4371 432 4440; x_wconf 75' lang='grc' dir='ltr'><strong><em>προςδέξιισθαι</em></strong></span> <span class='ocrx_word' id='word_1_356' title='bbox 448 4374 532 4424; x_wconf 78' lang='grc' dir='ltr'><em>ταῦτα</em></span> <span class='ocrx_word' id='word_1_357' title='bbox 550 4366 629 4424; x_wconf 71' lang='grc' dir='ltr'><strong><em>εἷπεν</em></strong></span> <span class='ocrx_word' id='word_1_358' title='bbox 646 4371 687 4430; x_wconf 71' lang='lat' dir='ltr'><strong>sle</strong></span> <span class='ocrx_word' id='word_1_359' title='bbox 702 4368 732 4424; x_wconf 83' lang='lat' dir='ltr'><strong>ad</strong></span> <span class='ocrx_word' id='word_1_360' title='bbox 750 4367 809 4424; x_wconf 75' lang='grc' dir='ltr'><strong>ἀνι)</strong></span> <span class='ocrx_word' id='word_1_361' title='bbox 826 4364 1054 4440; x_wconf 56' lang='grc' dir='ltr'><strong><em>θυσιαστήριονέ(</em></strong></span> 
     </span>
    </p>

    <p class='ocr_par' dir='ltr' id='par_1_7' title="bbox 75 4471 1347 4700">
     <span class='ocr_line' id='line_1_40' title="bbox 156 4471 1346 4542; baseline -0.002 -14"><span class='ocrx_word' id='word_1_362' title='bbox 156 4475 182 4537; x_wconf 83' lang='grc'><strong>2)</strong></span> <span class='ocrx_word' id='word_1_363' title='bbox 208 4477 315 4528; x_wconf 83' lang='lat' dir='ltr'><strong>Omnino</strong></span> <span class='ocrx_word' id='word_1_364' title='bbox 341 4475 389 4528; x_wconf 87' lang='lat' dir='ltr'><strong>dici</strong></span> <span class='ocrx_word' id='word_1_365' title='bbox 413 4483 503 4542; x_wconf 83' lang='lat' dir='ltr'><strong>potest,</strong></span> <span class='ocrx_word' id='word_1_366' title='bbox 527 4477 633 4529; x_wconf 82' lang='lat' dir='ltr'><strong>Graecos</strong></span> <span class='ocrx_word' id='word_1_367' title='bbox 651 4478 675 4527; x_wconf 92' lang='lat' dir='ltr'><strong>in</strong></span> <span class='ocrx_word' id='word_1_368' title='bbox 694 4477 776 4542; x_wconf 82' lang='lat' dir='ltr'><strong>queris</strong></span> <span class='ocrx_word' id='word_1_369' title='bbox 794 4477 866 4528; x_wconf 81' lang='lat' dir='ltr'><strong>llisss</strong></span> <span class='ocrx_word' id='word_1_370' title='bbox 883 4491 998 4542; x_wconf 82' lang='lat' dir='ltr'><strong>pompam</strong></span> <span class='ocrx_word' id='word_1_371' title='bbox 1017 4475 1104 4526; x_wconf 84' lang='lat' dir='ltr'><strong>ducere</strong></span> <span class='ocrx_word' id='word_1_372' title='bbox 1122 4471 1346 4536; x_wconf 83' lang='lat' dir='ltr'><strong>sollemnissimam,</strong></span> 
     </span>
     <span class='ocr_line' id='line_1_41' title="bbox 76 4558 1347 4629; baseline 0.001 -18"><span class='ocrx_word' id='word_1_373' title='bbox 76 4573 119 4624; x_wconf 82' lang='lat' dir='ltr'><strong>qus</strong></span> <span class='ocrx_word' id='word_1_374' title='bbox 137 4569 226 4612; x_wconf 79' lang='lat' dir='ltr'><strong>ornent</strong></span> <span class='ocrx_word' id='word_1_375' title='bbox 242 4561 345 4612; x_wconf 81' lang='lat' dir='ltr'><strong>Romani</strong></span> <span class='ocrx_word' id='word_1_376' title='bbox 362 4562 451 4614; x_wconf 83' lang='lat' dir='ltr'><strong>tastum</strong></span> <span class='ocrx_word' id='word_1_377' title='bbox 469 4562 581 4629; x_wconf 83' lang='lat' dir='ltr'><strong>corperis</strong></span> <span class='ocrx_word' id='word_1_378' title='bbox 600 4561 697 4624; x_wconf 84' lang='lat' dir='ltr'><strong>Christi,</strong></span> <span class='ocrx_word' id='word_1_379' title='bbox 715 4562 748 4613; x_wconf 81' lang='lat' dir='ltr'><strong>ite</strong></span> <span class='ocrx_word' id='word_1_380' title='bbox 765 4567 846 4613; x_wconf 81' lang='lat' dir='ltr'><strong>temen</strong></span> <span class='ocrx_word' id='word_1_381' title='bbox 864 4569 890 4613; x_wconf 88' lang='lat' dir='ltr'><strong>ut</strong></span> <span class='ocrx_word' id='word_1_382' title='bbox 907 4558 1134 4628; x_wconf 83' lang='lat' dir='ltr'><strong>procedantGraaci</strong></span> <span class='ocrx_word' id='word_1_383' title='bbox 1152 4573 1207 4610; x_wconf 86' lang='lat' dir='ltr'><strong>cana</strong></span> <span class='ocrx_word' id='word_1_384' title='bbox 1219 4558 1347 4612; x_wconf 79' lang='lat' dir='ltr'><strong>elementia</strong></span> 
     </span>
     <span class='ocr_line' id='line_1_42' title="bbox 75 4645 355 4700; baseline 0.018 -7"><span class='ocrx_word' id='word_1_385' title='bbox 75 4645 179 4699; x_wconf 72' lang='lat' dir='ltr'><strong>umam</strong></span> <span class='ocrx_word' id='word_1_386' title='bbox 196 4647 355 4700; x_wconf 75' lang='grc' dir='ltr'><strong><em>σοοιιιιιιίι.</em></strong></span> 
     </span>
    </p>
   </div>
   <div class='ocr_carea' id='block_1_6' title="bbox 0 0 1675 5302">
    <p class='ocr_par' dir='ltr' id='par_1_8' title="bbox 0 0 1675 5302">
     <span class='ocr_line' id='line_1_43' title="bbox 0 0 1675 5302; baseline 0 0"><span class='ocrx_word' id='word_1_387' title='bbox 0 0 1675 5302; x_wconf 95' lang='lat' dir='ltr'><strong> </strong></span> 
     </span>
    </p>
   </div>
  </div>
 </body>
</html>
