3378 5302
706 477 753 551 tt

479 655 517 727 ‘0
539 656 645 747 ἱερεύς
665 656 842 744 ἐπεύχεται
861 659 976 747 λέγειν.

169 761 343 838 Δέσποτα
377 762 529 852 ζωοποιὲ
562 763 626 837 καὶ
658 771 736 839 τῶν
761 765 925 866 ἀγαθῶν
947 763 1096 866 χορημέ,
1131 765 1268 853 ὁδούς
1291 777 1370 856 τοῖς

100 861 311 960 ἀνθρώποις
334 863 405 961 τὴν
429 865 621 962 μακαρίαν
645 863 776 948 ἐλπίδα
800 873 865 962 τῆς
891 867 1046 941 αλιονίου
1073 866 1179 964 ζωῆς,
1205 870 1273 946 τὸν
1290 871 1369 948 Ko-

101 995 173 1064 ριον
195 964 309 1064 ἡμῶν
327 966 475 1062 Ἰησοῦν
493 965 674 1064 Χριστὸν,
700 967 933 1053 καταξίιυσον
943 966 1043 1064 ἡμᾶς
1061 972 1102 1045 ἐν
1115 971 1289 1072 ἁγιασμῷ
1305 975 1369 1050 καλ

100 1065 230 1164 ταύτην
256 1092 318 1142 σοι
341 1067 413 1164 τὴν
436 1067 551 1144 θείαν
576 1069 776 1143 ἐπιτελέσαι
801 1068 1046 1174 λειτουργίαν,
1083 1077 1134 1156 εὶς
1160 1073 1368 1152 ἀπόλαυσιν

99 1178 155 1266 τῆς
176 1165 380 1266 μελλούσης
404 1165 683 1269 μακαριότητος.

624 1297 837 1394 Ἐκφιύνηοις.

158 1405 284 1488 Ὅπως
315 1401 388 1480 ὑπὸ
420 1411 488 1481 τοῦ
520 1401 681 1503 κράτους
707 1431 776 1482 σου
801 1403 960 1483 πύντοτε
986 1405 1270 1508 φυλαττόμενοι,
1304 1411 1368 1488 καὶ

101 1511 145 1590 εἷς
167 1514 250 1606 φῶς
276 1505 455 1604 ἀληθείας
480 1505 737 1610 ὁδηγούμενοι,
766 1507 825 1584 σοὶ
849 1509 918 1606 τὴν
943 1507 1059 1595 δόξαν
1083 1511 1147 1586 καὶ
1172 1513 1240 1611 την
1257 1514 1367 1612 εὐχα-

102 1610 237 1704 ριστίαν
265 1609 555 1706 ἀναπέμπωμεν,
592 1617 645 1708 τῷ
674 1610 802 1708 Haupt
826 1611 890 1686 καὶ
915 1619 969 1711 τῷ
1002 1611 1075 1712 Υἱῷ
1101 1613 1165 1689 καὶ
1189 1623 1243 1715 τῷ
1261 1615 1367 1719 ,ἁγίῳ

102 1707 303 1806 Πνεύματι,
328 1719 403 1787 νῦν
426 1710 490 1786 καὶ
515 1710 584 1788 ἀεί.
852 1723 855 1726 ’

649 1839 689 1910 ‘0
716 1839 807 1924 λαός.

143 1927 289 2026 ’Ἀμήν

612 2024 651 2095 Ὁ
673 2024 837 2109 διάκονος.

167 2133 257 2207 xvi.
296 2126 368 2227 Μή
394 2159 450 2214 τις
473 2138 551 2206 τῶν
576 2131 877 2228 κατηχουμέναιν,
910 2130 962 2230 μή
987 2161 1043 2218 τις
1067 2142 1145 2211 τῶν
1172 2133 1367 2234 ἀμυήτων,

98 2231 221 2330 μήτις
245 2239 327 2308 τῶν
351 2231 403 2329 μὴ
430 2230 655 2327 δυναμένων
677 2233 769 2329 ἡμῖν
795 2233 1067 2332 συνδεηθῆναι·
1095 2235 1273 2334 ἀλλήλους
1289 2239 1368 2316 ἐπέ·1

98 2363 208 2436 yvone
233 2335 303 2418 τὰς
327 2331 469 2430 θύρας·
497 2333 611 2432 ὀρθοὶ
636 2333 782 2420 πάντες.
800 2337 877 2412 Ἔτι
902 2344 971 2412 τοῦ
984 2336 1128 2436 Κυρίου
1154 2337 1366 2438 δεηθῶμεν.

422 2463 461 2532 ‘0
484 2463 590 2552 λερεύς
610 2463 706 2556 εὐχὴν
726 2473 787 2536 τοῦ
806 2467 1034 2556 θυμιάματος.

165 2569 340 2645 Δέσποτα
372 2568 645 2669 παντοκράτορ,
680 2573 837 2670 βασιλεῦ
868 2581 933 2670 τῆς
964 2571 1073 2670 δόξης
1079 2573 1147 2664 ,’δ
1179 2573 1288 2660 εἰδώς
1317 2577 1367 2652 τά

97 2669 213 2748 πάντα
238 2671 330 2768 πρὶν
346 2670 521 2773 γενέσεως
537 2672 677 2762 αὐτῶν,
696 2673 808 2759 αὐτὸς
823 2672 986 2773 πάρεσον
1002 2675 1094 2772 ἡμῖν
1110 2674 1200 2779 ἀμία
1215 2675 1332 2776 ταύτῃ
1342 2679 1365 2778 ¹)

176 2811 199 2873 t)
217 2813 285 2856 Pohe.
303 2809 330 2859 is
347 2806 381 2876 τῇ
399 2805 464 2874 dytp
482 2806 538 2878 ὥρᾳ
554 2801 646 2876 ταύτῃ.
682 2814 788 2860 Neritus:
805 2814 872 2860 Pione
891 2816 970 2860 excidit
986 2815 1078 2871 eiiquid.
1112 2817 1145 2862 λα
1163 2829 1216 2862 uero
1234 2825 1296 2863 recte
1314 2832 1366 2878 sup·

94 2881 163 2936 pium
179 2881 218 2926 uidi
235 2873 294 2945 ὥρη
312 2879 419 2926 dubium:
445 2893 495 2927 oum
512 2883 547 2927 rei
564 2878 656 2946 τελετῇ
674 2883 710 2928 rel
727 2875 812 2947 ἡμέρη
830 2895 875 2928 uon
892 2885 965 2928 miuus
982 2884 1041 2928 hece
1059 2886 1134 2930 iocum
1152 2886 1234 2930 hebere
1252 2875 1347 2942 possint.

171 3050 231 3114 Cep.
249 3049 308 3100 hii.
342 3047 375 3098 ii.
393 3071 426 3086 -
443 3041 640 3112 συνδεηθῆναι.
674 3044 785 3112 Μηδεὶς
807 3043 876 3100 scuni
900 3045 949 3100 τοῦ
971 3043 1066 3120 ἑτέρου
1089 3042 1176 3116 λόγον
1191 3045 1210 3114 ἤ
1227 3053 1367 3120 πονηρίαν

94 3127 178 3196 illurn.
206 3125 312 3200 Ἅφετε
325 3130 374 3204 καὶ
391 3123 563 3198 ἀφεθήσεται
579 3128 628 3188 τὰς
643 3124 780 3200 ἁμαρτίας
796 3125 885 3200 ὑμῶν,
903 3128 1143 3200 δξαμολογήοασθε
1162 3133 1210 3184 καὶ
1224 3133 1296 3202 petrei
1313 3152 1367 3186 κα-

95 3209 224 3273 τανύξεως
245 3207 476 3283 commodandis.
510 3209 671 3278 Αλτήσασθε
693 3211 765 3282 μετὰ
788 3208 881 3282 φόβου
903 3217 951 3265 καλ
969 3209 1073 3284 τρόμου
1092 3245 1123 3255 -
1142 3243 1174 3256 -
1192 3220 1285 3271 Desunt
1303 3237 1366 3273 nou-

95 3301 154 3350 uoiis
172 3317 251 3366 osque
270 3302 301 3352 sd
319 3300 474 3352 Secerdotem
492 3291 635 3365 ελςύγονια
653 3293 685 3349 ed
704 3296 790 3364 δῶρα.

171 3385 311 3436 lieriius
329 3385 420 3436 Tetrei.
431 3386 475 3436 Lit.
494 3401 518 3450 p.
530 3383 594 3436 238:
622 3385 674 3444 Quo
693 3393 801 3451 tompore
819 3385 879 3435 hoec
897 3384 1023 3448 disciplina
1042 3383 1149 3444 desierit,
1173 3399 1260 3450 mogun
1278 3387 1365 3439 erdore

97 3469 226 3520 timentum
246 3479 293 3520 est.
329 3470 461 3534 i'rsecipue
478 3485 534 3520 tero
552 3470 587 3520 uit·
604 3468 759 3522 doctissimus
777 3479 801 3520 et
817 3470 881 3534 pios,
900 3469 1001 3519 ioeuues
1015 3469 1089 3531 Bone,
1108 3470 1133 3520 S.
1152 3471 1178 3520 ii.
1196 3472 1222 3520 tt.
1240 3473 1368 3538 presbyter

96 3555 227 3616 uerrutis,
246 3563 272 3606 et
288 3555 314 3603 ii.
332 3554 360 3604 0.
380 3553 521 3606 Emmenuei
540 3554 688 3605 scheistrete
711 3553 741 3604 de
760 3555 805 3604 hec
821 3567 848 3604 re
866 3554 1060 3619 disputevcrout:
1084 3567 1156 3605 nemo
1174 3563 1254 3607 temen
1271 3557 1366 3609 doctius

96 3653 161 3702 qsem
185 3641 291 3691 insuues
309 3639 425 3699 thurinos,
450 3641 491 3704 qui
515 3639 631 3703 pecoiieui
655 3639 737 3690 iihelio
755 3648 830 3691 totum
848 3639 1075 3690 catechumenorum
1093 3637 1244 3705 disciplinam
1263 3642 1367 3705 diiigen-

95 3725 180 3774 tiseime
208 3731 375 3790 perscrutetur
402 3731 447 3774 est.
483 3724 540 3773 Eine
570 3725 688 3775 senteutiu
714 3731 760 3786 est,
788 3737 873 3774 omues
897 3723 1124 3774 catechumenorum
1139 3725 1247 3788 ordines,
1270 3735 1367 3791 procten

97 3817 264 3874 competentes,
288 3809 346 3860 circ.
365 3809 392 3859 h.
411 3807 439 3858 0.
457 3807 507 3858 ’100
524 3807 635 3858 schistos
653 3809 744 3858 icisse:
771 3809 865 3870 „Huius
883 3806 1052 3871 discipliuee“,
1076 3809 1161 3873 iuquit,
1186 3803 1326 3870 „toiieudee
1343 3817 1368 3862 ct

96 3894 262 3956 mhpceudee
280 3894 378 3944 occseio
397 3893 442 3942 iuit
458 3893 686 3943 crtechumenorom
704 3892 840 3943 ednitorum
858 3891 972 3955 penoris:
990 3892 1156 3944 deicientibus
1173 3894 1237 3944 euim
1255 3895 1366 3956 ethnicis,

96 3979 263 4028 deterrendi
288 3977 443 4043 heptismetis
467 3977 643 4028 cousuetudine
665 3991 767 4042 prorsus
792 3989 820 4026 er
844 3977 968 4026 hominum
992 3975 1078 4026 ouimie
1101 3977 1188 4038 deietr,
1213 3979 1311 4040 contigit
1335 3978 1366 4028 ed

95 4061 236 4125 baptismum
260 4061 329 4114 scios
355 4062 459 4112 inientes
483 4061 593 4112 oderri.“
628 4062 656 4112 iii
681 4073 738 4122 erpo
755 4067 805 4109 tum
825 4059 1011 4124 competentium
1029 4061 1092 4110 vices
1110 4060 1238 4123 gerebant:
1262 4069 1285 4110 et
1303 4061 1365 4110 circo

86 4145 139 4198 ‚hes
155 4149 252 4213 entique
269 4147 343 4211 riguit
360 4146 511 4197 consuetodo
531 4161 607 4212 usqne
625 4146 654 4196 ed
673 4142 856 4196 euuum1200:
875 4143 999 4194 observem
1017 4152 1074 4194 sont
1090 4152 1183 4209 septem
1201 4144 1324 4205 scrutinio,
1342 4150 1367 4195 ei

96 4229 157 4280 tecto
180 4234 284 4296 septimo
308 4233 333 4282 in
353 4237 424 4282 nocte
441 4232 520 4294 merui
539 4231 642 4291 sehhnti,
665 4230 700 4280 uei
719 4230 743 4279 in
762 4229 838 4292 vipiiio
856 4234 1018 4292 pentecostes,
1042 4228 1154 4294 beptisuti
1172 4235 1229 4278 sont
1245 4227 1319 4292 aliqui
1338 4241 1366 4280 ex

97 4315 224 4368 uhuotus
246 4317 308 4368 irene
333 4316 359 4368 in
383 4311 435 4367 re'm
459 4316 581 4378 reserreti,
605 4323 629 4365 et
652 4313 736 4374 edulii,
759 4314 780 4363 si
804 4313 844 4378 qui
869 4321 944 4365 erent.
978 4313 1059 4364 Prisce
1082 4311 1209 4376 discipline
1227 4311 1323 4375 longino
1341 4315 1366 4364 in

97 4399 191 4452 Oriente
214 4403 388 4467 perseveravit:
411 4401 499 4466 purtim
525 4413 571 4465 pro
589 4399 706 4450 ecclesius
723 4395 788 4448 iiiios
806 4399 902 4461 iugenio
920 4413 933 4447 r
951 4398 1083 4448 mutatione
1100 4395 1255 4456 abhorrente,
1277 4397 1365 4462 purtim

98 4485 149 4547 quis
165 4487 228 4538 sices
245 4499 396 4554 paganorum
414 4485 565 4549 occupabunt
582 4485 704 4534 Sereeeui.

177 4571 282 4635 flpmnus
302 4569 463 4630 cherchicos,
487 4569 604 4619 ecciesiae
629 4568 771 4619 occidenteii
789 4568 894 4630 ignotus,
912 4563 1062 4629 temporibus
1080 4561 1204 4613 iustioioui
1223 4575 1236 4612 e
1255 4563 1365 4616 cedreno

100 4653 205 4704 retertur.
237 4656 320 4722 tteqce
339 4655 403 4720 opud
423 4653 535 4704 ircohnm
554 4667 631 4718 ueque
650 4653 712 4717 opud
731 4653 837 4703 Murcum
856 4651 990 4714 exscriptus
1007 4653 1052 4708 esi,
1076 4653 1100 4696 et
1118 4649 1223 4698 occurrit
1241 4648 1264 4698 iu
1284 4649 1364 4698 oiireio

102 4733 264 4800 chrysostomi.

134 4821 168 4871 li.
1146 4815 1160 4864 i
