3378 5302
695 475 766 552 109

90 667 172 762 γῷ,
207 665 270 757 τῷ
303 661 533 786 θησαυρῷ
566 665 661 734 τῶν
687 660 897 737 αἰωνίων
921 661 1138 790 ἀγαθῶν,
1172 670 1223 758 66
1250 669 1369 790 6676

92 769 179 862 τῆς
196 731 315 857 ζωῆς
338 759 417 835 καὶ
441 768 519 856 τῆς
545 759 838 851 ἀθανασίας,
864 771 926 859 τιό
953 761 1145 838 ποίντων
1174 767 1265 861 Θεῷ
1291 763 1369 838 καὶ

94 859 322 958 Δεσπότῃ·
359 863 411 938 ὃν
443 861 679 957 ὑμνοῦσιν
712 863 753 936 οἱ
790 864 986 956 οὐρανοί
1010 872 1104 940 τῶν
1131 865 1367 963 οὐρανῶν,

93 965 170 1040 καὶ
202 972 329 1040 πᾶσα
361 962 383 1060 6
418 961 623 1060 δύναμις
647 966 823 1041 αὐτῶν·
855 964 984 1062 ἥλιός
1007 995 1054 1040 τε
1079 966 1156 1041 καὶ
1182 964 1368 1064 σελήνη,

93 1068 168 1140 καὶ
200 1073 289 1150 πᾶς
321 1065 342 1140 6
375 1073 468 1142 τῶν
501 1066 687 1161 ἄστρων
715 1063 874 1164 χορός
909 1076 986 1168 γῆ,
1021 1064 1257 1158 θάλασσα,
1290 1068 1368 1142 6666

94 1164 243 1242 ποίντα
269 1166 324 1242 τὰ
346 1169 394 1242 ἐν
416 1167 594 1250 αὐτοῖς·
618 1166 958 1296 Ἱερουσαλὴμ“
937 1199 960 1298 η
983 1166 1270 1266 ἐπουράνιος
1289 1199 1369 1244 πα-

95 1267 307 1371 νήγυρις,
340 1269 562 1365 ἐκκλησία
594 1267 905 1365 πρωτοτόκων
931 1271 1369 1400 ἀπογεγρριιιμίνιον

97 1373 143 1447 ἐν
174 1375 277 1454 τοῖς
310 1371 550 1499 οὐρανοῖς·
571 1367 825 1498 πνεύματα
858 1371 1059 1448 δικαίων
1083 1372 1162 1447 καὶ
1187 1401 1368 1472 προφη-

96 1481 203 1548 τῶν·
243 1471 395 1570 ψυχαὶ
426 1467 684 1600 μαρτύρων
714 1471 790 1547 καὶ
823 1471 1114 1550 ἀποστόλων·
1155 1475 1368 1603 ἄγγελοι,

98 1570 414 1702 ἂρχιίγγελοι,
442 1569 643 1701 θρόνοι,
683 1571 984 1672 κυριότητες,
1026 1574 1174 1680 ἀρχαί
1205 1605 1252 1651 τε
1290 1574 1370 1651 καὶ

99 1674 306 1761 ἐξουσίαι
338 1703 416 1752 και
402 1671 673 1804 δυνοίιρεις
697 1676 921 1774 φοβεραὶ,
953 1706 1033 1752 και
1019 1677 1110 1752 τὰ
1133 1671 1370 1776 χερουβέμ

99 1774 406 1906 πρλυόμματα
436 1776 515 1852 καὶ
546 1775 600 1850 66
634 1777 923 1904 ἐξαπτίρυγα
956 1778 1183 1877 σεραφὶιι,
1215 1779 1370 1865 δταίς

100 1879 176 1974 μίν
209 1877 322 1954 δυσὶ
347 1878 536 1976 πτέρυξι
562 1877 910 1954 κατακαλύπτει
935 1879 989 1953 66
1015 1878 1277 1978 πρόςωπα
1260 1910 1369 1958 εαυ-

100 1989 202 2068 τῶν,
243 1985 346 2064 ταῖς
385 1978 433 2054 66
474 1979 586 2055 δυσὶ
624 1979 733 2064 τούς
765 1978 933 2070 πόδας,
974 1980 1052 2056 καὶ
1088 1987 1192 2066 ταῖς
1229 1981 1370 2058 δυσίν

100 2079 347 2172 ἶπτιίμενα,
387 2081 615 2210 κέκραγεν
656 2082 815 2178 ἕτερον
854 2083 967 2176 πρὸς
1001 2083 1161 2180 ἕτερον
1193 2083 1369 2158 ἀκατα-

102 2181 322 2268 παόστοις
354 2180 605 2279 στόμασιν,
632 2179 874 2285 ἅσιγήτοις
899 2182 1215 2288 δοξολογίαις·

620 2311 831 2406 Ἕκφιόνησις.

173 2419 314 2496 Τὸν
298 2415 536 2494 επινίκιον
568 2417 718 2515 ὕιινον
757 2428 835 2517 τῆς
865 2429 1252 2522 μεγαλοπρεποῦς
1284 2445 1368 2498 σου

103 2519 230 2618 δόξης
255 2527 443 2618 λαμπρᾷ
469 2528 521 2618 τῇ
550 2529 679 2618 φωνῇ
706 2520 901 2619 ᾄδοντα,
934 2523 1142 2619 βοωντα,
1176 2521 1369 2608 δοξολο-

101 2633 292 2726 γοῦντα,
318 2619 601 2724 κεκραγότα,
627 2622 704 2696 καὶ
730 2622 942 2724 λίγοντα·

650 2751 809 2836 Ὁλαός.

131 2858 332 2988 Ἀγιος,
366 2856 517 2986 ἅγιος,
551 2856 684 2986 ἅγιος
714 2856 856 2956 Κύριε
890 2859 1109 2956 σαβαιδθ,
1143 2857 1315 2960 πλήρης
1348 2861 1368 2936 6

102 2959 296 3088 ρῦρανὸς
320 2958 398 3033 καὶ
422 2958 445 3056 6
470 2967 525 3061 γῆ
550 2967 630 3087 της
656 2956 791 3056 δόξης
818 2987 910 3037 σου.
934 2961 1136 3038 Ὡσαννὰ
1163 2961 1369 3046 ὅέντοῖς

102 3062 332 3157 ὑψίστοις·
339 3059 687 3190 εὐλογημένος
727 3061 747 3135 6
788 3060 1041 3160 ἐρχόιιενος
1079 3066 1128 3138 ἐν
1167 3061 1366 3162 ὀνόματι

103 3163 293 3262 Κυρίου.
321 3160 509 3238 ιόσαννδι
537 3162 556 3238 6
583 3166 630 3240 66¹
655 3169 753 3247 τοῖς
780 3162 1011 3261 ὑψίστοις.

388 3291 461 3361 “0
450 3294 559 3383 ιερεές
577 3294 827 3385 σφραγίζων
789 3321 831 3364 τα
855 3297 946 3382 δῶρα
967 3295 1066 3384 λέγει.

170 3399 292 3474 XXIX.
319 3397 465 3525 Ἀγιος
469 3397 513 3489 εί,
544 3399 702 3498 βασιλεῦ
728 3408 808 3475 τῶν
834 3397 997 3488 αἰώνων,
1023 3397 1087 3474 καὶ
1110 3394 1229 3495 πόσης
1254 3397 1369 3530 ἁγιω-

104 3497 207 3598 σύνης
233 3497 372 3598 Κύριος
403 3499 468 3576 καὶ
500 3456 696 3601 δωτὴρ·
679 3501 783 3604 οίγιος
807 3501 871 3578 καὶ
897 3502 916 3578 6
942 3497 1146 3604 μονογενής
1172 3528 1241 3579 σου
1275 3500 1369 3593 Υιὸς,

179 3726 237 3790 Cep.
256 3723 336 3776 xxiii·
371 3723 424 3774 Non
443 3721 561 3775 dissident
578 3723 608 3774 tr.
627 3725 653 3775 ii.
672 3732 696 3776 et
713 3733 790 3776 textus
806 3724 924 3788 irrignus.

179 3811 232 3875 Syr.
257 3809 319 3859 Vere
346 3807 450 3859 Serretes
475 3823 502 3858 es
530 3809 577 3858 Rex
601 3809 753 3859 sterniorum
777 3817 801 3859 et
825 3811 898 3860 totius
916 3809 1053 3860 sanctitutis
1070 3807 1178 3872 Ιιιςίιοί.
1213 3811 1315 3861 Senetus
1333 3819 1371 3863 est

104 3901 124 3942 et
138 3895 199 3945 fliius
217 3902 275 3945 teus
292 3893 430 3955 unigenitus
447 3893 564 3943 Dominus
582 3893 646 3944 Deus
670 3901 694 3944 et
711 3895 815 3944 seireter
832 3901 916 3944 noster
933 3894 1001 3944 lesus
1019 3893 1138 3944 Christus.
1173 3894 1276 3946 Sanctus
1293 3903 1330 3946 est
1347 3904 1372 3948 et

104 3977 198 4041 Spiritus
216 3987 275 4028 teus
292 3977 405 4038 Serretes,
424 3977 465 4042 qui
483 3977 563 4027 omnir
581 3985 711 4038 scrutetur,
737 3979 808 4028 etitm
825 3978 946 4043 profunde
965 3986 1013 4028 tus.
1048 3977 1113 4027 Deus
1131 3977 1208 4040 teter,
1227 3979 1329 4029 Senettrs
1347 3987 1372 4031 et

103 4065 259 4127 omnipotens,
278 4063 359 4112 orente
377 4062 512 4122 eontinet,
530 4061 654 4121 terribilis,
672 4061 749 4112 benus
768 4077 821 4112 ιιι-ω
839 4061 889 4112 tttto
907 4071 958 4121 tuo,
976 4063 1016 4126 qni
1035 4069 1135 4127 propter
1144 4063 1282 4124 figmentum
1294 4071 1369 4125 tuum,

103 4149 235 4210 passionem
256 4147 378 4211 particeps
397 4147 474 4198 ietttts
491 4153 537 4198 est.
568 4146 604 4197 'l'u
623 4148 686 4196 enim
706 4149 808 4197 formato
828 4161 855 4198 er
870 4155 934 4198 terre
953 4147 1043 4196 homini
1061 4146 1168 4212 pertdisi
1193 4145 1292 4196 delicies
1310 4161 1370 4197 eon·
1390 4145 1392 4150 '

101 4231 169 4282 tetisti
186 4240 210 4282 et
228 4245 283 4282 eum
302 4231 334 4281 eb
353 4231 476 4296 praecepti
492 4231 525 4282 tui
544 4231 761 4294 trenspressiotem
779 4233 915 4293 cecidisset,
933 4248 947 4281 6
964 4233 1071 4282 bonitate
1089 4239 1128 4282 tus
1146 4245 1193 4280 nen
1213 4237 1250 4279 est
1267 4229 1369 4281 destitu-

102 4321 144 4374 tus,
167 4317 210 4366 sesi
234 4325 358 4380 umquem
377 4315 517 4366 miserieors
533 4323 605 4380 peter
626 4318 705 4381 ipsum
724 4318 871 4380 eerripeisti,
894 4331 939 4382 per
956 4317 1034 4381 legem
1053 4315 1150 4376 measti,
1175 4328 1220 4380 per
1237 4315 1369 4381 Prophetas

103 4397 218 4451 direxisti:
243 4401 373 4451 notissime
397 4407 476 4452 tutem
500 4399 580 4465 ipsum
605 4401 681 4452 titium
706 4409 772 4450 teum
796 4402 943 4464 unigenitum
968 4398 1136 4458 inmundum,
1159 4399 1190 4449 td
1207 4400 1368 4450 renortndtttt

104 4483 223 4546 inspirent
247 4486 314 4534 inem
339 4483 437 4546 misisti,
460 4485 501 4550 qui
525 4485 676 4536 descendens
700 4486 836 4536 internatus
856 4492 893 4537 est
910 4485 940 4536 de
958 4485 1048 4549 Spiritu
1068 4485 1156 4534 Sencto
1175 4497 1203 4533 ιι
1221 4483 1307 4534 Sancte
1326 4483 1368 4534 Dei

103 4571 207 4627 renitriee
230 4583 377 4635 semperque
396 4569 489 4632 i'trpine
507 4569 578 4618 Meris
597 4577 693 4620 etcum
713 4570 849 4620 hominibus
868 4574 1031 4627 conversetur,
1056 4569 1136 4618 omnis
1154 4575 1255 4633 propter
1273 4570 1369 4631 pesteris

106 4655 174 4704 tottri
197 4655 301 4704 seintem
320 4653 441 4704 sustinuit.
474 4652 654 4717 Menephysitse
673 4653 696 4703 in
715 4653 760 4704 hee
777 4655 886 4705 oratione
904 4656 940 4704 sic
956 4655 1085 4718 scripsere.
1121 4653 1242 4714 „Stncitts
1260 4653 1323 4704 enim
1342 4665 1369 4702 es

105 4743 145 4786 ιιι.
161 4739 312 4792 omnitenens
329 4739 493 4803 omnipotens,
512 4735 634 4800 tetribilis,
653 4739 732 4789 bonus
750 4739 771 4788 is
789 4739 828 4802 qui
849 4739 987 4804 passionum
1006 4753 1033 4788 es
1050 4737 1199 4804 perticeps.“
