3388 5304
896 361 970 438 00⁴

298 545 433 646 λήματι
466 544 758 643 ἀποτέμνεσθαι,
789 544 854 622 καὶ
887 542 1128 624 διαλύεσθαι·
1163 545 1233 644 τὴν
1257 545 1300 624 55
1326 545 1456 645 ψυχὴν
1481 549 1578 624 ἐκεῖ-

295 654 371 727 θεν
392 655 543 778 χωρεῖν,
575 649 673 724 ἔνθα
699 648 763 732 καὶ
788 647 831 722 τὸ
857 646 952 724 εἶναι
975 645 1235 778 προςελοίβετο,
1267 648 1379 750 μέχρι
1404 658 1471 746 τῆς
1493 679 1578 728 κοι-

296 761 364 850 νῆς
390 747 641 840 ἀναστάσεως,
673 748 736 825 καῖ
768 748 812 824 τὸ
838 758 948 846 σῶμα
975 753 1025 834 εῖς
1049 749 1096 826 τὰ
1123 743 1217 836 ἐξ
1186 779 1243 877 ῳν
1268 751 1500 848 συνετέθη’
1479 782 1577 830 ανα-

296 851 467 930 λῦεσθαι.
509 851 583 928 Διά
606 860 722 926 τοῦτο
746 848 937 982 δεόμεθα
937 859 1007 926 τοῦ
1033 859 1103 927 σοῦ
1129 849 1298 950 ἀνάρχου
1322 853 1477 952 πατρὸς,
1510 854 1577 930 καῖ

296 965 366 1084 τοῦ
391 963 621 1057 μονογενοῦς
647 979 717 1030 σου
742 955 842 1082 5555,
874 954 1033 1030 καὶτοῦ
1057 953 1247 1085 παναχίου
1276 955 1341 1030 καὶ
1340 953 1577 1084 ὃμοσυσίομ

295 1055 360 1134 καί
394 1056 578 1150 ζωοποιοῦ
610 1080 680 1132 σου
705 1051 928 1186 πνεύματος,
959 1058 1023 1132 ἵνα
1049 1085 1102 1154 μη
1087 1055 1351 1184 ⁸555555c⁸
1311 1087 1355 1132 το
1382 1056 1453 1134 σὸν
1479 1057 1576 1134 πλά-

296 1187 375 1254 σμα
407 1161 671 1288 καταποθῆναι
703 1166 750 1254 τῇ
785 1155 960 1256 ἀπωλείᾳ,
994 1156 1088 1232 ἀλλὰ
1120 1157 1163 1233 τὸ
1196 1166 1307 1255 σῶμα
1341 1158 1578 1287 διαλυθῆναι

295 1266 348 1345 είς
371 1259 419 1336 τὰ
444 1254 538 1346 ἐξ
508 1289 563 1337 ων
590 1261 785 1356 συνετεθη,
795 1262 818 1358 ¹)
853 1258 922 1387 την
948 1258 990 1336 δὲ
1016 1257 1143 1356 ψυχὴν
1155 1268 1494 1390 καταταχῆναιν
1452 1265 1494 1338 ἐν
1520 1272 1576 1360 τῷ

292 1392 396 1492 χορῳ
421 1371 501 1439 ταῖν
527 1360 695 1438 δικαίων.
722 1360 811 1450 Ναὶ,
838 1358 1011 1457 Κῦρεε,”
993 1361 1167 1445 οθεὸς
1125 1370 1268 1490 ημῶν,
1294 1360 1485 1459 νικησάτω
1503 1387 1575 1440 σου

294 1463 391 1540 τὸ”
354 1493 529 1594 αμετρον
554 1465 662 1552 ἔλεος,
689 1460 752 1538 καὶ
776 1461 799 1559 5
826 1461 1137 1592 φιλανθρωπία
1115 1493 1138 1560 η
1158 1464 1390 1549 ἀνείκαστος·
1418 1465 1485 1540 καὶ
1504 1470 1574 1542 εἴτε

294 1563 369 1641 ὑπὸ
394 1561 566 1662 κατάραν
590 1563 792 1662 πατρὸς,“
768 1595 807 1694 5
816 1564 968 1663 μητρὸς,
1000 1562 1025 1662 5
1049 1573 1104 1662 τῳ
1129 1563 1217 1662 ἰδίῳ
1243 1563 1509 1662 ἀναθέματι
1485 1569 1574 1642 υπέ-

295 1692 406 1743 πεσεν
439 1666 460 1742 5
494 1663 627 1796 δοῦλός
660 1691 728 1742 σου
761 1659 882 1756 οὗτος,
912 1665 937 1763 5
962 1663 1048 1742 τινὰ
1072 1675 1152 1743 ταῖν
1176 1667 1391 1765 ἱερωμένων
1416 1668 1575 1768 παρεπί-

295 1797 423 1895 κρανε,
448 1768 512 1844 καί
537 1769 626 1867 παρ’
658 1768 777 1844 αὐτοῦ
802 1766 944 1856 δεσμὸν
970 1769 1110 1844 ἀλυτον
1127 1766 1288 1896 ἐδέξατο,
1314 1767 1469 1897 5555³
1449 1799 1575 1870 αρχιε-

295 1870 387 1998 ρέως
409 1868 661 1999 βαρυτάτῳ’
640 1879 843 1998 αφορισμῳῖ
867 1870 1070 1999 περιέπεσε,
1091 1869 1154 1946 καῖ
1175 1869 1348 1966 ἀμέλειαν
1367 1900 1432 1946 και
1419 1871 1575 1968 “ῥαθυ-

294 1970 389 2070 μίαν
409 1968 658 2070 χρησάμενος,
684 1972 754 2048 οῦκ
772 1973 876 2067 ἐτυχε
896 1968 1175 2100 συχχωρήσεως,
1188 1968 1449 2098 συγχώρησον
1466 1975 1573 2104 5515

293 2072 393 2150 δι”
377 2082 470 2172 εμοῦ
496 2082 563 2150 τοῦ
590 2073 828 2201 ἀμαρτωλοῦ,
853 2071 919 2148 καὶ
945 2073 1101 2158 ἀναξίου
1128 2070 1266 2149 δούλου
1293 2101 1374 2150 σου.
1428 2076 1504 2150 Καὶ
1529 2076 1573 2152 τὸ

293 2173 366 2273 μὲν
401 2183 511 2270 σῶμα
545 2175 665 2252 αὐτοῦ
698 2179 737 2260 ἐξ
762 2167 817 2250 ὧν
843 2175 1025 2272 συνετέθη
1052 2171 1245 2302 διάλυσον,
1279 2174 1348 2301 την
1374 2173 1416 2251 55
1443 2177 1571 2303 ῳυχὴν

295 2275 415 2352 αὐτου
397 2280 473 2354 ἐν
490 2283 642 2374 σκηναῖς
659 2275 780 2402 ἀχέων
795 2273 1016 2362 κατάταξον.
1042 2276 1132 2366 Ναὶ,
1153 2273 1317 2376 Κάριε,“
1299 2307 1319 2352 ο
1340 2276 1469 2406 Θεὸς
1446 2287 1571 2376 ημοῖν,

295 2375 317 2504 5
341 2408 395 2476 τῳ
418 2377 618 2506 κορυφαίῳ
636 2378 773 2476 Πέτρῳ
797 2374 938 2506 ταύτην
963 2376 1032 2475 τὴν
1057 2379 1230 2464 ἐξουσίαν
1256 2377 1418 2468 δοὺς,“
1385 2409 1476 2464 ωςτε
1491 2390 1573 2458 τοῖν

294 2477 578 2654 ἀμμρτημάτῳν
603 2477 753 2556 διδόναι
778 2478 847 2576 τὴν
873 2483 1021 2578 ἀφεσιν,
1047 2509 1111 2555 και
1099 2477 1258 2556 ελπυίν·
1275 2479 1418 2557 Ὅσα*
1392 2509 1443 2558 αν
1460 2477 1572 2610 55⁰5,

293 2581 358 2708 κρῖ
384 2579 539 2678 λῦσῃ,ῖ
535 2584 587 2656 ’να
621 2577 690 2656 ωσι
716 2579 913 2710 δεδεμένα,
943 2580 1008 2657 καὶ
1040 2581 1237 2676 λελυμένα·
1271 2581 1335 2657 καὶ
1367 2581 1420 2658 δι’
1452 2584 1573 2660 αὑτοῦ

294 2681 364 2803 τὴν
390 2682 563 2768 ἐξουσίαν
587 2679 730 2778 ταύτην
754 2681 818 2757 καὶ
841 2683 934 2781 ἡμῖν
957 2689 1035 2768 τοῖς
1055 2683 1290 2782 ἁμαρτωλοῖς
1304 2681 1571 2810 χαρισάμενος,

294 2780 411 2859 λῦσον
444 2782 512 2860 τὸν
544 2784 781 2914 κοιμηθέντα
802 2782 941 2861 δοῦλόν
966 2811 1035 2861 σου
1063 2785 1142 2882 (τὸν
1166 2783 1284 2884 δεῖνα)
1311 2794 1380 2860 τοῦ
1406 2797 1571 2914 ψυχικοῦ

293 2884 359 2961 καῖ
392 2895 607 2981 σωματικοῦ
633 2883 911 2984 ἁμαρτήματος,
945 2887 1010 2962 καὶ
1034 2888 1129 2982 ἔστω
1155 2889 1485 2988 συγκεχωρημένας
1507 2890 1571 2964 καὶ

295 2989 337 3064 ἐν
361 3017 415 3085 τῳ
441 2995 514 3065 νῦν
541 2993 663 3079 αῑιῦνι,
691 2990 754 3064 καί
780 2992 821 3065 ἐν
846 2997 900 3086 τῷ
925 2989 1108 3085 μέλλοντι.
1160 2989 1388 3088 Πρεσβείαις
1415 2999 1482 3087 τῆς
1506 2999 1571 3118 σης

294 3086 564 3218 παναχράντου
588 3089 652 3165 καὶ
678 3089 930 3189 ἀειπαρθένου
956 3089 1107 3188 μητρὸς,
1133 3089 1196 3166 καὶ
1222 3089 1377 3167 πάντων
1402 3115 1474 3168 σου
1492 3101 1570 3171 τῶν

295 3189 425 3294 ἀχέων.
470 3188 600 3290 Ἀμήν.

739 3374 841 3473 Εῦχὴ
867 3375 973 3476 ἑτέρα
1000 3374 1122 3472 ὁμοία.

688 3551 765 3620 Τοῦ
794 3543 941 3650 Κυρίου
976 3544 1187 3642 δεηθῶμεν.

378 3677 550 3806 Δέσποτα
575 3680 743 3756 πολυέλεε
769 3677 896 3778 Κύριε,
915 3681 1039 3778 Ἰησοῦ
1063 3677 1262 3776 Χριστὲ,”
1244 3708 1264 3753 ο
1288 3679 1423 3764 θεὸς
1400 3680 1571 3777 ημεῦν,ὅ

293 3807 348 3910 τῳ
373 3779 570 3880 κορυφαίῳ
595 3791 675 3857 τῶν
701 3789 781 3856 σοῖν
805 3785 996 3912 μαθητων
1020 3811 1084 3858 και
1072 3777 1329 3909 ⁸550515555
1350 3781 1543 3882 Πέτρῳ“
1501 3810 1572 3909 την

295 3880 367 3978 σὴν
398 3881 646 3981 οἰκοδομήσας
677 3883 886 3980 ἐκκλησίαν,
921 3883 984 3959 καὶ
1019 3883 1087 3968 τὰς
1117 3889 1213 3967 κλεῖς
1245 3882 1350 3980 5555
1383 3881 1476 3968 δοὺς
1505 3893 1571 3982 τῆς

293 3991 373 4059 τοῖν
399 3984 575 4113 οῦρανῳν
598 3987 802 4084 βασιλείας,
835 3986 899 4061 καὶ
923 3995 970 4082 τῇ
997 3993 1044 4082 σῇ
1067 3983 1194 4085 χάριτι
1219 3993 1347 4059 πᾶσαν
1373 3985 1479 4084 αῦτῳ
1503 3985 1571 4062 δο-

293 4087 413 4183 θῆναι
439 4083 602 4184 θελήσας
626 4087 870 4179 ἐξουσίαν,“
839 4117 928 4172 ωςτε
954 4086 1135 4182 δεδεμενα
1161 4085 1256 4163 εῖναι
1281 4085 1346 4161 καὶ
1371 4090 1413 4162 έν
1420 4095 1487 4216 τῳῖ
1503 4088 1571 4164 οῦ·

295 4196 415 4286 ρανῷ,
449 4189 520 4265 ὅσα
552 4219 628 4286 παρ
673 4189 791 4265 αὐτοῦ
817 4187 999 4280 δεδενται,
1033 4188 1097 4264 καὶ
1123 4187 1357 4284 λελυμένα
1328 4185 1501 4274 ωςαύτως
1525 4193 1569 4266 ἐν

293 4317 349 4387 τῳ
383 4289 554 4418 οῦρανῳ,
594 4291 666 4367 ὅσα
699 4291 788 4419 παρ’
828 4291 946 4367 αὐτοῦ
979 4296 1021 4368 ἐν
1051 4321 1125 4418 75
1137 4292 1325 4368 λέλυνται·
1366 4287 1567 4386 διαδόχους

293 4388 393 4484 5559
416 4389 505 4476 τοὺς
529 4394 682 4478 εὐτελεῖς
706 4421 770 4469 και
758 4391 964 4479 “ἀναξίους
980 4401 1026 4492 τῇ
1044 4391 1180 4494 ἀφάτῳ
1197 4416 1267 4470 σου
1283 4391 1563 4494 φιλανθρωπίᾳ,

289 4551 607 4568 m

380 4630 405 4694 1)
423 4631 460 4684 Cf.
477 4646 503 4698 ρ.
520 4631 580 4686 594.
