3394 5308
720 438 743 512 9

97 628 179 692 tibris
200 625 379 690 sententiam
402 641 463 690 non
485 623 523 686 ita
545 623 632 686 salim
647 624 844 700 intellectum,
867 635 901 688 ut
921 625 1075 707 apostolos
1097 627 1186 690 verba
1202 627 1368 692 institutio-

95 733 141 794 nis
165 728 324 792 reticuisse
350 745 408 790 nec
434 725 544 806 gratias
573 733 642 788 ante
671 743 793 790 menam
822 745 936 790 sacram
965 729 1064 807 egisse
1086 729 1199 792 credas.
1255 729 1316 792 Sed
1337 730 1369 794 id

98 833 180 894 docet
194 828 374 910 Gregorius,
397 826 477 909 quod
492 827 603 890 arridet
624 827 685 890 aeri
707 836 737 890 et
758 827 892 908 diligenti
913 829 1099 910 antiquarum
1122 849 1223 893 rerum
1244 832 1369 896 inresti-

96 931 196 1014 gatori:
234 930 390 1012 apostolos
421 929 577 1009 ignorasse
607 928 785 1009 prolixiores
816 947 922 1010 preces
953 939 1059 1011 postca
1086 931 1199 996 Canoni
1226 933 1367 996 insertas.

98 1033 264 1097 Ollerehant
291 1050 400 1114 panem
422 1039 452 1094 et
472 1031 589 1104 vinnm,
626 1031 728 1110 gratiis
751 1039 782 1094 et
800 1029 939 1094 laudibus
960 1031 1054 1096 Deum
1082 1034 1228 1096 venerati:
1257 1053 1367 1098 conse-

98 1135 211 1199 crabant
232 1135 298 1209 illa,
321 1133 446 1214 opinor,
468 1132 595 1196 formula
615 1151 700 1212 mam
722 1132 830 1196 Penius
850 1133 1004 1214 apostolus
1027 1135 1221 1215 „accepisse“
1244 1145 1370 1200 testatur

97 1237 185 1300 lCor.
200 1241 256 1300 lt:
279 1234 495 1298 concludebant
517 1234 652 1297 oratione
673 1234 828 1298 dominica.
865 1235 999 1315 lienique
1020 1253 1082 1298 non
1104 1236 1231 1300 alienum
1254 1237 1369 1300 videtur

95 1339 201 1411 abde,
225 1338 285 1400 iana
307 1337 476 1400 obtinuisse
498 1335 624 1416 aliquam
646 1335 843 1400 distribuendi
863 1336 1061 1414 lormulam.⁹)

172 1439 288 1520 Duplex
315 1439 406 1520 igitur
433 1446 498 1500 erat
523 1437 633 1518 priscis
656 1434 832 1499 Christianis
861 1437 956 1500 cultus
985 1438 1077 1502 dirim
1102 1439 1150 1502 lex
1178 1449 1209 1502 et
1236 1459 1366 1504 consue-

96 1541 179 1602 tudo:
201 1539 296 1602 altera
317 1539 448 1620 templi
470 1557 505 1602 ac
526 1539 827 1620 synagogarum,
850 1557 916 1602 cum
932 1539 1049 1602 ludaeis
1071 1541 1252 1604 communis:
1276 1541 1368 1604 alteru

96 1641 365 1720 eucharistica,
388 1641 523 1704 nascenti
545 1641 686 1704 ecclesiae
707 1639 830 1720 propria
853 1649 883 1702 et
903 1641 1078 1722 peculiaris,
1105 1659 1122 1704 a
1144 1661 1200 1722 qua
1222 1644 1366 1724 prohibe-

95 1743 195 1806 bantur
222 1742 366 1824 baptismi
395 1742 508 1805 lavacro
538 1743 669 1808 nondum
691 1741 866 1822 regenerati.
915 1742 977 1804 lam
1002 1761 1073 1805 vero
1095 1761 1202 1822 magna
1223 1746 1297 1808 lacta
1320 1753 1368 1806 cst

95 1865 186 1908 rerum
209 1846 414 1908 commutatio.
469 1845 620 1908 Succrevit
646 1842 788 1906 eeclesiae
815 1861 925 1905 norum
952 1843 1045 1906 robur
1066 1862 1101 1906 ac
1121 1844 1259 1920 soboles,
1293 1865 1368 1926 quae

96 1966 129 2008 er
148 1946 280 2026 gentium
302 1946 434 2010 tenebris
455 1946 493 2008 ad
514 1945 623 2008 Christi
650 1945 745 2006 lucem
773 1944 1008 2024 transmigravit,
1046 1944 1110 2023 ipsa
1139 1963 1194 2008 sua
1223 1948 1316 2026 stirpe
1338 1955 1369 2010 et

98 2049 202 2126 origine
225 2048 262 2110 ab
284 2047 333 2110 illa
354 2047 539 2112 Iudaicorum
561 2047 670 2108 rituum
692 2045 835 2124 religione
858 2054 888 2108 et
910 2045 1096 2108 observantia
1117 2046 1257 2108 immunis
1279 2057 1367 2127 atque

97 2150 192 2212 aliena.
247 2149 381 2212 Accessit
409 2149 488 2229 qnod
516 2147 617 2210 ludaei
644 2146 673 2208 in
702 2147 768 2209 dics
796 2149 921 2226 llagrare
948 2156 1111 2228 coeperunt
1139 2148 1256 2228 capitali
1279 2148 1366 2212 Chri-

97 2251 255 2314 stianorunr
278 2251 348 2314 odio
377 2269 473 2331 neque
503 2249 629 2330 amplius
657 2248 739 2329 passi
767 2257 839 2312 sunt
869 2267 922 2314 eos
954 2248 1148 2312 conventibus
1181 2251 1366 2330 synagogicis

97 2353 245 2416 interesse.
300 2352 345 2414 Ex
376 2353 467 2415 altera
499 2359 599 2433 parte,
642 2359 795 2412 crescente
825 2349 1010 2414 Christianae
1040 2350 1136 2431 plebis
1168 2353 1366 2428 multitudine,

98 2455 196 2536 Agapis
217 2453 409 2518 helluationis
432 2461 462 2516 et
485 2453 729 2534 intemperantiae
750 2452 900 2516 imminuit
921 2451 1094 2533 periculum.
1138 2451 1280 2534 Utrinque
1308 2455 1366 2534 igi-

99 2565 143 2618 tur
162 2557 284 2638 urgebat
305 2555 469 2618 necessitas
492 2555 625 2618 instituta
651 2555 687 2616 ad
710 2553 945 2617 Christianorum
972 2573 1055 2616 sacra
1074 2555 1236 2635 spectantia
1262 2575 1366 2621 ernen-

99 2657 187 2720 dsndi.
225 2659 393 2732 Quaeres,
416 2657 473 2720 etsi
496 2657 591 2736 primo
615 2656 826 2736 aliquantulum
849 2675 949 2718 morae
971 2656 1080 2718 babere
1101 2656 1269 2733 videretur,
1297 2667 1368 2738 post

99 2777 197 2822 annum
212 2760 295 2822 illum
311 2759 429 2830 latalem
444 2758 531 2832 Lxx,
555 2767 626 2838 post
641 2757 786 2820 excidium
800 2758 1101 2838 Hierosolymitanum
1116 2759 1239 2822 ulterius
1251 2760 1368 2823 differri

98 2879 151 2923 non
173 2861 282 2942 potuit.
325 2860 431 2922 Diruto
454 2859 564 2939 templo
586 2859 665 2921 nulla
687 2877 814 2938 prorsus
836 2859 931 2922 cultus
955 2859 1032 2922 sacri
1055 2859 1229 2923 Christianis
1251 2861 1367 2940 reliqua

100 3181 171 3242 tlte:
189 3183 277 3234 Docuit
294 3181 421 3248 apostolos
438 3197 507 3244 enos,
532 3188 557 3232 ut
575 3180 682 3245 qnotidie
705 3180 729 3229 ln
748 3181 859 3245 corporis
882 3174 947 3229 illins
970 3181 1089 3232 sacrificio
1114 3182 1240 3233 eredentes
1264 3182 1368 3233 audeant

100 3267 169 3332 loqui:
187 3269 260 3318 Peter
277 3268 366 3318 Noster
384 3275 430 3316 etc.

158 3353 181 3412 l)
200 3353 299 3416 Optime
317 3352 453 3402 Bbbnrer
471 3347 1075 3402 cbristltcb-ltrcbticbelicerinumswtssensctatt
1092 3348 1122 3408 ll¹
1141 3364 1165 3413 p.
1175 3349 1222 3398 201
1235 3361 1286 3414 sap:
1305 3349 1367 3410 „llic

99 3437 183 3500 lpostel
203 3437 291 3498 selbst‚
310 3437 349 3486 die
367 3437 419 3486 sicb
437 3436 460 3485 iu
480 3436 544 3485 nicht
562 3434 735 3499 palestiniscbe
749 3432 846 3484 Gebiete
865 3431 952 3483 bzebnts
970 3433 1014 3483 der
1026 3433 1122 3496 Predigt
1139 3434 1182 3482 des
1200 3433 1366 3498 gelreuzigten

99 3520 187 3572 densim
204 3522 325 3584 begaben‚
351 3529 496 3584 megenum
515 3533 542 3569 so
561 3519 629 3578 eber,
654 3518 690 3568 als
714 3519 789 3568 sebon
815 3518 853 3568 die
872 3517 996 3582 synagoge
1020 3517 1073 3568 eine
1098 3517 1248 3579 hostiumn,
1275 3526 1368 3582 gottes-

98 3603 231 3656 dienstlicbe
250 3606 368 3666 ordnung
386 3605 479 3666 besass,
504 3604 573 3654 drldr
592 3603 667 3667 Sorge
692 3610 806 3666 getrsgen
828 3602 915 3665 baben,
939 3603 996 3652 dass
1014 3602 1053 3653 die
1068 3603 1268 3666 jerusalemisebe
1286 3605 1367 3666 Form,

99 3688 297 3740 decucurrisse
320 3703 349 3738 tn
373 3689 497 3752 hegelen,
523 3689 577 3738 sich
600 3689 623 3738 ln
648 3688 686 3738 die
710 3704 755 3739 von
780 3688 851 3737 ibueu
879 3687 1013 3750 gestilteten
1033 3687 1179 3740 Gemeinden
1207 3689 1367 3752 lortpbenzte.

97 3773 205 3824 deessem
222 3774 273 3824 und
292 3774 377 3824 iuuere
393 3773 572 3835 Verbaltnisse,
601 3773 624 3824 in
643 3773 734 3823 welcbe
752 3772 819 3822 diese
838 3772 983 3823 Gemeinden
1007 3773 1145 3834 gerietben,
1171 3772 1229 3822 nil.
1248 3774 1291 3824 des
1308 3774 1367 3824 bui-

97 3859 189 3909 taneben
207 3858 361 3908 biretiscber
379 3858 629 3918 Geistesricbtuugen‚
656 3857 699 3906 das
717 3856 888 3907 andelttreten
907 3857 993 3920 positia
1011 3857 1162 3909 christlicher
1180 3859 1252 3913 ldeeu
1270 3859 1302 3908 im
1321 3858 1367 3910 lle·

98 3945 215 3994 maneta
233 3943 279 3994 der
297 3938 500 4002 Gemeiudent‘l)
518 3957 541 3991 u.
553 3957 573 3990 s.
584 3957 626 4002 te,
650 3941 727 3991 rialen
746 3941 784 3991 die
802 3940 1008 4004 Nolhwendigbeit
1025 3943 1124 4002 berver,
1143 3944 1199 3992 dass
1217 3943 1272 3993 dem
1291 3941 1368 3992 durch

14 4051 15 4058 κ
98 4025 129 4076 dre
149 4027 248 4092 lpostel
275 4027 394 4078 tredirten
417 4027 570 4091 Grandtppns
597 4027 640 4075 der
662 4025 953 4088 dbendmrblsbegebnng
977 4041 1038 4076 neno
1063 4027 1230 4086 cerimonias,
1261 4027 1367 4075 Perluc-

97 4124 133 4160 teu
149 4121 194 4162 ete
212 4111 338 4174 beigeldgt
355 4111 462 4162 werden.
499 4111 534 4160 lla
550 4111 590 4161 die
607 4110 743 4176 Episecpes
761 4111 785 4160 iu
803 4109 956 4173 Verbindnug
975 4111 1018 4160 mit
1035 4111 1080 4162 den
1100 4111 1257 4174 Presbytereu
1275 4124 1306 4159 au
1324 4110 1368 4160 der

97 4193 167 4260 Spirae
184 4197 229 4248 der
247 4196 396 4248 Gemeinden
414 4195 531 4258 standan,
555 4210 584 4246 so
608 4195 686 4246 baben
710 4195 760 4257 sie,
784 4195 861 4246 znmrl
886 4195 922 4244 sie
945 4195 989 4245 des
1006 4195 1183 4255 ilerdensem,
1210 4209 1368 4246 sucoessores

97 4280 255 4342 apostolorum
274 4294 305 4330 zu
323 4281 390 4342 sein,
408 4280 504 4340 butten,
523 4279 613 4330 diesem
632 4280 759 4331 Geschblte
777 4279 922 4343 tergeatur,
946 4279 1002 4330 dass
1020 4281 1056 4330 eie
1074 4279 1116 4330 aul
1132 4279 1170 4330 dle
1188 4278 1305 4330 Stimmeu
1325 4281 1378 4340 der

97 4362 246 4430 Presbyteren
264 4365 369 4425 burton,
386 4365 438 4416 siclt
455 4363 656 4416 wsbrscbeinllcb
673 4373 826 4428 nuterzogen.
868 4364 929 4414 Weil
953 4365 1012 4414 eber
1029 4365 1068 4414 dis
1086 4363 1263 4426 Verbtltnisse‚
1291 4365 1368 4415 dnrcb

96 4450 178 4500 suctu
193 4453 252 4514 lene
261 4449 429 4502 Additamento
439 4449 544 4500 motivirt
553 4449 660 4510 werden,
677 4450 831 4501 remcbieden
850 4465 939 4510 nmen,
957 4449 1010 4499 weil
1021 4449 1132 4500 Biscbble
1150 4448 1198 4498 und
1209 4449 1368 4514 Presbytereu

97 4531 134 4584 ier
155 4534 280 4586 einzelnen
306 4529 454 4586 Gemeinden
478 4530 529 4584 ihre
555 4535 708 4586 besondaren
731 4533 1091 4599 Geisteseigentbdmlicbleiten
1119 4532 1215 4584 hatten:
1242 4549 1270 4584 so
1296 4533 1367 4584 lielen

98 4615 130 4666 lie
146 4633 173 4668 zu
190 4619 237 4670 den
256 4619 396 4684 biturgieen
413 4620 554 4682 gemecbten
571 4620 750 4682 Additamento,
776 4619 832 4672 all.
857 4621 895 4674 die
914 4619 1018 4681 Gebete,
1045 4624 1118 4668 etwas
1141 4620 1296 4672 verschieden
1321 4631 1367 4670 ron

16 4693 18 4770 Q
99 4703 203 4756 moder
220 4705 292 4756 aue.“
