3416 5290
924 423 997 498 662

325 604 390 694 ζωή
416 599 698 694 χαρακτηρίζεται.
740 603 811 672 Καί
837 600 918 672 ὅταν
938 607 1044 674 ταῦτα
1064 601 1178 674 πάντα
1197 602 1326 698 πόόης,
1353 612 1459 697 χαῖρε,
1481 610 1593 700 φησὶν,

323 705 379 776 δτι
400 704 418 776 ὸ
439 703 567 792 μισθός
586 729 647 774 σου
669 706 776 786 πολύς
797 704 832 773 όν
851 711 925 788 τοῖς
945 703 1109 794 οὐρανοῖς,
1131 707 1168 776 ἐν
1180 713 1319 799 Χριστῷ
1331 704 1512 801 Ἰησοῦτῷ
1533 717 1600 780 Κο-

324 805 387 898 ρίῳ
406 805 509 898 ήμῶν,
533 797 560 898 ᾧ
580 804 601 898 ή
625 804 709 889 δόξα
729 804 780 888 εἷς
799 807 878 889 τούς
900 805 1034 889 αἰῶνας.
1074 804 1190 898 Ἀμήν.

407 907 594 1002 Ἐρώτησις.
640 913 755 976 Ταῦτα
789 905 902 978 πάντα
929 906 1017 977 ούτω
1042 911 1289 1000 ναὸομολογεῖς
1314 909 1368 980 ὐπ’
1397 911 1519 984 δλπίδι
1544 921 1603 1004 τῆς

325 1008 495 1098 δυνάμεως
520 1013 581 1080 τοῦ
603 1014 710 1094 Θεσῦς
736 1009 807 1079 Καί
834 1010 871 1080 ἐν
896 1007 1035 1091 ταύταις
1054 1015 1130 1092 ταῖς
1149 1008 1353 1097 ύποσγίσεσι
1372 1015 1603 1106 διακαρτερεῖν

323 1112 488 1204 σοντάσση
508 1115 606 1201 μέχρι
626 1111 742 1192 τέλους
764 1112 850 1201 ζωής
868 1109 980 1200 χάριτι
999 1119 1151 1201 Χριστοῦ
1155 1141 1168 1197 3

406 1211 609 1304 Ἀπόκρισις.
653 1213 735 1296 Ναὶ,
756 1220 817 1282 τοῦ
840 1217 931 1282 Θεοῦ
950 1219 1194 1304 συνεργοῦντος,
1213 1211 1304 1302 τίμιε
1324 1213 1445 1305 πάτερ.

677 1315 748 1384 Καὶ
769 1311 873 1396 εὐθὺς
893 1312 1071 1400 ἐπεύχεται
1091 1311 1110 1386 ὸ
1132 1313 1249 1405 ἱερεύς.

405 1415 444 1487 ‘0
464 1415 712 1507 πανοικτίρμων
727 1409 792 1486 οὐν
808 1417 895 1497 Θεὸς
914 1417 973 1486 καὶ
992 1417 1184 1500 πολοόλιος,
1206 1415 1225 1486 ό
1247 1418 1291 1487 τὸ
1311 1411 1458 1508 ύγραντα
1471 1416 1601 1508 σπλάγ

321 1546 382 1606 χνα
403 1527 463 1610 τῆς
483 1517 586 1590 αὐτοῦ
607 1515 854 1602 άντξιχνιάστεο
876 1514 1089 1608 άγαβότητος
1109 1516 1299 1608 ύπανοίγων
1314 1519 1419 1590 παντὶ
1433 1527 1485 1610 τηῖ
1499 1546 1602 1610 προς-

323 1622 488 1712 ερχομόνῳ
516 1618 617 1712 αὐτῷ,
645 1618 750 1710 πόδρν
771 1620 828 1689 καί
849 1614 963 1711 ἀγάπη
986 1626 1111 1712 δερμή·
1138 1617 1295 1703 ὸείντιὸν,
1324 1619 1379 1691 ὅτι
1400 1621 1600 1712 ἐπιλήσεται

323 1725 401 1815 γονή
431 1725 474 1792 τὰ
502 1721 620 1812 ἔκγονα
647 1720 760 1812 αύτής,
787 1718 810 1812 ἢ
839 1719 1047 1810 ἐπιλήσομαί
1073 1745 1146 1790 σου.
1186 1719 1226 1790 ‘0
1245 1723 1303 1791 ναί
1323 1724 1381 1792 τὸν
1402 1724 1466 1792 σὸν
1486 1721 1599 1794 πάθον

323 1825 422 1908 εὐδιὸς
441 1826 498 1894 καὶ
518 1832 558 1917 τῇ
579 1824 747 1914 προθέσει
767 1844 828 1892 σου
851 1819 1024 1908 ἐπιβαλὼν
1044 1824 1105 1912 τήν
1125 1819 1206 1910 παρ’
1230 1821 1333 1894 αὐτοῦ
1355 1823 1500 1912 δύναμιν
1516 1826 1600 1913 πρὸς

322 1927 531 2018 ἐκπλήρωσιν
555 1933 622 1996 τῶν
649 1923 752 1994 αὐτοῦ
780 1923 931 2006 δντσλῶν,
959 1923 1158 2010 ἐπιλάβοιτο
1178 1925 1237 1996 καί
1257 1924 1524 2014 ὐπαγτιαλίσαιτο
1544 1927 1598 1996 καί

322 2027 527 2118 ύπέρασπιεῖ
552 2029 609 2097 καὸ
635 2025 765 2117 γένοιτό
794 2050 850 2095 σοι
877 2032 985 2111 τεῖχος
1012 2022 1131 2115 ὀχυρὸν
1159 2022 1230 2096 άπὸ
1257 2027 1442 2114 προςιύποσ
1464 2029 1597 2118 ἐχθροῦ,

321 2133 430 2223 πέτρα
451 2129 633 2220 ύπομονής,
654 2125 896 2218 παρωτλήσεως
917 2125 1064 2218 άφορμή,
1087 2125 1238 2210 εὐτονίας
1256 2130 1406 2220 χορηγὸς,
1434 2126 1597 2221 εὐψοχίας

322 2233 500 2322 πορισμὸς,
530 2229 669 2320 άνδρίας
688 2227 949 2318 Ισοναγωνιστής,
979 2228 1283 2318 συγκοιταζόμενος,
1309 2231 1596 2319 σονονιστύμενος,

322 2333 503 2427 γλυκαίνων
523 2335 581 2406 καὶ
602 2331 790 2425 εὐφραίνων
811 2354 872 2400 σου
893 2332 953 2421 τήν
973 2329 1115 2420 καρδίαν
1134 2339 1175 2423 τῇ
1196 2331 1405 2422 παρακλήσει
1426 2341 1489 2402 τοῦ
1503 2331 1596 2423 άγίοο

322 2435 425 2509 αὐτοῦ
454 2434 655 2524 πνεύματος,
686 2432 789 2516 ὐξιιῦν
815 2458 854 2502 σε
880 2433 936 2503 καί
964 2440 1024 2522 τής
1049 2430 1187 2522 μερίδος
1206 2440 1272 2502 τῶν
1293 2431 1398 2524 ἁγίων
1417 2435 1476 2504 καί
1496 2432 1597 2506 datm

321 2540 477 2628 πατέρων
498 2535 591 2628 ἡμῶν
608 2533 797 2618 Ἀντωνίου,
819 2532 1005 2620 Εὐόσμίου,
1027 2533 1146 2621 Σάββα
1166 2534 1224 2604 καί
1242 2543 1309 2606 τῶν
1323 2536 1384 2604 οὐν
1398 2535 1516 2618 αὐτοῖς
1529 2535 1597 2620 (ὐπὸ

323 2642 361 2711 δὲ
382 2646 559 2728 γυναικῶν·
587 2645 646 2727 τῆς
669 2635 767 2726 ἁγίας
786 2635 1070 2726 πρωτομάρτορος
1091 2637 1229 2727 Θίκλης,
1250 2635 1458 2726 Εὐπραξίας,
1478 2636 1597 2726 Ὀλυμ-

321 2739 448 2822 πιάδος
473 2740 531 2808 καὶ
557 2745 624 2808 τῶν
650 2740 710 2808 σὸν
732 2735 871 2821 αὐταῖς),
887 2735 967 2824 μεθ’
990 2729 1036 2806 τὸν
1057 2739 1115 2807 καῖ
1133 2737 1392 2830 κληρονομήσεις
1412 2741 1474 2830 τὴν
1500 2746 1596 2827 βασι-

321 2841 415 2915 λείαν
435 2847 501 2910 τῶν
523 2837 680 2931 οὐρανῶν,
703 2840 739 2910 όν
758 2847 898 2930 Χριστῷ
924 2837 1031 2931 Ἰησοῦ
1057 2847 1105 2931 τῷ
1131 2837 1249 2932 Καρίην
1275 2839 1378 2930 ήμῶν,
1407 2833 1436 2930 ᾧ
1464 2839 1486 2931 ή
1517 2840 1595 2924 δόξα

321 2944 379 3016 καὸ
399 2944 438 3013 τὸ
459 2940 580 3030 κράτος
599 2943 656 3011 καί
683 2939 703 3032 ή
727 2940 884 3028 βασιλεία
904 2938 1001 3030 καὸή
1026 2939 1174 3028 δύναμις,
1196 2943 1257 3010 σὸν
1276 2949 1326 3032 τηῖ
1346 2943 1453 3033 πατρί
1472 2945 1532 3012 καί
1550 2949 1595 3032 τρῖ

321 3043 405 3136 άγίῳ
426 3043 603 3130 πνεύματι,
625 3047 682 3112 νῦν
702 3046 759 3112 καὶ
780 3040 844 3126 ἀεὶ,
864 3043 923 3112 καὶ
944 3039 993 3123 εἷς
1011 3044 1090 3124 τοὸς
1105 3042 1229 3124 αἰῶνας
1241 3049 1307 3112 τῶν
1322 3041 1464 3114 αἰώνων.
1481 3043 1592 3134 Ἀμήν.

335 3203 338 3210 .
406 3141 492 3216 Εἶτα
512 3137 683 3226 κλίναντσς
715 3141 818 3214 αὐτοῦ
838 3145 897 3234 τήν
918 3146 1067 3235 κεφαλήν
1087 3145 1145 3215 καὶ
1164 3152 1226 3215 τοῦ
1247 3143 1405 3216 διακόνου
1427 3144 1592 3227 εὸπάντσς·

324 3255 393 3325 Τοῦ
414 3246 543 3338 Κυρίου
566 3249 751 3337 δεηβῶμεν,
783 3244 920 3336 τύδησιν
941 3242 961 3315 ὸ
983 3244 1089 3336 ὸερεὸς
1110 3245 1225 3316 ἐπάνω
1247 3243 1410 3317 αὐτοῦτὸ
1432 3271 1593 3339 σχηματο-

163 3391 166 3404 ·
221 3397 225 3411 .
320 3349 444 3440 λόγιον.
488 3349 558 3417 Καὶ
578 3349 668 3437 λίγει
687 3347 747 3438 τήν
768 3345 864 3438 εὐγήν
884 3345 1006 3435 ταύτην
1026 3345 1076 3429 εἷς
1097 3346 1242 3438 ἐπήκοον
1262 3347 1409 3418 πάντων.

404 3449 511 3540 Κύριε
532 3447 551 3520 ὸ
575 3451 662 3530 Θεὸς
682 3447 785 3540 ήμῶν,
812 3447 831 3518 ὸ
854 3446 968 3532 άξίσος
989 3443 1077 3518 εἶναι
1097 3449 1330 3540 νομοθετήσας
1350 3450 1431 3532 τούς
1451 3451 1496 3520 τά
1514 3457 1591 3538 βια-

309 3549 397 3622 ’τικὸ
418 3553 530 3622 πάντα
550 3549 797 3632 καταλιπόντας
816 3551 874 3620 καὶ
894 3551 1085 3640 συγγένειαν
1103 3551 1162 3620 καί
1182 3551 1303 3642 φίλους
1326 3552 1385 3621 καὶ
1405 3548 1592 3642 άιιολοοὸή-

321 3652 445 3734 σαντάς
465 3677 531 3733 σοι,
553 3651 735 3741 πρόςδεξαι
754 3653 813 3721 καὶ
833 3653 892 3720 τὸν
913 3650 1032 3721 δοῦλόν
1052 3677 1114 3722 σου
1136 3650 1256 3737 (τόνδε)
1270 3655 1329 3723 τὸν
1341 3651 1591 3742 άποταξάμενον

320 3761 408 3823 πάσι
433 3753 576 3838 τούτοις,
605 3755 690 3824 κατὰ
716 3754 777 3834 τὰς
803 3751 900 3842 ἁγίοις
928 3752 1064 3835 άντολάς
1090 3776 1152 3824 σου
1173 3755 1231 3824 καί
1252 3753 1417 3847 ὸδήγησον
1439 3753 1591 3826 αὐτὸνίν

320 3863 362 3947 τῇ
390 3853 535 3948 άληβείρ
562 3879 633 3938 σου,
660 3853 918 3945 προςπίπτοντά
939 3879 995 3924 σοι
1016 3853 1275 3946 δμετεωρίστως.
1321 3854 1476 3942 Τείχισον
1498 3855 1592 3928 αὐτὸν

321 3958 357 4028 όν
381 3965 422 4049 τῇ
443 3955 583 4042 δυνάμει
607 3965 668 4028 τοῦ
689 3955 786 4045 άγίοσ
807 3980 869 4025 σου
890 3955 1088 4044 πνεύματος,
1117 3957 1167 4040 εἰς
1186 3958 1226 4027 τὸ
1245 3959 1290 4050 μή
1314 3957 1488 4030 δύνασθαι
1507 3959 1591 4048 ίνιρ-

319 4065 389 4147 γεῖν
410 4056 480 4129 κατ’
497 4054 607 4127 αὐτοῦ
627 4066 741 4127 πᾶσαν
762 4057 914 4128 ἐναντίαν
934 4061 1089 4150 μηχανήν,
1119 4058 1291 4151 ύπομσνήν
1313 4058 1404 4152 αὐτῷ
1425 4061 1591 4150 δωρούμε-

320 4186 387 4242 νος,
415 4161 503 4249 πρὸς
521 4159 561 4228 τὸ
582 4156 770 4248 εὐαρεστεῖν
797 4181 854 4229 σοι
881 4159 1076 4244 διαπαντός,
1103 4161 1300 4251 πρεσβείαις
1324 4169 1383 4253 τής
1397 4160 1590 4255 ’ύπεραγίας

321 4261 500 4352 δεσποίνης
526 4257 619 4350 ήμῶν
646 4258 815 4331 θεοτόκοο·
836 4261 893 4330 καὶ
920 4259 1055 4331 πάντων
1081 4269 1148 4331 τῶν
1176 4259 1236 4332 ὐπ’
1258 4263 1380 4345 αἰῶνός
1400 4287 1460 4336 σοι
1481 4263 1591 4355 εὐαρε-

319 4360 521 4454 στησάντων.

397 4463 476 4533 “On
503 4459 679 4554 εὐλόγησαν
703 4464 761 4532 καὶ
787 4461 987 4545 δεδόξασται
1012 4465 1053 4535 τὸ
1073 4463 1240 4554 πάντιμον
1259 4468 1317 4537 καὶ
1336 4468 1590 4560 μεγαλοπρεπὲς

319 4559 427 4651 ι’)’νομά
448 4587 520 4646 σου,
541 4571 602 4633 τοῦ
623 4566 752 4654 πατρὸς
771 4565 830 4634 καί
849 4571 910 4636 τοῦ
931 4563 1016 4650 σῖοῦ,
1037 4566 1095 4637 καὸ
1115 4575 1175 4637 τοῦ
1196 4565 1292 4656 άγίσο
1313 4569 1516 4658 πνεύματος,
1536 4577 1590 4640 νῦν

318 4666 375 4734 καὶ
397 4661 460 4748 άεὸ,
479 4665 538 4734 καὸ
560 4664 609 4748 είς
629 4669 707 4750 τούς
729 4665 853 4750 αἰῶνας
872 4673 939 4737 τῶν
960 4665 1099 4752 αλιύνων.
1139 4665 1254 4761 Ἀμήν.
