3388 5304
931 429 1010 506 600

562 683 601 757 Β.
653 685 764 758 Ordo
802 684 1109 758 Confessionis
1146 685 1383 759 Ruthenus.

766 837 811 900 (Ex
826 837 889 888 iihro
907 838 984 902 hingii
1001 853 1026 904 p.
1037 837 1087 889 21³
1100 837 1166 904 sqq.)

408 989 480 1062 Der
493 987 709 1062 Beiohtooter
729 990 828 1088 sethri
850 990 905 1062 die
918 990 1089 1062 Persooeo
1110 993 1178 1090 uos
1194 991 1249 1063 de'e
1264 990 1368 1076 Seite,
1391 991 1513 1064 modoine
1535 993 1601 1064 eine

330 1091 419 1164 oooit
441 1092 502 1164 der
524 1091 663 1178 andero,
686 1091 758 1163 uod
778 1092 872 1163 nicht
892 1092 974 1164 znoee‘
997 1093 1079 1164 oder
1098 1093 1250 1164 mehrero
1271 1093 1433 1187 eupleioh,
1458 1094 1600 1166 brichton

330 1205 476 1279 miseno,
498 1193 681 1264 inobedenirt
702 1218 763 1265 oor
786 1194 859 1264 dem
881 1192 980 1265 Bilde
1002 1217 1123 1265 sensero
1143 1193 1258 1266 Heron
1277 1194 1360 1267 Jeeo
1384 1194 1521 1268 Christi.
1532 1195 1553 1290 ¹)

340 1287 343 1292 ’
409 1293 547 1368 Sodooo
576 1297 673 1392 [o‘opt
705 1318 742 1366 er
774 1318 838 1366 oo:
880 1293 954 1367 Duo
986 1293 1172 1390 Trioope'oo.
1225 1295 1382 1369 Horoooh
1412 1297 1475 1370 doe
1502 1297 1600 1370 Potor

330 1408 466 1470 noster:
493 1395 579 1468 Herr
605 1397 655 1468 sei
682 1419 746 1468 uus
774 1395 908 1490 gnidig.
962 1394 1148 1494 Zwiifmoi.

391 1498 479 1569 ¹Due
503 1495 641 1584 Gloria:
666 1496 754 1570 istm
779 1497 847 1570 und
873 1499 1063 1570 immerdur.
1110 1497 1137 1571 0
1163 1497 1322 1592 Romulei,
1349 1499 1433 1572 iussi
1458 1523 1522 1572 uns
1545 1523 1597 1570 an·

330 1599 448 1687 heteo3
477 1596 629 1670 dreimoi.

409 1699 545 1773 Sodoon
566 1698 681 1772 Psoim
704 1699 772 1772 51:
800 1699 857 1772 Sei
884 1700 950 1772 mir
976 1699 1111 1798 gnidig‚
1139 1725 1158 1774 o
1186 1699 1273 1774 Gon.

822 1867 894 1941 Due
922 1868 1120 1968 Tropom'oo.

406 2004 464 2078 Sei
492 2027 562 2076 ons·
582 2003 717 2099 gnidig,
745 2029 764 2075 o
792 2003 890 2096 Herr,
918 2005 965 2076 sei
994 2029 1058 2076 uns
1085 2006 1220 2100 gnidig‚
1249 2006 1336 2078 deon
1362 2005 1438 2097 wir,
1466 2006 1519 2078 die
1543 2005 1594 2076 uir

328 2107 427 2182 keine
452 2105 745 2200 Entsohuidigung
777 2104 900 2198 haben,
932 2105 1074 2200 hringen
1103 2107 1214 2181 dieses
1240 2107 1347 2180 Gehet
1370 2131 1432 2180 vor
1459 2109 1520 2200 dir,
1550 2107 1594 2178 ois

330 2211 406 2283 dem
431 2207 542 2281 hlerrn
568 2208 628 2280 der
654 2207 800 2302 Sinden,
828 2207 877 2280 sei
902 2231 968 2298 uns
996 2209 1130 2306 gnidig.

328 2483 491 2549 poenitentem
518 2481 675 2542 obiurgeeee:
702 2479 788 2540 „Tune
806 2479 853 2528 hoe
870 2473 970 2529 iecisti?
997 2479 1030 2530 in
1047 2494 1096 2529 non
1121 2479 1192 2530 times
1210 2473 1308 2528 heum?
1333 2478 1451 2542 Agedum,
1469 2479 1543 2530 tricies
1558 2477 1592 2528 rei

328 2565 471 2632 quadragies
489 2561 650 2626 dnpeiistor.“
677 2562 775 2612 Praesto
793 2571 849 2612 sunt
867 2562 964 2613 lictores
975 2563 1150 2627 Metropolitee,
1168 2564 1208 2627 qui
1226 2563 1281 2612 iore
1299 2564 1429 2627 expediunt
1448 2574 1471 2614 et
1487 2567 1588 2613 miserum

326 2658 489 2717 peccatorem,
513 2663 554 2698 een
576 2647 612 2698 rei
637 2654 731 2710 septem
755 2645 877 2696 atrocibus
901 2647 988 2697 ictibus
1006 2647 1102 2712 (reliqui
1121 2647 1188 2698 enim*
1202 2648 1376 2698 intercessione
1396 2649 1589 2698 circumstantium

327 2736 407 2786 stetim
426 2730 590 2792 remittuntur)
609 2712 740 2782 coedunt.'l
755 2731 857 2789 Quidum
882 2731 1011 2781 eritetnrus
1029 2741 1077 2783 tem
1096 2733 1207 2782 eserhom
1226 2731 1306 2782 delicti
1325 2733 1361 2781 soi
1380 2731 1533 2783 abolitionem
1550 2747 1587 2795 pe-

327 2821 364 2870 tiit
382 2835 395 2868 e
413 2816 574 2881 Metropolim,
592 2831 638 2881 pro
657 2815 770 2866 tribunali
788 2815 896 2876 sedente,
915 2823 941 2865 ot
958 2824 1052 2866 secreto
1071 2817 1202 2868 audiretur.
1230 2815 1272 2867 Coi
1292 2815 1334 2866 iiio
1352 2817 1499 2882 respondet:
1517 2811 1587 2876 onte?

326 2918 407 2955 nonne
425 2909 550 2968 peceatum
569 2907 636 2949 tuom
653 2899 678 2948 in
696 2906 802 2949 extremo
819 2899 907 2949 iudicio
927 2913 1008 2950 norum
1027 2908 1077 2951 toto
1097 2900 1185 2950 mundo
1205 2897 1418 2951 manifestabitur?
1454 2901 1523 2951 hiiser
1538 2915 1586 2964 peu·

325 2997 401 3050 entur,
419 2987 552 3052 putendum
570 2983 616 3035 sihi
634 2991 710 3045 retus,
728 2982 808 3048 poium
826 2983 914 3034 tutetur
930 2983 1066 3048 ehiepetom
1083 2985 1183 3036 bonum.
1201 2985 1289 3035 Aderat
1305 2985 1496 3036 Iortehominus
1507 2997 1586 3043 eonon,

243 3055 247 3064 ¹
325 3075 366 3139 qni
384 3071 574 3138 deprehendisse
592 3083 619 3119 se
637 3069 747 3131 abigeum
765 3067 867 3118 ieetotos
885 3081 953 3118 nom
971 3069 1051 3119 stetim
1071 3071 1094 3120 in
1114 3071 1151 3120 ins
1168 3079 1251 3132 rocem
1269 3069 1309 3136 qui
1327 3071 1427 3135 proprie
1448 3069 1585 3120 confessione

327 3169 416 3210 eorem·
432 3164 467 3207 tot
492 3155 595 3206 testibus
619 3153 740 3204 convictos
758 3161 782 3202 et
794 3153 874 3203 ¹hores
892 3152 995 3202 reddere
1013 3161 1037 3204 et
1054 3153 1125 3204 simui
1144 3168 1227 3216 preses
1244 3169 1337 3218 poenos
1355 3154 1413 3204 dere
1433 3164 1526 3205 concine
1542 3153 1586 3202 iuit

326 3243 452 3294 Ceeterum
472 3247 497 3290 ut
514 3239 591 3290 teneri
610 3244 634 3288 et
651 3233 715 3287 mitis
733 3235 822 3298 ingenii
840 3244 896 3286 sunt
913 3237 1049 3298 flehessini,
1074 3239 1213 3304 frequenter
1230 3245 1254 3288 ot
1270 3238 1414 3303 pierumque
1433 3246 1490 3304 post
1506 3237 1584 3287 eduis-

325 3341 380 3378 sum
397 3325 504 3376 notehile
523 3321 645 3387 quidpiam
663 3325 789 3386 pernotum
809 3323 839 3372 ed
857 3321 1080 3373 Conieesionerinm
1099 3329 1226 3373 noenrrunt
1244 3330 1267 3371 et
1284 3323 1423 3385 peeeeeisee
1442 3339 1469 3373 se
1487 3324 1584 3380 intentes,

324 3411 486 3462 conscientiae
504 3403 698 3472 tranquillend'ee
715 3419 786 3454 conoe
805 3416 900 3454 eaerum
918 3419 1018 3456 coenem
1035 3415 1128 3472 petunt.
1149 3405 1216 3458 istud
1233 3421 1288 3456 vero
1308 3414 1362 3456 onte
1374 3408 1514 3470 vigesimum
1523 3406 1586 3471 quin·

324 3503 375 3546 tum
399 3494 455 3559 plus
479 3492 559 3542 minus
582 3505 671 3541 ennom
696 3503 743 3538 nou
768 3488 874 3551 fucinum
899 3503 953 3539 nem
972 3505 1015 3540 eos
1034 3505 1110 3555 oeque
1128 3505 1205 3542 eonon
1223 3490 1375 3542 discretionis
1395 3500 1419 3543 et
1437 3491 1586 3542 innocentium

323 3578 443 3645 puerilem
466 3575 611 3640 producunt.
646 3573 671 3624 Si
697 3573 760 3622 enim
785 3572 928 3623 odolescens
957 3582 1012 3624 onte
1035 3575 1175 3638 vigesimum
1194 3577 1278 3625 eetetis
1296 3589 1385 3626 ennom
1405 3575 1455 3626 into
1474 3575 1585 3630 concedet,

324 3665 362 3714 his
380 3677 435 3712 eom
454 3659 531 3710 rerhis
550 3659 681 3723 pienpnnt:
698 3659 733 3706 hh
750 3657 837 3707 sinitis
855 3659 896 3708 iiet
914 3659 992 3708 enimn
1011 3673 1064 3710 mee
1075 3661 1168 3711 enimse
1180 3661 1249 3711 istius
1261 3660 1404 3711 innocentie.
1422 3659 1585 3712 'i'entnmddn-

325 3749 375 3800 ciue
393 3747 416 3797 in
435 3745 544 3794 morihos
562 3742 741 3792 adolescentum
760 3757 860 3791 suornm
877 3743 997 3807 ponunt·‘

410 3827 480 3890 Quod
498 3828 528 3877 nd
546 3825 756 3877 Nestorienos
775 3833 798 3876 et
816 3827 1012 3888 ideiohnres,
1029 3837 1086 3878 sunt
1104 3830 1235 3893 scriptores
1253 3829 1294 3893 qui
1312 3828 1492 3880 eoniessiooem
1509 3828 1584 3877 utiss-

323 3922 472 3969 ernmentom
497 3919 586 3961 sentum
610 3925 712 3976 prorsus
735 3911 859 3973 ignoresse
877 3913 991 3972 reserent,
1011 3914 1050 3977 qui
1067 3915 1113 3964 trie
1130 3912 1284 3964 solummodo
1302 3921 1453 3964 sacrementi
1473 3913 1586 3962 noverint:

323 4002 443 4059 ordinem,
467 3998 624 4062 heptismum,
648 3996 825 4046 eucharistiam.
861 3997 909 4048 Sed
934 3997 993 4047 hese
1017 3997 1078 4048 ieise
1100 4006 1165 4048 sunt.
1201 3998 1346 4048 hired-lesu
1365 3997 1484 4048 &heusis
1500 4004 1583 4060 septem

322 4091 449 4138 enumeret
465 4071 602 4148 μυστήρια
620 4079 737 4131 ecelesiae
755 4087 779 4130 et
796 4095 850 4130 eom
868 4081 922 4130 eiiie
939 4081 1164 4132 remissionem
1183 4087 1400 4145 peecatorum.
1434 4087 1463 4134 et
1481 4091 1525 4131 tem
1537 4093 1583 4130 eer-

322 4181 373 4223 tum
392 4175 430 4220 est
447 4181 518 4233 qoem
537 4166 601 4231 qood
620 4164 790 4226 certissimum,
808 4179 863 4216 eum
881 4165 928 4215 elie
945 4173 1106 4225 eneremente,
1130 4173 1179 4216 tum
1199 4167 1378 4218 contessionem
1395 4167 1491 4216 venisse
1506 4166 1528 4214 ie
1544 4165 1584 4212 oh·

323 4255 444 4306 iieionem.
480 4252 551 4312 Quod
575 4249 730 4315 conqueritur
747 4248 866 4312 Iosephus
885 4249 1030 4310 Petrierohe,
1056 4251 1197 4302 eidrmendo
1216 4251 1405 4312 contessionem,
1430 4253 1493 4302 inter
1508 4261 1586 4300 omues

321 4341 482 4398 Christianos,
506 4344 529 4387 et
552 4335 700 4387 orthodoxos
718 4342 742 4384 et
758 4333 893 4384 hoeretions
909 4333 1029 4395 oeitetem,
1053 4335 1117 4400 epod
1133 4335 1291 4388 Nestorienoe
1309 4336 1388 4386 iecere
1406 4335 1533 4398 septenne
1549 4339 1584 4380 nt·

340 4441 371 4477 oe
387 4439 414 4474 se
434 4423 517 4474 uitem.

323 4442 339 4492 ‘¹
408 4439 432 4586 ii
457 4523 605 4586 diupiust
628 4521 704 4574 Wenn
731 4521 768 4572 die
787 4520 882 4572 deichte
908 4521 932 4573 io
950 4521 993 4572 der
1010 4521 1095 4572 iiirche
1113 4521 1245 4584 geschicht,
1268 4537 1296 4572 so
1314 4521 1364 4586 ient
1381 4537 1408 4572 er
1426 4521 1469 4572 des
1486 4522 1583 4580 Europe-

323 4611 381 4662 iiom
406 4610 449 4659 eoi
472 4610 510 4659 ein
528 4607 670 4672 hostorium,
696 4607 744 4658 und
769 4606 811 4658 dus
828 4607 904 4657 hreoz
929 4605 1052 4670 deneben;
1076 4607 1148 4659 nliein
1172 4607 1210 4660 die
1228 4607 1325 4659 Beiohte
1346 4607 1408 4658 erird
1432 4607 1488 4658 sehr
1508 4605 1540 4654 nii
1555 4613 1581 4650 n

323 4693 402 4746 druse
420 4691 553 4744 rerriehtet.
