3360 5304
907 403 978 478 188

377 591 470 668 Hoeo
496 591 598 666 uerbo
618 589 785 664 Sacerdos
812 589 914 664 semel
939 601 1038 688 cipue
1065 590 1188 662 iterum
1214 588 1348 686 repetit,
1376 598 1407 660 ct
1436 589 1481 660 od
1508 589 1586 662 sirr-

302 695 383 792 polu
407 691 589 766 interuallo
615 692 723 788 inrepit
748 716 867 766 meum
894 717 974 764 auos
1001 715 1103 788 super
1125 699 1245 786 peetus
1272 715 1371 764 suum
1386 691 1424 762 io
1439 693 1587 788 sororem
1626 787 1628 792 Ι

304 797 425 870 euscio.
482 794 668 870 Osculotur
701 793 811 866 ultore
844 794 882 866 iu
906 794 1034 866 medio:
1071 793 1258 890 accipitque
1285 793 1443 866 ambobus
1469 793 1586 866 moui-

304 899 365 972 bos
392 898 537 970 oblatum
562 894 780 993 superiorem,
809 904 841 968 et
867 920 1003 969 sursum
1029 895 1203 992 aspicieus
1223 894 1315 968 dicit.

379 1016 469 1088 Laus
506 1013 633 1087 nomini
667 1026 723 1086 tuo
758 1025 874 1086 saneto
909 1013 1050 1085 Domine
1086 1013 1161 1085 lesu
1188 1013 1332 1104 Christe,
1367 1025 1406 1084 et·
1433 1011 1585 1084 adoratio

304 1118 466 1190 maiestati
503 1127 579 1189 tnuo
611 1139 745 1212 semper
771 1127 805 1189 ct
830 1117 865 1187 in
893 1115 1033 1188 saecula.
1076 1117 1195 1188 Amen.
1246 1113 1345 1187 Panis
1373 1113 1587 1186 cribrarios

305 1231 357 1292 est
389 1231 423 1292 et
455 1219 713 1316 vivificens'qui
749 1217 922 1290 descendit
956 1219 997 1290 de
1031 1216 1144 1309 coelis,
1182 1227 1216 1289 et
1249 1216 1306 1290 dat
1329 1216 1430 1288 vitam
1457 1217 1586 1288 mundo

303 1322 471 1413 universo,
498 1343 597 1418 quem
624 1321 681 1418 qui
708 1320 813 1392 edunt
838 1343 905 1392 non
932 1320 1138 1392 moriuntur:
1167 1329 1201 1390 et
1226 1319 1283 1415 qni
1307 1317 1589 1414 illum'reoipinnt

302 1445 362 1519 per
396 1424 488 1495 illum
523 1424 702 1514 salvantur,
736 1444 800 1496 nee
834 1422 1082 1518 corruptionem
1115 1422 1275 1512 sentiunt,
1310 1431 1343 1491 et
1376 1421 1490 1492 vivunt
1525 1441 1587 1516 per

303 1525 396 1598 illum
431 1525 465 1595 in
501 1535 690 1595 aeternum:
729 1533 831 1621 tuque
865 1547 902 1596 es
936 1524 1108 1596 antidotus
1138 1522 1347 1596 mortalitatis
1374 1533 1524 1613 nostrae,
1553 1531 1588 1592 et

303 1626 504 1698 resurrectio
532 1626 634 1697 totins
661 1625 811 1720 figmenti
839 1625 957 1698 nostri.

380 1743 421 1816 Io
447 1745 515 1816 olio
542 1743 654 1816 codice
680 1743 782 1816 oliter
808 1745 889 1816 lroec
917 1743 1084 1838 loquutur.
1139 1739 1251 1814 Gloria
1279 1741 1339 1813 tibi
1367 1739 1457 1813 Deus
1485 1739 1587 1812 Pater

304 1847 361 1944 qni
388 1845 509 1918 misisti
527 1845 649 1918 Filium
676 1859 770 1918 tuum
797 1847 1008 1942 unigenitum
1034 1845 1076 1916 ad
1103 1845 1242 1916 salntem
1269 1854 1429 1936 nostram,
1458 1844 1587 1939 etipse

258 2031 262 2039 ¹
301 1949 495 2045 priusquam
522 1957 690 2044 pateretur
717 1959 779 2021 eto.

377 2133 445 2205 XV.
481 2132 522 2205 Io
551 2133 671 2206 Codice
698 2133 796 2204 Elioe
822 2156 919 2230 quem
945 2132 1052 2204 secuti
1078 2157 1204 2218 somus,
1232 2132 1384 2229 defectus
1411 2141 1473 2216 cst,
1510 2155 1588 2202 cum

302 2243 373 2306 toto
399 2235 575 2306 uerborum
603 2233 731 2306 Christi
748 2235 904 2306 recitatio
918 2235 1215 2331 proetcmoittotur
1233 2233 1452 2330 descriptoris
1470 2231 1586 2329 culpo,

302 2347 362 2408 out
389 2335 477 2432 qrrod
502 2335 583 2408 laec
610 2335 757 2422 aliunde,
791 2339 906 2432 nempe
934 2360 975 2408 cc
1006 2335 1171 2408 l'lrcodori
1196 2345 1255 2407 out
1281 2334 1434 2407 Nestorii
1459 2332 1586 2406 Litor-

301 2437 453 2534 piepeti
480 2437 647 2510 deberent.
699 2435 740 2510 lo
768 2462 804 2510 co
831 2461 927 2534 quem
953 2437 1090 2534 scripsit
1115 2437 1239 2511 Rornae
1269 2435 1378 2510 1697.
1420 2430 1587 2532 Iosephus

301 2539 516 2626 Potriorclso,
543 2549 633 2612 toros
659 2539 718 2612 illc
746 2539 839 2612 locos
865 2543 1071 2637 reformatus
1102 2549 1152 2612 est
1180 2540 1224 2612 od
1249 2537 1389 2612 Missole
1417 2537 1587 2610 Glrnldei-

303 2665 377 2712 cum
402 2639 525 2712 Romae
554 2641 689 2728 editum,
717 2652 755 2712 ut
781 2642 818 2713 irs
842 2639 950 2714 Misso
976 2643 1073 2713 cuius
1099 2641 1284 2713 versionem
1311 2641 1415 2712 edidit
1440 2639 1587 2712 Alccirss

302 2741 482 2814 Menesius.
523 2741 605 2814 Cum
631 2741 694 2814 olii
718 2743 848 2816 codices
874 2767 941 2814 ooo
967 2753 1192 2840 suppeterent,
1220 2741 1280 2815 lroc
1307 2742 1379 2815 loco
1400 2743 1592 2814 asteriscos

304 2843 455 2939 desectos
481 2843 610 2916 iudices
636 2869 802 2941 opportere
829 2845 936 2917 uisum
964 2855 1024 2918 est.
1052 2848 1198 2887 ******

378 3011 460 3086 XVI.
486 3011 574 3086 Laus
601 3014 727 3087 nomini
755 3024 811 3087 tuo
839 3025 953 3086 saneto
981 3013 1141 3086 Domine:
1169 3021 1207 3086 ul
1233 3037 1348 3110 supro.

387 3317 445 3382 Gap.
462 3317 519 3369 xvt.
554 3317 768 3370 llensldotios
787 3319 803 3371 l.
813 3335 834 3370 c.
852 3335 877 3384 p.
891 3317 956 3370 604:
981 3319 1075 3369 Frsetio
1101 3318 1198 3370 llostlse
1222 3318 1355 3368 secuudum
1381 3318 1585 3368 cousuetudinem

301 3400 464 3452 Ecclesiarom
489 3401 589 3452 dirersis
614 3403 692 3453 modis
716 3404 778 3455 lecte
803 3412 840 3454 est
857 3404 921 3468 apud
940 3404 1091 3462 unisonus:
1116 3411 1141 3454 ot
1159 3404 1230 3454 etiem
1249 3403 1311 3468 epod
1331 3402 1517 3455 Occideutsles:
1541 3403 1586 3452 sed

302 3487 422 3550 utrimque
440 3501 489 3536 uon
507 3501 537 3536 eo
556 3488 635 3536 solum
655 3488 702 3537 bne
720 3496 745 3537 ut
763 3489 833 3553 psuis
851 3489 875 3538 in
894 3489 1082 3552 corpostristl
1101 3497 1257 3539 consecratos
1275 3489 1436 3550 lrsnperetor,
1455 3501 1504 3551 quo
1524 3501 1585 3550 pos-

302 3577 340 3618 set
358 3570 591 3620 communicantibus
610 3572 730 3632 distribui,
749 3581 775 3622 ut
792 3573 871 3623 sdbue
889 3573 915 3622 or
933 3573 996 3638 apud
1009 3575 1189 3636 Protestsutes;
1206 3573 1250 3623 sed
1269 3581 1296 3623 ut
1313 3574 1364 3638 ipsu
1383 3573 1468 3622 tractio
1489 3571 1585 3622 laceru-

302 3654 401 3713 tiouem,
420 3661 444 3702 et
461 3653 559 3704 volnera
577 3671 639 3719 qnae
658 3655 769 3707 cbristus
786 3657 900 3706 sustinuit
918 3658 941 3708 in
961 3673 1074 3722 corporo,
1100 3659 1222 3722 passionis
1240 3665 1358 3720 tompore,
1377 3663 1584 3720 repraesentaret,

303 3744 328 3786 et
345 3751 407 3801 ques
425 3737 573 3800 significetur
591 3739 629 3790 bis
647 3741 726 3792 sorbis
744 3755 805 3804 quse
823 3741 943 3792 Sacerdos
961 3745 1147 3808 pronuntietur
1164 3737 1269 3808 pe'rsons
1280 3742 1383 3792 Christi:
1402 3740 1453 3790 lloc
1470 3749 1510 3790 est
1528 3755 1586 3790 ror·

302 3836 350 3886 pus
368 3835 458 3882 mersus,
475 3825 541 3886 qnod
559 3839 603 3888 pro
622 3825 691 3876 robis
708 3826 834 3888 lrenpitnr,
851 3828 882 3876 ita
901 3829 965 3878 crrim
983 3827 1096 3890 leguntur
1114 3829 1137 3878 in
1157 3829 1270 3890 liturgiis
1288 3827 1409 3877 Theodori
1427 3825 1586 3888 etllestorii;

302 3914 326 3956 et
350 3906 373 3956 io
399 3907 444 3956 bee
467 3908 545 3971 prims
565 3908 653 3959 lectum
671 3925 768 3976 quoqne
786 3910 862 3962 luisse
880 3911 983 3962 dubitari
1003 3928 1050 3964 nou
1068 3921 1157 3977 potest.
1193 3914 1259 3964 llaec
1275 3921 1354 3962 sutem
1374 3912 1445 3962 lectio
1464 3925 1514 3962 nou
1534 3911 1585 3960 lle·

301 3992 466 4042 sterlinorum
486 3993 605 4044 lurcorum
625 3989 670 4055 est:
689 4009 744 4045 cum
762 4003 825 4046 extet
844 3997 867 4046 in
885 3997 965 4048 lecobi
976 3998 1066 4048 Graece
1084 4006 1110 4048 et
1126 3998 1194 4062 Syra,
1212 4007 1238 4048 ut
1255 3999 1280 4047 io
1292 3997 1446 4056 multissliis,
1466 4011 1584 4060 expresse

302 4091 329 4127 ex
347 4077 456 4140 Epistola
475 4077 505 4126 ad
524 4078 678 4141 Corinthiun
698 4094 807 4144 quaeque
824 4081 920 4131 duobus
938 4083 1037 4132 vocibus
1055 4083 1158 4147 explicet
1174 4071 1320 4148 κλώμενοι
1332 4089 1355 4132 et
1365 4069 1566 4150 θρυπτόμενον
1573 4097 1584 4142 ,·

300 4159 357 4212 illes
376 4162 447 4212 unies
464 4163 517 4226 Syri
537 4164 680 4226 exprimunt,
705 4179 766 4228 quus
785 4165 815 4216 ad
834 4167 936 4230 primam
956 4169 1071 4218 Graecum
1089 4157 1234 4233 stuperes
1252 4169 1328 4230 magis
1346 4167 1480 4216 refertum
1496 4166 1583 4234 Graeci

300 4245 331 4293 sb
349 4245 416 4296 initio
435 4246 555 4308 Litnrgise
573 4248 702 4312 passiones
720 4249 808 4300 Christi
827 4259 1011 4315 repraesentent
1027 4266 1082 4301 cum
1102 4251 1213 4302 Oblatum
1231 4251 1338 4314 gladiolo
1364 4251 1480 4310 dividunt,
1508 4263 1583 4315 quem

297 4318 393 4393 'Aptae
409 4318 514 4394 λόγχην
537 4331 671 4396 appellent,
694 4335 735 4398 qui
759 4334 820 4384 ritus
844 4351 856 4384 a
880 4335 1000 4399 primusve
1025 4338 1165 4402 conquirere
1190 4351 1302 4388 manasse
1324 4349 1372 4386 nou
1397 4335 1499 4394 ridetur,
1525 4347 1583 4384 eum

299 4413 423 4473 ignoretur
447 4416 477 4464 sb
502 4417 615 4468 omnibus
639 4417 755 4468 Ecclesiis
773 4419 947 4482 Orientalibus,
971 4435 1033 4485 quse
1057 4429 1138 4472 umen
1163 4422 1317 4487 disciplinam
1336 4419 1453 4472 cosmed
1472 4420 1583 4470 Grseese

298 4496 403 4546 locurum
421 4509 599 4562 expresserunt.
635 4502 687 4565 Syri
706 4511 754 4554 tsm
773 4503 906 4556 Ortbodoui
925 4519 997 4570 quem
1015 4507 1137 4568 beeretici,
1157 4506 1411 4569 encolismensis
1430 4504 1501 4565 does,
1519 4511 1581 4564 tres,

298 4579 334 4630 rel
353 4579 438 4644 plures
455 4592 546 4646 partes,
564 4587 698 4638 secuudum
715 4577 1017 4642 Ecclesisrum'dirersem
1035 4593 1249 4644 eobsnetndiuem:
1268 4591 1312 4644 sed
1331 4591 1429 4642 omuino
1449 4589 1582 4640 laceratio·

297 4677 354 4714 nem
380 4668 490 4729 corporis
509 4670 598 4722 Christi
622 4673 646 4722 in
670 4671 785 4738 pessiooe
809 4674 962 4739 adumbrsre,
988 4686 1013 4728 et
1036 4678 1061 4728 in
1079 4679 1221 4730 memorium
1240 4675 1382 4732 Cbrlstlsuie
1399 4687 1514 4728 reuocare
1533 4688 1582 4738 per
