3314 5304
910 419 984 494 280

310 608 446 692 quamvis
467 627 484 671 a
506 605 725 670 reosonorhos
742 604 861 670 Critieis
883 614 1007 668 vocetur
1027 605 1059 667 in
1082 603 1298 686 suspicionem.
1328 603 1368 664 ht
1389 601 1497 665 dudum
1509 611 1567 666 ante

312 728 401 791 quam
422 707 549 772 Proolus
571 707 726 780 scriberet,
760 705 866 769 Basilii
887 707 1053 787 Liturgiam
1085 707 1117 769 in
1146 723 1206 768 usu
1234 704 1328 768 luisse
1350 704 1431 785 apud
1453 704 1567 768 Gnatus

310 828 417 872 omnes
438 809 600 882 lloolesias,
633 809 660 870 si
683 807 983 889 Hierosolymitanam
1006 816 1037 872 et
1057 805 1287 872 Alexandrinam
1310 805 1484 887 excipimus,
1514 823 1569 868 oer-

311 911 461 974 tissimum
495 921 552 974 ost.
595 910 755 991 Antiquius
785 917 900 972 extaret
921 909 958 971 do
981 909 1093 990 scripta
1115 927 1133 972 a
1155 907 1268 971 Basilio
1290 906 1427 986 Liturgia
1448 906 1569 970 testimo·

310 1012 395 1075 nium
423 1012 455 1074 in
483 1011 580 1092 ipsius
608 1011 667 1073 ritu
689 1029 745 1092 per
766 1010 1008 1090 Amphilochium
1029 1010 1214 1091 Episcopum
1235 1009 1426 1072 looniensem
1448 1007 1510 1071 eius
1529 1026 1570 1070 ae·

311 1112 430 1194 qualem
460 1113 581 1194 scripta,
615 1113 643 1174 si
675 1111 807 1190 legitima
829 1112 918 1186 loret,
953 1112 1069 1174 eteius
1092 1111 1253 1174 autoritate
1274 1109 1406 1172 Graecos
1429 1127 1569 1172 usosuou

311 1213 416 1288 inisse,
449 1215 553 1276 mirari
586 1232 646 1276 non
675 1213 742 1275 sine
762 1212 879 1277 ratione
901 1231 1072 1294 possumus.
1115 1211 1218 1293 Neque
1239 1211 1320 1274 enim
1343 1211 1448 1274 oriliea
1469 1217 1568 1272 tautum

311 1314 419 1389 valent,
440 1324 474 1378 ut
495 1332 571 1396 quae
592 1313 786 1386 Bellarmino,
808 1313 983 1387 Possevino,
1006 1321 1037 1376 et
1058 1313 1159 1375 multis
1182 1312 1258 1388 aliis,
1281 1321 1457 1392 argumenta
1477 1329 1569 1390 suspe-

311 1426 390 1479 ctam
416 1416 498 1478 illam
529 1418 672 1490 lecerunt,
701 1415 780 1496 apud
803 1433 856 1476 eos
878 1413 992 1496 aliquid
1014 1423 1150 1495 possent
1194 1414 1258 1476 lmo
1281 1433 1349 1477 oum
1373 1416 1499 1495 Symeon
1518 1412 1568 1475 lle·

311 1518 481 1598 taphrastes
503 1516 592 1580 vitam
614 1515 695 1578 illarn
717 1534 772 1578 suo
795 1534 879 1579 more
893 1516 1104 1598 interpolatam
1120 1515 1293 1604 oolleotioni
1308 1533 1383 1578 suae
1399 1514 1568 1584 inseruisset,

311 1629 382 1681 nota
405 1617 556 1680 illis-esse
579 1616 716 1686 debehat.
749 1635 847 1698 neque
868 1618 964 1697 magis
986 1627 1137 1698 euspeota,
1167 1635 1255 1698 quam
1277 1625 1324 1678 tot
1345 1615 1433 1680 aliae.
1474 1615 1568 1677 Verum

311 1719 363 1782 diu
384 1727 544 1802 autequam
566 1738 622 1780 suo
644 1719 730 1800 operi
753 1719 882 1798 Symeon
903 1737 1024 1782 manum
1045 1719 1227 1792 admoveret,
1251 1717 1373 1780 saeculo
1396 1716 1513 1780 oireiter
1532 1714 1569 1776 di·

311 1819 465 1900 midioque
487 1819 626 1901 amplius,
648 1820 808 1883 notissima
831 1821 954 1884 Graecis
976 1839 1045 1883 asse
1067 1818 1172 1882 dehnit
1184 1819 1289 1882 Basilii
1309 1819 1371 1882 rita
1394 1817 1568 1900 perhmphi-

310 1920 443 1983 loehium
466 1921 589 2002 scripta,
612 1940 679 1984 cum
702 1921 762 1984 iam
783 1921 850 1985 eius
871 1922 1025 2003 antiquam
1046 1921 1217 1984 versionem
1237 1921 1312 1984 oitet
1325 1921 1443 1984 deneas
1457 1918 1569 2001 Episoo·

310 2041 368 2103 pus
389 2021 573 2085 Parisisnsis
595 2023 627 2084 in
642 2023 782 2086 Traotatu
804 2023 947 2086 adversus
963 2023 1104 2096 Graeoos,
1126 2039 1215 2102 quem
1238 2021 1363 2102 seripsit
1383 2031 1451 2086 anto
1472 2035 1569 2090 annum

309 2123 381 2186 lesu
402 2123 513 2186 Christi
535 2123 711 2186 nucchxx
733 2123 785 2204 qui
808 2123 837 2186 ei
859 2142 1017 2204 supremus
1040 2124 1105 2186 luit.
1137 2123 1237 2186 Utitur
1257 2122 1339 2186 enim
1362 2123 1427 2187 sius
1447 2122 1569 2184 testim·

310 2224 373 2297 nio,
404 2242 530 2304 eamque
563 2224 637 2289 dicit
669 2224 707 2287 de
729 2223 843 2286 Graeoo
871 2225 902 2287 in
925 2225 1066 2288 Latinum
1086 2243 1104 2287 a
1127 2225 1254 2304 quodam
1278 2223 1405 2299 Graeeo,
1437 2220 1567 2285 vocabulo

310 2325 455 2400 lissima,
478 2326 516 2388 de
538 2325 628 2388 rerho
651 2324 833 2388 adverbum
856 2326 1040 2388 translatam.
1071 2325 1168 2405 igitur
1183 2324 1305 2388 Graecis
1328 2334 1484 2388 notuerat
1498 2323 1567 2384 duo-

310 2427 367 2490 hus
397 2446 494 2508 prope
527 2425 657 2490 saeoulis
690 2435 849 2507 antequam
871 2447 888 2488 a
911 2429 1059 2508 symeone
1081 2426 1282 2508 ldetaphraete
1303 2435 1516 2498 reeenseretur,
1531 2422 1568 2484 si

312 2527 433 2608 quidem
466 2528 584 2592 decimo
610 2527 737 2590 'saeculo
770 2527 851 2604 vixit,
886 2537 919 2590 ut
938 2529 1064 2592 Allatius
1096 2527 1204 2592 multis‘
1228 2529 1412 2606 argumentis
1434 2524 1567 2608 probarit.

310 2629 393 2691 llaec
423 2646 514 2709 porro
538 2637 608 2690 suut
629 2647 706 2712 quae
727 2629 759 2690 in
781 2629 833 2692 illa
855 2630 1057 2711 Amphilochii
1080 2631 1140 2695 vita
1161 2629 1309 2708 leguntur,
1344 2639 1375 2693 et
1390 2647 1469 2710 prae
1486 2627 1568 2690 relert

310 2731 427 2808 hpneas
448 2729 641 2804 Parisiensis,
674 2729 705 2792 in
727 2729 803 2794 haee
824 2731 931 2794 rerba:
969 2733 1060 2795 Post
1082 2730 1267 2812 quoddam
1289 2741 1416 2795 autem
1437 2739 1568 2809 tempus

309 2830 528 2912 postulavit
550 2831 676 2904 Deum,
708 2840 747 2894 ut
779 2831 886 2894 daret
916 2832 976 2895 illi
1009 2834 1168 2913 gratiam
1202 2839 1318 2912 atque
1341 2833 1568 2896 intellectum

311 2933 484 3014 propriis
506 2932 751 2996 sermonibus
775 2935 920 2998 olierre
937 2935 1232 3014 insanguineum
1248 2927 1567 3000 saerilioiumilli,

310 3041 350 3095 et
375 3034 510 3097 venire
543 3052 662 3114 super
683 3053 763 3098 eum
784 3035 910 3098 saneti
932 3035 1105 3116 Spiritus
1127 3035 1341 3098 adrentum.
1382 3037 1474 3098 Post
1494 3029 1567 3093 dies

309 3153 397 3198 vero
431 3153 512 3210 sex,
546 3135 649 3198 siout
680 3135 720 3197 in
750 3145 881 3200 extase
902 3137 1030 3200 iactus
1052 3138 1220 3201 adventu
1241 3137 1367 3198 saneti
1390 3134 1567 3216 Spiritus,

310 3237 476 3317 septima
509 3236 569 3300 dio
598 3237 929 3318 apprehendente,
968 3239 1099 3319 ooepit
1126 3237 1356 3300 ministrare
1387 3237 1474 3310 Deo,
1506 3245 1568 3313 per

310 3337 488 3417 singulos
522 3337 615 3400 dios.
659 3337 704 3400 lit
734 3349 825 3419 post
853 3340 1008 3421 aliquod
1032 3348 1195 3420 tempus,
1229 3338 1306 3402 lide
1328 3335 1567 3404 storatioaer

311 3440 441 3520 eoepit
462 3437 620 3519 propria
641 3454 749 3502 manu
771 3438 1277 3506 seribere-ministrationis
1299 3437 1488 3520 mysteria.
1514 3436 1568 3496 nt·

311 3558 383 3620 qua
414 3557 486 3601 una
519 3547 629 3600 uoote
659 3539 870 3605 adveniens
892 3543 925 3606 oi
948 3542 1127 3604 Dominus
1148 3542 1185 3604 in
1206 3541 1359 3604 risione
1381 3559 1459 3604 oum
1480 3540 1567 3617 lpo·

311 3638 446 3712 stolis,
468 3639 785 3718 propositionem
807 3641 916 3722 panis
939 3642 1086 3705 laoiens
1109 3644 1148 3705 in
1169 3651 1303 3706 saneto
1327 3641 1459 3716 altari,
1481 3635 1568 3702 eroi-

310 3739 407 3804 tavit
429 3739 633 3812 ossillum,
667 3740 801 3805 dioeos
834 3743 885 3819 ei,
916 3744 1119 3807 seeundum
1142 3743 1567 3826 suampostulatiouon.

309 3840 517 3922 liepleatur
538 3859 578 3902 os
601 3849 702 3903 tuum
725 3842 852 3918 laude,
876 3855 913 3907 ut
935 3843 1565 3928 perpropriossermonesoileras

310 3943 604 4025 insanguineum
627 3942 885 4023 sacrificium,
919 3948 982 4030 qui
1011 3965 1084 4010 non
1107 3948 1236 4012 serens
1258 3947 1461 4019 visionem,
1489 3957 1566 4006 sur·

308 4046 411 4110 rexit
441 4064 521 4109 oum
555 4054 736 4120 tremore,
769 4055 806 4110 et
838 4049 1025 4112 secedens
1057 4050 1099 4113 ad
1130 4049 1254 4114 altare
1285 4049 1415 4130 ooepit
1446 4045 1566 4110 dinero

308 4147 486 4210 scribens
509 4147 547 4208 in
571 4146 701 4210 charta
723 4147 795 4223 sie,
817 4149 1024 4231 Reploatur
1045 4169 1087 4214 os
1107 4169 1226 4216 meum
1248 4150 1360 4216 laudo
1382 4160 1438 4214 eto.
1458 4143 1564 4210 soilioet

309 4248 441 4330 reliquas
462 4248 615 4328 liturgiae
636 4246 759 4330 preses.¹

310 4433 315 4438 Ι
393 4350 590 4429 hgnoscimus
612 4366 684 4414 sane
706 4350 738 4414 in
759 4350 818 4412 ista
838 4353 1010 4416 narratione
1032 4351 1213 4418 Graecorum
1236 4343 1446 4439 poidisodor5
1468 4363 1520 4412 neo
1538 4343 1565 4404 in

307 4448 483 4514 vindicanda
513 4451 595 4515 illius
616 4451 741 4514 veritato
763 4471 856 4533 opera
877 4454 1047 4540 abutamur:
1080 4455 1153 4520 illud
1175 4453 1380 4520 tantummodo
1405 4443 1564 4516 observabi·

309 4569 378 4614 mus
398 4551 565 4633 simplicem
587 4553 670 4616 illius
692 4553 873 4618 narrationis
890 4575 1012 4622 sensum
1028 4575 1104 4628 esse,
1126 4555 1279 4630 desidum,
1302 4567 1459 4640 mtaquam
1473 4561 1564 4614 saorae

307 4649 461 4732 liturgiae
480 4672 588 4734 preces
611 4655 772 4732 ordinaret,
793 4655 887 4720 Deum
908 4657 1075 4734 invocasse,
1104 4677 1200 4741 eoque
1222 4658 1389 4740 inspirante
1412 4671 1486 4739 opus
1505 4665 1566 4732 psl·
