3360 5304
673 447 747 522 227

75 633 179 696 mm
201 631 317 714 epotos
339 617 393 695 oo
416 635 495 696 ense
515 631 617 696 none
639 648 698 697 oar
720 635 774 698 aee
788 634 997 710 sosanna,-
1022 637 1100 699 can
1123 637 1169 702 eo
1183 641 1354 728 ttrsottanp

76 737 175 796 seinse·
199 733 472 816 Verlsdndipnnpen
501 753 562 797 oon
586 733 710 800 Clcm'sto
730 740 773 799 ist
788 735 872 814 jetet
891 755 934 799 an
956 738 1039 801 seln.
1089 739 1179 802 Wenn
1202 728 1368 826 Gesanpe2

76 853 149 907 nene
165 835 213 898 die
237 835 325 918 lonpe
347 841 380 901 in
402 837 457 898 der
472 835 658 898 Finsternise
679 838 763 900 iteres
779 838 912 901 Kerlters
928 840 1096 919 oerpraben
1111 860 1223 918 maren,
1244 846 1351 928 ptem-

77 936 132 997 licl
153 936 202 1000 die
220 936 340 999 Tlnren
362 937 493 1020 pedfflset
512 938 642 1010 werden,
665 940 730 1000 and
751 942 800 1000 ein
813 940 954 1019 Befreier
977 942 1144 1012 nescierat:
1167 964 1200 1008 so
1215 947 1350 1012 lomenen

77 1043 115 1098 sie
135 1055 196 1100 aar
210 1037 390 1102 Brctetlclcen
412 1038 492 1101 moll
512 1055 625 1101 onesec
637 1039 716 1113 siclt,·
740 1039 931 1121 obpemorsen
946 1043 1065 1105 werden
1082 1046 1127 1107 die
1140 1047 1263 1123 Ketion,
1286 1053 1352 1114 and

76 1146 115 1201 sie
139 1145 275 1202 etdrzen
302 1141 398 1202 iorem
424 1138 612 1202 Wolrltddter
637 1161 680 1202 za
701 1140 819 1204 Fdssen
846 1142 921 1204 oder
949 1146 1094 1206 einander
1121 1155 1297 1233 pepenseitip
1317 1157 1351 1216 in

78 1243 118 1301 die
139 1242 241 1313 Arme,
270 1239 336 1304 and
363 1241 478 1325 lsitpsen
497 1241 570 1303 'and
598 1245 711 1304 weinen
731 1245 796 1306 and
817 1233 923 1305 loclen
944 1246 1010 1306 ond
1029 1249 1141 1326 sinpen,
1169 1253 1234 1312 send
1256 1253 1350 1316 litten

77 1343 219 1404 einander
246 1347 434 1422 pepenseitip,
462 1343 526 1404 and
546 1342 646 1422 (leiren
667 1345 731 1406 and
752 1349 868 1407 melnen
888 1345 998 1407 wieder
1018 1349 1082 1408 and
1103 1353 1207 1430 sinpen
1228 1357 1347 1421 wieder.

77 1442 189 1506 menso
210 1447 253 1506 ist
271 1459 307 1505 es
329 1443 407 1505 oncle
428 1441 771 1524 ant'Posclca-Morpcn.

153 1543 321 1606 Aristius
350 1545 369 1606 l.
387 1563 412 1606 c.
435 1562 467 1624 p.
485 1546 567 1609 1450
582 1563 644 1625 sa:
681 1545 836 1609 Absolutis
861 1547 1002 1628 procilos
1030 1555 1202 1624 matatim‘s,
1231 1573 1349 1620 sommo

78 1649 165 1706 enecti
184 1649 322 1708 omnium
343 1645 511 1718 alacritate,
538 1657 613 1727 post
639 1648 750 1710 dictam
772 1645 969 1728 Saonpeliam
998 1649 1145 1713 Sacerdos
1174 1657 1348 1735 inscribas

77 1748 199 1811 demotis
235 1758 313 1819 stat,
354 1747 601 1810 Sacerdotalilms
629 1749 762 1810 vestrone
790 1754 917 1812 omictns
945 1760 973 1811 et
999 1753 1138 1814 manibns
1166 1759 1198 1818 in
1224 1772 1349 1837 pectore
1405 1801 1410 1823 t

77 1849 307 1930 loonmliortcm
329 1847 441 1911 libram
462 1847 600 1911 clansam
621 1861 741 1924 tenens3
764 1853 797 1910 in
820 1854 904 1912 enims
924 1860 1024 1930 parte,
1048 1871 1123 1932 qnae
1144 1863 1269 1938 respicit
1287 1881 1348 1943 po-

75 1951 183 2031 pulent,
207 1969 292 2012 cram
314 1951 431 2011 domini
448 1961 591 2030 arpentea
611 1950 660 2011 oel
680 1968 720 2012 ecc
741 1951 803 2012 olio
823 1955 953 2013 materio
975 1953 1076 2033 affirm
1098 1964 1153 2016 est.
1201 1957 1273 2023 Tam
1296 1983 1348 2025 co-
1384 2021 1386 2028 .

78 2057 155 2114 nitet·
173 2051 375 2133 Tropam'nm:
398 2045 546 2133 Χριστὸς
567 2042 686 2136 ἀνέστη
708 2045 744 2114 ἐκ
765 2054 885 2136 νεκρῶν
906 2046 1045 2137 θανάτῳ
1066 2047 1216 2120 θάνατον
1237 2055 1349 2150 πατή-

78 2171 130 2229 σας
148 2150 205 2216 καὶ
229 2153 303 2227 τοῖς
325 2148 360 2216 ἒν
380 2151 453 2227 τοῖς
472 2145 622 2237 μνήμασι
643 2147 728 2234 ζωὴν
748 2145 979 2236 χαρισάμενος.
1022 2153 1236 2240 Repetitnrqne
1253 2163 1346 2227 donec

79 2261 255 2318 caerimonia
277 2256 375 2335 finiat.
406 2254 530 2318 Interea
548 2259 670 2335 primns
693 2257 837 2336 dlpnitote
858 2258 1010 2333 accedens,
1031 2267 1102 2336 post
1121 2267 1346 2328 venerationem

79 2358 226 2420 noscala
248 2373 411 2419 sacrarum
432 2359 604 2436 inopinam,
626 2360 782 2435 imopinem
804 2375 879 2438 qaae
900 2361 991 2420 estin
1005 2357 1169 2438 annpelio
1186 2362 1345 2428 deoscula-

78 2469 138 2536 ειη
160 2471 226 2522 tam
248 2459 392 2520 amiclas
406 2458 545 2519 monitae
561 2457 753 2521 Sacerdotem
767 2459 958 2540 amplectens,
981 2463 1046 2522 eins
1062 2459 1202 2524 humeros
1219 2463 1346 2528 deoscu-

76 2559 152 2623 letur
179 2562 300 2622 dicens:
329 2555 477 2640 Χριστὸς
505 2551 641 2644 ἀνέστης
672 2571 702 2621 et
723 2565 786 2640 ipm
808 2564 937 2622 vicissim
959 2564 992 2623 in
1012 2562 1121 2641 sociem
1143 2581 1162 2624 a
1183 2562 1345 2631 Sacerdote

78 2663 203 2724 oecslom
226 2665 387 2743 accipiens,
411 2661 627 2740 respondente:
650 2653 791 2746 ἀληθῶς
810 2651 939 2744 ἀνέστη.
983 2661 1023 2724 Et
1044 2667 1087 2724 sic
1109 2680 1213 2726 coram
1235 2663 1343 2728 Sacer-v

77 2763 134 2826 lote
153 2767 290 2825 sistitnr.
321 2762 360 2825 Et
378 2763 546 2843 procedens
568 2763 658 2834 alins,
678 2769 751 2844 post
773 2761 947 2825 Sacerdotis
970 2763 1082 2836 osenla,
1106 2765 1198 2828 alsam
1214 2776 1344 2832 stantem

76 2865 259 2944 amplectitur
282 2875 312 2926 et
331 2875 437 2926 mntno
460 2864 604 2944 ompteom
625 2863 713 2926 alter·
730 2864 825 2932 alteri
845 2863 950 2927 ascolo
965 2868 1110 2946 impinpit,
1133 2867 1227 2928 verbo
1241 2870 1344 2930 eadem

75 2973 228 3029 mandens
250 2976 282 3029 et
300 2984 394 3047 penes
414 2970 548 3044 primam
567 2977 678 3029 manet.
722 2966 774 3027 Sic
795 2965 917 3027 advenit
939 2971 1057 3039 tertias,
1081 2979 1220 3048 quartas,
1249 2969 1342 3032 donec

76 3085 176 3140 omnes,
203 3072 259 3151 poti
280 3072 313 3130 in
335 3067 459 3130 ecclesia
481 3077 563 3138 snnt,
592 3067 691 3129 eadem
710 3078 868 3148 perapont,
898 3067 1001 3129 osenla
1031 3069 1102 3130 dato
1131 3070 1267 3132 omne‘las
1290 3091 1342 3134 ac-

76 3180 205 3248 ceptoque
234 3171 274 3232 ab
304 3168 459 3254 omnibns:
488 3186 545 3248 qno
574 3169 662 3249 finito
692 3186 711 3229 a
734 3167 897 3230 Sacerdote
914 3169 1050 3250 popalus
1072 3175 1204 3232 monimo
1228 3170 1343 3234 laetitia

74 3271 237 3334 dimittitur.
284 3265 425 3333 Feminae
456 3275 490 3333 in
510 3287 657 3350 ppnaeceo
680 3273 761 3331 inter
784 3287 815 3331 se
828 3272 921 3350 'ipsos
942 3274 1055 3331 motois
1079 3269 1267 3350 amplenilas
1289 3291 1342 3334 ea-

74 3371 131 3433 dem
158 3374 249 3436 cerba
273 3371 373 3433 altera
390 3380 592 3452 proponente,
620 3371 722 3433 altera
743 3370 952 3451 respondente,
981 3369 1092 3434 similia
1114 3381 1216 3452 cpont,
1247 3373 1341 3438 donec

73 3485 176 3537 stantes
198 3473 353 3538 stantibus
381 3490 482 3535 omnes
505 3473 633 3536 libenter
654 3491 717 3535 non
738 3475 803 3554 sine
826 3471 986 3554 complecta
1007 3475 1147 3534 snooiam
1168 3475 1239 3536 dent
1259 3478 1341 3538 acci-

69 3579 214 3657 pientque.
260 3574 363 3656 Nepae
381 3579 488 3655 pneris
512 3576 566 3638 doc
589 3574 725 3639 osculnm
747 3574 929 3653 denepatnr:
942 3573 1002 3636 illi
1021 3575 1137 3646 etenim,
1156 3574 1244 3656 pleni
1262 3595 1340 3657 pon-

73 3677 121 3748 iio,
142 3677 347 3742 tnmnltmrio
371 3677 498 3756 paodam
520 3675 671 3747 subsaltn,
695 3679 767 3737 totis
786 3685 932 3755 parentes
955 3685 984 3738 et
1004 3679 1115 3737 amicos
1139 3688 1169 3739 et
1189 3693 1264 3758 qnos
1279 3679 1343 3759 ipsi

70 3785 211 3851 moerim,
239 3777 325 3840 alnis
348 3776 565 3857 amplectentes,
596 3775 701 3839 osenla
724 3781 847 3857 capiant
868 3787 897 3838 et
918 3777 1059 3840 reddunt.
1103 3775 1204 3839 lintea
1225 3795 1340 3860 qaoque

71 3880 215 3942 molosiam
233 3898 295 3960 per
317 3888 381 3941 tres
403 3876 474 3941 illos
497 3876 741 3941 Resurrectionis
764 3880 825 3941 dies
848 3887 878 3940 et
899 3877 1038 3958 amplins,
1061 3882 1236 3960 pnicmmpne
1258 3879 1342 3942 obvii

70 3979 137 4054 secti
154 3983 285 4062 Most,
309 3979 452 4060 amplemn
475 3984 599 4059 correpti,
622 3980 663 4042 ad
685 3979 787 4043 oscnlo
808 3990 914 4043 mattea
936 3979 1150 4051 admittnntnr,
1173 3983 1237 4042 oiri
1256 3981 1338 4040 aoi-

70 4085 122 4153 ne,
154 4082 300 4146 mulieres
331 4101 350 4142 a
382 4081 578 4144 mulieribus:
614 4087 710 4161 pneri
735 4080 856 4143 nnllam
884 4091 1010 4144 serrant
1038 4082 1183 4143 ordinem
1227 4077 1268 4140 tte
1293 4080 1338 4139 sic

68 4187 223 4246 moerens
246 4184 496 4248 Clrietionoram
518 4192 629 4252 coetae,
662 4183 804 4263 depositis
833 4183 908 4244 odiis
930 4191 961 4244 et
981 4181 1086 4245 oscnlo
1108 4178 1339 4255 reconcilmtns,

69 4299 119 4344 eno
141 4283 312 4348 dilectionis
335 4284 458 4346 vincalo
482 4283 646 4363 callipitnr.
654 4283 676 4360 ¹)

143 4539 168 4597 t)
192 4539 246 4589 lion
272 4551 407 4604 possamus
434 4539 491 4603 qais
517 4535 642 4598 lectorem,
669 4536 792 4601 pleniores
817 4543 922 4587 crateres
940 4535 1069 4596 sitientem,
1095 4533 1287 4584 transmittamus
1305 4533 1336 4584 ed

5 4619 7 4648 l
67 4616 200 4672 taetrum
219 4625 312 4689 optime
330 4624 392 4673 ritas
410 4623 542 4674 Raetorum
561 4621 688 4688 paschales
712 4629 864 4670 saceraotem
885 4621 920 4670 St.
939 4619 1083 4681 Petersborg
1105 4617 1132 4670 tt.
1151 4632 1175 4682 p.
1189 4615 1334 4667 364-397.

66 4700 135 4754 team
153 4713 175 4757 et
190 4708 237 4761 hoc
247 4708 456 4760 uensscribemae
466 4709 556 4771 locam,
575 4721 605 4758 ae
615 4706 820 4774 praetermittunt
829 4703 956 4757 laudabilis
966 4711 989 4755 et
998 4711 1081 4754 sancte
1093 4701 1251 4816 spissitudo,
1269 4711 1334 4766 quse

1073 4788 1105 4840 to
