3388 5304
720 425 794 500 597

118 596 396 699 δωρησάμενος,
429 603 492 679 καλ
524 608 593 681 τού
618 611 815 706 Μανασσῆ
849 611 919 707 τήν
950 614 1009 687 ἐπὶ
1033 620 1213 720 μετανοίᾳ
1238 655 1391 726 προςευ-

112 701 187 798 χὴν
212 700 426 798 δεξόμενος,
453 705 566 790 αὐτὸς
588 706 652 782 καὶ
676 708 744 786 τὸν
768 709 907 789 δοῦλόν
932 738 1002 791 σου
1029 718 1107 814 (τὸν
1132 719 1249 825 δεῖνα)
1275 738 1391 825 μεια-

115 809 293 892 νοοῦντα,
320 806 379 902 ἐφ’
410 805 466 894 οἷς
485 809 616 906 ἔπραξε
632 811 930 910 πλημμελήμασι,
955 816 1150 911 πρόςδεξαι
1166 835 1211 923 τῇ
1229 829 1389 928 συνήθει

114 928 186 978 σου
212 908 495 1005 φιλανθρωπίᾳ,
521 919 700 1008 παρορῶν
725 912 849 990 πάντα
874 917 922 991 τά
948 921 1054 1018 αὐτῷ
1078 933 1336 1030 πεπραγμένα·
1367 935 1389 1011 ὸ

114 1005 238 1103 ἀφιείς
263 1005 422 1097 ἀδικίας,
447 1009 511 1084 καὶ
534 1009 776 1111 ὑπερβαίνων
802 1018 970 1113 ἀνομίας.
998 1023 1061 1099 Σύ
1076 1026 1151 1128 γὰρ
1169 1029 1283 1124 ελπας,
1309 1033 1391 1112 Κύ-

113 1133 182 1206 ριε,
217 1108 263 1184 ού
295 1107 445 1207 θελήσει
478 1111 581 1187 θέλω
613 1113 682 1190 τὸν
707 1114 883 1194 θοίνατον
907 1131 976 1197 τοῦ
1002 1123 1241 1226 ἀμαρτωλοῦ,
1260 1135 1319 1222 ἰὸς
1343 1139 1391 1214 τὸ

113 1209 331 1308 ἐπιπρέψαι
356 1212 420 1286 καὸ
446 1209 514 1309 ζῆν
540 1214 669 1305 αὐτὸν,
694 1218 758 1293 καὶ
785 1219 836 1305 ὥς
856 1211 1171 1321 ἑβδομηκοντοίιίις
1187 1235 1279 1310 ἑπτὰ
1298 1239 1389 1338 ἀφι-

112 1310 195 1386 έναι
220 1311 267 1386 τὸ
294 1311 556 1412 ἁμαρτήματα.
574 1317 674 1391 Ἐπεὶ
699 1317 750 1404 ὥς
773 1320 797 1418 ή
817 1323 1053 1426 μεγαλοσύνη
1071 1354 1140 1406 σου
1158 1335 1388 1432 ἀνείκαστος,

110 1410 177 1486 καὶ
201 1410 245 1488 τὸ
271 1411 368 1497 ἔλεός
393 1440 462 1490 σου
482 1417 705 1516 ἀμέτρητον.
757 1429 801 1496 El
826 1425 900 1554 γὰρ
927 1427 1087 1518 ἀνομίας
1111 1440 1386 1538 παρατηρήσης,

110 1513 168 1598 τίς
192 1512 440 1611 ἀποστήσεται
446 1547 460 1606 ,·
482 1517 566 1595 Ὅτι
593 1520 641 1596 σὸ
666 1521 698 1596 ελ
724 1522 743 1597 ὁ
774 1528 861 1612 Θεος
885 1537 964 1604 τῶν
989 1536 1289 1631 μετανοούντων,
1323 1545 1388 1618 καὶ

111 1614 174 1690 σοὶ
198 1615 269 1712 τὴν
293 1615 411 1702 δόξαν
435 1618 717 1718 ἀναπίμπομεν,
744 1633 799 1722 τῷ
824 1629 950 1727 πατρὶ,
976 1633 1039 1706 καὸ
1064 1645 1119 1734 τῷ
1134 1640 1226 1738 υἱῷ,
1251 1644 1387 1746 καὶτῷ

111 1714 210 1818 ἁγίῳ
235 1714 433 1816 πνεύματι,
464 1730 537 1798 νῦν
562 1723 626 1798 καὶ
652 1723 722 1814 ἀεὶ,
748 1725 812 1800 καί
838 1733 888 1814 ελς
912 1729 999 1817 τοὺς
1024 1742 1167 1824 αἰῶνας
1190 1750 1271 1820 τῶν
1296 1747 1387 1824 αλαλ-

110 1847 204 1896 νων.
249 1818 380 1917 Ἀμήν.

195 1927 281 2003 Εἶτα
306 1935 397 2024 λέγει
424 1933 443 2006 ὁ
472 1937 773 2030 ἐξομολογούμενος
802 1936 870 2012 ἀνω
898 1945 958 2026 τὰς
976 1938 1089 2034 χεῖρας
1111 1949 1210 2037 ἔχων·
1240 1944 1386 2046 Πάτερ,

108 2017 226 2119 Κύριε
251 2031 320 2098 τοῦ
346 2025 512 2122 ούρανοῦ
536 2025 689 2126 καὶτῆς
714 2038 793 2132 γῆς,
821 2031 877 2105 ότι
898 2034 946 2108 σὸ
961 2035 1179 2137 γιγνώσκεις
1195 2043 1320 2124 πάντα
1337 2051 1385 2130 τὰ

108 2121 259 2223 κρυπτά
281 2132 346 2220 τῆς
370 2125 528 2222 καρδίας
551 2157 639 2224 μου.

195 2237 268 2308 Καὶ
288 2240 396 2328 λέγει·
416 2227 582 2328 Ἀδελφὲ,
608 2228 661 2305 δι’
691 2229 711 2306 ὸ
736 2227 849 2328 ἦλθες
873 2235 965 2336 πρὸς
981 2238 1073 2316 Θεὸν
1096 2243 1160 2318 καὶ
1185 2247 1277 2346 πρὸς
1301 2254 1385 2349 ἐμός

107 2325 161 2422 μὴ
187 2331 412 2425 αἰσχυνθῇς,
439 2329 485 2404 ού
508 2330 582 2432 γὸιρ
608 2330 702 2440 ἐμοὶ.
716 2331 962 2436 ἀναγγέλλεις,
989 2341 1082 2418 ἀλλά
1098 2354 1153 2443 τῷ
1175 2352 1267 2449 Θεῷ,
1293 2349 1385 2455 ἐνηλ

107 2429 270 2503 ἵστασαι.

194 2533 288 2612 Παῖς
314 2525 466 2628 ε’φθοίρη
486 2529 510 2628 ἡ
534 2533 724 2630 παρθενία
751 2560 821 2613 σου
828 2568 842 2628 ,·
868 2537 933 2614 διὸ
958 2543 1144 2641 πορνείας,
1169 2549 1193 2646 ἢ
1219 2551 1282 2628 διὸ
1307 2586 1385 2652 μα-

107 2628 239 2714 λακίας
262 2629 286 2727 ἢ
312 2629 375 2705 διὸ
397 2631 561 2728 νομίμου
575 2633 755 2763 γνιύμηςς

193 2731 264 2828 Μὴ
279 2731 605 2832 ίστσυροποίτησας
617 2767 705 2813 ποτε
721 2738 785 2814 διὸ
801 2740 979 2842 πορνείαν
992 2743 1016 2842 ἢ
1030 2745 1075 2822 δι’
1094 2747 1209 2830 ἀλλον
1223 2753 1363 2855 τρόπον
1367 2793 1383 2854 ‚-

192 2833 405 2935 Συνεγένης
425 2835 575 2936 γυναικί
598 2843 649 2924 εἶς
668 2839 737 2936 τὴν
759 2843 953 2939 ἐκκλησίαν
974 2844 998 2942 ἢ
1019 2847 1192 2951 ἐφθόρης
1213 2862 1264 2944 εἰς
1287 2889 1383 2938 κτει-

105 2931 311 3034 νοβατείαν
331 2935 354 3032 ἢ
375 2935 667 3037 παιδομιξίανβ)

191 3050 264 3118 Καὶ
285 3050 394 3142 ἐρωτᾷ
415 3048 517 3120 αὸτὸν
537 3049 556 3122 o‘
579 3052 743 3139 ἐπιτιμῶν
773 3054 823 3136 εἷς
841 3057 885 3126 τὸ
906 3052 992 3127 ἀλλα
1012 3064 1070 3131 καί
1089 3067 1176 3135 κατὰ
1196 3071 1235 3138 τὸ
1257 3075 1383 3167 ἐρατή.

104 3175 165 3220 σαι
184 3151 271 3220 κατὰ
291 3151 330 3219 τὸ
352 3153 484 3235 λεπτὸν,
507 3151 632 3223 πίασον
652 3154 711 3224 τὸν
731 3152 857 3225 πίνακα
867 3159 925 3227 καὶ
940 3159 1123 3255 ἔρεύνησον,
1138 3165 1260 3241 ὁποῖον
1273 3172 1382 3266 ἀμοίρ-

102 3251 193 3344 τημά
215 3251 290 3322 ἐστι
309 3253 366 3322 καί
386 3253 553 3340 κατάβαλε
575 3251 656 3324 αὐτὸ
679 3253 873 3346 ἔμπροσθεν
893 3266 953 3351 τῆς
965 3261 1085 3349 βίβλου
1106 3267 1237 3366 ταύτης,
1259 3271 1381 3348 ὁποῖον

103 3351 284 3445 ἀμόρτημύ
306 3351 388 3424 ἐστι.
431 3349 516 3423 Εἶτα
536 3355 627 3445 λέγει
647 3363 763 3426 ταῦτα.

185 3457 325 3535 Τέκνον
349 3486 425 3552 μου
451 3459 716 3555 πνευματικὸν,
742 3459 815 3562 ἐγιὸ
841 3462 1051 3554 ὸταπεινὸς
1066 3471 1130 3546 καὸ
1145 3473 1379 3576 ἁμαρτωλὸς,

104 3558 123 3633 ὁ
157 3567 206 3654 τῇ
239 3562 310 3656 ἐμῇ
341 3557 573 3657 ταπεινότητι
606 3560 943 3690 ἐξομολογούμενος
972 3569 1041 3644 οὐκ
1074 3572 1193 3668 λσχύω
1227 3581 1379 3680 ἀφιέναι

103 3658 311 3760 ἁμάρτημα
344 3661 403 3735 ἐπὶ
428 3669 492 3756 τῆς
516 3671 584 3766 γῆς
609 3667 640 3738 ελ
665 3664 717 3760 μὴ
745 3693 765 3738 ο
795 3665 894 3757 Θεὸς,
929 3668 992 3743 διὸ
1019 3670 1060 3746 δὲ
1086 3675 1154 3772 τὴν
1179 3678 1379 3764 θεόλεκτον

103 3761 239 3861 φωνὴν
271 3763 426 3859 ἐκείνην,
463 3763 532 3860 τὴν
563 3763 658 3862 μετὰ
689 3764 759 3862 τὴν
785 3767 902 3844 αὐτοῦ
929 3769 1138 3853 ἀνάστασιν
1162 3787 1377 3885 γινομένην,

101 3863 171 3960 τὴν
197 3861 290 3960 πρὸς
314 3861 541 3950 ἀποστόλους
567 3867 765 3968 λέγουσαν·
794 3867 844 3945 ἀν
868 3869 985 3947 τίνων
1009 3876 1143 3974 ἀφίητε
1162 3898 1219 3966 καὶ
1233 3900 1277 3966 τὰ
1290 3899 1378 3992 ἑξῆς,

102 3969 173 4050 Ελς,
202 3963 345 4062 ἐκείνην
376 3965 441 4041 καὶ
471 3966 576 4064 ἡμεῖς
605 3971 836 4066 θαρροῦντες
867 3973 1037 4073 λέγομεν·
1071 3979 1141 4054 ὅσα
1174 3987 1306 4072 ἐξεῖπες
1329 3997 1376 4086 τῇ

102 4071 172 4164 ἐμῇ
207 4067 387 4165 ἐλαχίστῳ
420 4065 665 4165 ταπεινότητι,
697 4070 768 4145 ὅσα
802 4072 871 4147 οὐκ
903 4077 1070 4174 ἔφθασες
1100 4087 1215 4160 ελπεῖν
1237 4087 1263 4183 ἢ
1286 4091 1369 4164 κατ’

102 4170 265 4270 ἄγνοιαν
288 4168 313 4266 ἢ
338 4169 433 4244 κατὰ
460 4167 617 4266 λήθειαν
642 4164 688 4246 ού
712 4170 760 4273 δή
787 4203 886 4264 ποτε,
914 4175 934 4250 ὸ
964 4179 1069 4265 Θεὸς
1096 4187 1374 4290 συγχωρήσῃ

102 4294 175 4346 σοι
203 4273 251 4347 ἐν
276 4279 339 4370 τῷ
364 4279 452 4349 νῦν
478 4275 614 4347 αλαίνι
639 4272 717 4348 καὶ
743 4279 791 4350 ἐν
817 4283 878 4376 τῷ
903 4279 1169 4382 μέλλονταλ)

188 4510 213 4570 1)
231 4509 258 4559 ln
277 4511 452 4561 recentioribus
468 4510 618 4574 euchologiis
634 4511 694 4562 haee
710 4513 867 4567 οελεολοεοιο
885 4517 1017 4568 minorum
1035 4523 1183 4574 enumeratio
1201 4527 1325 4579 omittitur.

185 4593 213 4654 2)
238 4593 305 4644 nanc
328 4595 456 4646 formulam
481 4595 543 4647 duco
568 4596 711 4657 connium,
735 4599 779 4649 sed
802 4607 826 4650 ει
848 4600 902 4651 :liis
921 4603 953 4652 uti
972 4603 1112 4655 εεοάιεολετ
1129 4616 1153 4658 ει
1171 4603 1376 4680 πνευματικούς

101 4685 204 4729 ιειῑειιιτ
222 4679 326 4732 Genus.
360 4679 452 4744 nogant
469 4681 620 4746 ροεολιειιιει
637 4684 743 4747 peccatis
761 4683 811 4735 εολι
830 4687 989 4737 enumeratis:
1010 4688 1164 4756 παρακαλῶ
1177 4691 1213 4743 ναὶ
1228 4695 1287 4766 μού
1302 4709 1367 4765 συγ·

134 4764 171 4813 ιτ.
1138 4775 1172 4829 39
