3416 5290
709 405 781 480 677
938 427 946 472 ι

113 584 245 676 ἰμότιον
266 584 430 680 σωτηρίου
450 588 508 657 καί
526 594 649 672 χιτῶνα
670 584 875 678 εὸφροσάνης
895 586 1077 676 περιέβαλέ
1096 612 1149 672 με.
1175 583 1232 668 Ὡς
1251 583 1384 679 νυμφίῳ

112 691 295 780 περιέθηκέ
314 715 375 776 μοι
394 686 516 778 μίτραν
535 689 592 758 καὶ
613 686 659 770 ῶς
679 688 810 780 νόμφην
829 687 1055 780 κατεκόσμησέ
1074 714 1118 776 με
1138 686 1272 776 κόσμον.

194 788 249 862 Αἰ
270 791 308 860 δέ
330 787 433 876 εόχαί,
456 785 496 872 ἰὸς
516 786 645 879 λέγιιὸ
669 788 784 881 ἰερεὸς,
807 788 892 859 εἰσίν
913 781 1023 860 οὗτοι.
1098 825 1101 832 »

538 965 608 1028 Τοῦ
629 955 757 1048 Κυρίου
779 921 964 1050 ὸεηθῶμσν.

196 1091 302 1183 Κόριε
327 1091 347 1164 ὸ
370 1092 457 1174 Θεὸς
481 1091 584 1185 ήμῶν,
614 1092 632 1163 ὁ
660 1095 783 1176 πιστὸς
808 1094 844 1163 ἐν
871 1099 947 1176 ταῖς
972 1091 1215 1184 παραγγελίαις
1240 1119 1301 1164 σου
1327 1094 1385 1163 καί

112 1192 361 1287 ἀμεταμέλητος
381 1195 417 1266 ἐν
436 1203 508 1278 τοῖς
526 1193 708 1285 χαρίσμασί
729 1218 790 1264 σου
810 1194 867 1263 καί
889 1189 1021 1285 ἀφατος
1036 1195 1071 1264 ἐν
1084 1202 1126 1286 τῇ
1139 1193 1393 1286 φιλανθρωπίᾳ·

110 1317 189 1366 σου·
213 1293 232 1365 ό
253 1297 397 1379 καλέσας
416 1298 456 1367 τὸ
476 1295 615 1386 πλάσμα
638 1323 699 1366 σου
720 1294 835 1387 κλήσει
856 1293 936 1388 άγίᾳ
957 1296 1014 1365 καὶ
1035 1294 1166 1386 άγαγιὸν
1185 1297 1244 1365 τὸν
1267 1295 1386 1366 δοῦλόν

110 1421 171 1466 σου
195 1393 243 1478 εἰς
263 1397 326 1487 τῆν’
343 1396 567 1488 πνουματικήν
589 1423 650 1468 σου
672 1397 772 1488 ζωήν·
803 1397 875 1480 Δὸς
895 1393 984 1487 αὐτῷ
1005 1395 1081 1485 βίον
1103 1395 1298 1488 εὐσχήμονα,
1320 1424 1387 1467 πο-

111 1496 240 1568 λιτείαν
260 1499 413 1590 ἐνάρετον
434 1501 491 1569 καί
512 1497 773 1588 ἀκατάγνωστον,
794 1501 850 1568 ἵνα
872 1498 907 1568 ἐν
929 1496 1082 1590 άγιασμή
1104 1497 1388 1586 πολιτευσάμενος

109 1595 258 1671 ἀίσπιλον
279 1599 471 1693 διατηρήση,
494 1599 578 1690 ὅπερ
599 1607 640 1691 τῇ
662 1599 801 1688 δυνάμει
821 1623 882 1668 σου
905 1600 1083 1670 ἐνεδύσατο
1105 1607 1223 1692 σχήμα.
1256 1606 1312 1692 Τῷ
1326 1602 1388 1688 μέν

107 1709 225 1790 χιτῶνι
253 1703 312 1793 τήν
341 1701 552 1795 δικαιοσάιην
580 1699 818 1790 ἀμπεχόμενος,
843 1705 884 1791 τῇ
906 1701 944 1772 δέ
966 1699 1049 1796 ζώνη
1071 1702 1131 1792 τήν
1152 1704 1308 1792 νέκρωσιν
1328 1708 1389 1773 τοῦ

108 1803 268 1891 στόματος
287 1803 344 1873 καί
365 1803 425 1894 τήν
446 1803 660 1896 σωφροσύνην
683 1803 717 1873 ἐν
739 1801 847 1890 ἑαυτῷ
868 1803 1072 1892 περιφέρων,
1094 1808 1141 1893 τῷ
1156 1804 1409 1895 δέκουκουλίφέ

107 1907 170 1995 τήν
184 1904 451 1996 περικεφαλαίαν
465 1913 525 1975 τοῦ
539 1903 703 1998 σωτηρίου
718 1906 872 1991 θέμενος,
894 1909 942 1993 τῷ
959 1904 996 1973 δέ
1012 1899 1178 1994 ἀναλάβω,
1194 1909 1240 1994 τῷ
1256 1909 1388 1996 σταυρῷ

106 2011 167 2078 καὶ
188 2015 230 2098 τῇ
251 2006 366 2076 πίστει
385 2007 705 2094 κατακοσγιοάμενος,
734 2011 781 2096 τήί
804 2006 841 2075 δὲ
862 2003 1080 2096 περιβολαίφ,
1109 2006 1228 2097 στολήν
1249 2004 1389 2098 ἀφθαρ-

107 2108 189 2189 σίας
209 2107 494 2196 θωρακιζόμενος·
521 2114 593 2190 τοῖς
615 2110 653 2178 δέ
675 2105 877 2190 σανδαλίοις,
906 2109 962 2177 ἵνα
983 2108 1086 2200 ἐπιβῇ
1107 2117 1147 2198 τῇ
1169 2106 1238 2197 ὁδῷ
1259 2115 1319 2198 τῆς
1340 2107 1389 2178 εἰ-

106 2209 211 2302 ρήνης
235 2211 292 2278 καὶ
319 2217 378 2298 τῆς
405 2207 585 2302 σωτηρίας,
614 2197 708 2290 ὅπως
735 2210 868 2302 γίνηται
897 2209 1043 2302 φοβερὸς
1069 2216 1141 2290 τοῖς
1166 2208 1388 2294 ὑπεναντίοις,

106 2308 283 2391 ἀνάλωτος
311 2316 383 2391 τοῖς
409 2310 605 2397 πολεμίοις,
633 2311 744 2402 πάσης
770 2310 892 2401 ἡδονῆς
919 2313 975 2380 καί
1004 2309 1173 2401 αἰσχίστης
1200 2311 1390 2400 ἐπιθυμίας

105 2409 297 2502 ἀλλότριος.
324 2408 493 2504 Ὑπακοήν
513 2410 767 2499 παιδευόμενος,
790 2413 980 2503 ἐγκράτειαν
1000 2411 1247 2503 μετερχόμενος,
1269 2419 1316 2502 τῷ
1331 2421 1391 2504 τής

106 2510 281 2602 ἀσκήσεως
302 2521 442 2598 στοιχῶν
462 2511 585 2596 κανόνι,
607 2516 662 2583 λ’να
684 2513 719 2584 ἐν
733 2516 885 2608 ψαλμοῖς
899 2513 955 2582 καί
968 2513 1084 2602 ἀμνοις
1097 2515 1154 2583 καί
1169 2511 1275 2606 ηἰδαίς
1288 2540 1391 2583 πνευ-

104 2621 268 2703 ματικαῖς
293 2614 427 2707 γεραίρη
456 2617 495 2685 τὸ
521 2614 689 2704 πάντιμον
721 2617 777 2686 καί
804 2617 1060 2706 μεγαλοπρεπὲς
1087 2610 1194 2702 όνομά
1224 2641 1295 2699 σου,
1318 2621 1391 2698 τοῖς

104 2715 216 2802 ἴχνεσι
240 2719 499 2786 κατακολουθῶν
527 2726 587 2787 τοῦ
614 2717 759 2808 μεγάλου
786 2717 965 2810 προφήτου
985 2714 1102 2787 Ἠλιοῦ
1128 2717 1186 2788 καὶ
1212 2723 1272 2786 τοῦ
1294 2713 1390 2807 ἆγίου

101 2815 262 2888 Ἰωάννου
283 2825 343 2886 τοῦ
363 2815 566 2906 Προδρόμου
586 2819 643 2890 καί
663 2827 872 2904 Βαπτιστοῦ,
900 2819 956 2888 ἵνα
979 2816 1120 2909 φθάσας
1138 2819 1177 2887 τὸ
1197 2819 1318 2908 μέτρον
1332 2827 1392 2909 τῆς

103 2916 320 3008 τελειότητος
340 2919 397 2986 τὸν
420 2917 543 3005 δρόμον
565 2921 691 3012 τελέσῃ,
713 2922 772 3010 τήν
794 2921 909 2989 πίστιν
931 2919 1054 3009 τηρήσῃ
1069 2920 1125 2988 καί
1142 2916 1317 3010 ἐνδύσηται
1331 2921 1391 3008 τήν

102 3029 179 3091 τῶν
200 3017 345 3106 άγγόλιον
373 3015 570 3108 ἀφθαρσίαν
597 3022 654 3088 καί
676 3029 915 3111 συναριθμηθή
937 3028 977 3112 τῇ
999 3017 1079 3112 άγίᾳ
1101 3045 1162 3088 σου
1184 3017 1311 3112 ποίμνη
1333 3021 1392 3089 καί

103 3120 193 3211 τάχη
215 3127 274 3208 τῆς
294 3119 330 3188 ἐκ
352 3121 470 3202 δεξιῶν
491 3143 551 3189 σου
574 3119 818 3209 παραστάσεως
839 3123 895 3190 καί
918 3119 1041 3214 άκοάση
1063 3127 1123 3212 τῆς
1135 3121 1302 3209 μακαρίας
1317 3148 1390 3213 φω-

102 3229 185 3314 νῆς·
207 3225 314 3289 Δεῦτε
335 3217 369 3289 οἰ
390 3218 603 3310 εὐλογημένοι
624 3230 685 3290 τοῦ
704 3221 834 3310 πατρὸς
847 3249 922 3310 μου,
944 3220 1211 3312 κληρονομήσατε
1225 3223 1284 3307 τὴν
1298 3221 1392 3314 ἦτοι-

101 3323 283 3414 μασμίνην
303 3320 380 3409 ὑμῖν
399 3322 574 3410 βασιλείαν
596 3321 668 3394 άπὸ
688 3326 876 3412 καταβολῆς
896 3322 1032 3410 κόσμου,
1062 3315 1103 3412 ής
1128 3324 1185 3392 καί
1206 3321 1294 3411 ἡμᾶς
1313 3326 1392 3415 κλη-

104 3424 278 3518 ρονόμους
304 3425 464 3514 γενέσθαι
491 3422 634 3506 ἀξίωσον
663 3424 681 3494 ὸ
713 3426 799 3505 Θεὸς
826 3433 866 3517 τῇ
895 3431 935 3516 σῇ
965 3421 1162 3515 άγαθότητι.
1198 3423 1277 3493 Ὅτι
1305 3427 1392 3508 Θεὸς

105 3528 240 3608 ἐλέους,
271 3525 448 3614 οἰκτιρμῶν
474 3527 531 3596 καὶ
560 3527 822 3618 φιλανθρωπίας
849 3523 1010 3615 ὑπάρχεις
1037 3527 1094 3596 καί
1121 3525 1178 3595 σοὶ
1204 3525 1264 3618 τήν
1290 3525 1392 3609 δόξαν

105 3629 369 3715 ἀναπέμπομεν,
391 3633 436 3718 τῷ
459 3630 563 3716 πατρί
583 3628 641 3698 καί
661 3633 708 3716 τῷ
730 3625 791 3716 υἰῷ
813 3627 870 3698 καί
890 3632 938 3717 τῷ
961 3627 1044 3719 ἁγίῳ
1066 3625 1242 3717 πνεύματι,
1265 3637 1321 3698 νῦν
1335 3629 1392 3699 καί

103 3729 179 3814 ἀεὶ,
202 3729 258 3799 καί
280 3727 330 3809 εἰς
349 3729 427 3809 τοὺς
448 3728 573 3811 αἰῶνας
592 3736 658 3798 τῶν
680 3729 819 3799 αἰώνων.
858 3726 974 3818 Ἀμήν.

199 3829 323 3923 Εἰρήνη
344 3838 442 3900 πᾶσι.

198 3930 236 4001 ‘O
257 3930 433 4012 Διάκονος.
481 3930 550 4011 Τάς
570 3931 720 4021 κεφαλὰς
741 3929 833 4018 ὑμῶν
854 3935 900 4021 τῷ
923 3926 1038 4021 Κυρίῳ
1059 3928 1201 4001 κλίνατε.

200 4035 306 4123 Κύριε
333 4031 353 4103 ὸ
377 4035 463 4114 Θεὸς
489 4031 597 4124 ήμῶν,
625 4031 776 4122 εἰςάγαγε
803 4034 861 4101 τὸν
889 4031 1008 4102 δοῦλόν
1030 4056 1091 4102 σου
1122 4031 1240 4114 (τόνδε)
1263 4029 1312 4111 εἰς
1333 4031 1392 4121 τήν

103 4134 341 4227 πνευματικήν
369 4161 429 4205 σου
458 4132 561 4224 αὸλήν
586 4135 643 4204 καί
664 4132 976 4225 συγκαταρίθμησον
997 4131 1099 4203 αὐτὸν
1119 4138 1167 4220 τῷ
1189 4135 1309 4222 λογικῷ
1330 4156 1392 4202 σου

102 4235 273 4326 ποιμνίῳ.
316 4235 483 4326 Κάθαρον
511 4233 614 4306 αὐτοῦ
640 4237 679 4305 τὸ
708 4235 863 4328 φρόνημα
892 4232 961 4305 άπὸ
989 4243 1056 4305 τῶν
1083 4240 1245 4320 σαρκικῶν
1267 4233 1392 4303 ἐπιθυ-

103 4346 203 4426 μιῶν
222 4339 279 4406 καί
299 4347 359 4429 τῆς
378 4345 473 4430 κειής
495 4335 626 4429 ἀπάτης
646 4345 707 4406 τοῦ
727 4337 804 4424 βίου
826 4335 963 4406 τούτου·
984 4339 1041 4405 καί
1063 4336 1122 4416 δὸς
1137 4331 1226 4424 αὐτῷ
1242 4332 1392 4405 ἀδιαλεί-

104 4465 212 4518 πτως
236 4439 452 4530 μνημονεὸοιν
479 4447 546 4508 τῶν
574 4437 804 4525 άποκειμέκων
832 4436 971 4528 ἀγαθῶν
998 4445 1070 4518 τοῖς
1098 4435 1256 4525 ἀγαπῶοί
1275 4461 1313 4506 σε
1334 4437 1390 4506 καὶ

104 4539 348 4628 σταυρῶσασιν
369 4540 508 4622 ἑαυτοὺς
527 4545 575 4632 τηλ
595 4541 671 4631 βίην,
700 4542 758 4612 διὸ
778 4542 839 4630 τήν
858 4538 1032 4626 βασιλείαν
1054 4561 1126 4608 σου.
1168 4541 1215 4606 Σὸ
1235 4539 1298 4629 γάρ
1320 4533 1391 4610 είό

103 4641 245 4732 ποιμήν
264 4642 322 4713 καί
343 4642 528 4726 ἐπίσκοπος
548 4650 614 4713 τῶν
635 4649 751 4736 ψυχῶν
771 4639 942 4733 ἡμῶνκαὶ
963 4642 1018 4711 σοί
1038 4640 1100 4730 τήν
1118 4638 1219 4722 δόξαν
1240 4637 1393 4729 ἀναπέμ-

155 4748 192 4800 lv.
1154 4749 1188 4800 44
