<?xml version="1.0" encoding="UTF-8"?>
<!DOCTYPE html PUBLIC "-//W3C//DTD XHTML 1.0 Transitional//EN"
    "http://www.w3.org/TR/xhtml1/DTD/xhtml1-transitional.dtd">
<html xmlns="http://www.w3.org/1999/xhtml" xml:lang="en" lang="en">
 <head>
  <title>
</title>
<meta http-equiv="Content-Type" content="text/html;charset=utf-8" />
  <meta name='ocr-system' content='tesseract 3.04.00' />
  <meta name='ocr-capabilities' content='ocr_page ocr_carea ocr_par ocr_line ocrx_word'/>
</head>
<body>
  <div class='ocr_page' id='page_1' title='image "./codexliturgicus04danigoog/codexliturgicus04danigoog_0454.png"; bbox 0 0 3336 5302; ppageno 0'>
   <div class='ocr_carea' id='block_1_1' title="bbox 670 421 741 496">
    <p class='ocr_par' dir='ltr' id='par_1_1' title="bbox 670 421 741 496">
     <span class='ocr_line' id='line_1_1' title="bbox 670 421 741 496; baseline 0 -1"><span class='ocrx_word' id='word_1_1' title='bbox 670 421 741 496; x_wconf 77' lang='lat'>-431</span> 
     </span>
    </p>
   </div>
   <div class='ocr_carea' id='block_1_2' title="bbox 77 599 1344 2644">
    <p class='ocr_par' dir='ltr' id='par_1_2' title="bbox 154 599 895 700">
     <span class='ocr_line' id='line_1_2' title="bbox 154 599 895 700; baseline -0.011 -14"><span class='ocrx_word' id='word_1_2' title='bbox 154 615 197 686; x_wconf 82' lang='lat'><strong><em>‘0</em></strong></span> <span class='ocrx_word' id='word_1_3' title='bbox 210 615 375 699; x_wconf 85' lang='grc' dir='ltr'><strong><em>διάκονος.</em></strong></span> <span class='ocrx_word' id='word_1_4' title='bbox 401 599 531 700; x_wconf 73' lang='grc' dir='ltr'><strong><em>Ἀμήν.</em></strong></span> <span class='ocrx_word' id='word_1_5' title='bbox 892 663 895 668; x_wconf 83' lang='grc'><strong>-</strong></span> 
     </span>
    </p>

    <p class='ocr_par' dir='ltr' id='par_1_3' title="bbox 155 711 1343 812">
     <span class='ocr_line' id='line_1_3' title="bbox 155 711 1343 812; baseline 0 -23"><span class='ocrx_word' id='word_1_6' title='bbox 155 719 228 789; x_wconf 81' lang='grc' dir='ltr'><strong><em>Καὶ</em></strong></span> <span class='ocrx_word' id='word_1_7' title='bbox 241 712 376 801; x_wconf 74' lang='grc' dir='ltr'><strong><em>αύθιςό</em></strong></span> <span class='ocrx_word' id='word_1_8' title='bbox 389 717 549 800; x_wconf 84' lang='grc' dir='ltr'><strong><em>διάκονος</em></strong></span> <span class='ocrx_word' id='word_1_9' title='bbox 555 717 710 788; x_wconf 77' lang='grc' dir='ltr'><strong><em>δεικνύων</em></strong></span> <span class='ocrx_word' id='word_1_10' title='bbox 721 718 807 807; x_wconf 81' lang='grc' dir='ltr'><strong><em>μετὰ</em></strong></span> <span class='ocrx_word' id='word_1_11' title='bbox 819 715 964 808; x_wconf 78' lang='grc' dir='ltr'><strong><em>δραρίου</em></strong></span> <span class='ocrx_word' id='word_1_12' title='bbox 978 719 1022 788; x_wconf 84' lang='grc' dir='ltr'><strong><em>τὰ</em></strong></span> <span class='ocrx_word' id='word_1_13' title='bbox 1035 717 1115 808; x_wconf 77' lang='grc' dir='ltr'><strong><em>άμια</em></strong></span> <span class='ocrx_word' id='word_1_14' title='bbox 1130 711 1233 812; x_wconf 80' lang='grc' dir='ltr'><strong><em>άμφω</em></strong></span> <span class='ocrx_word' id='word_1_15' title='bbox 1244 718 1343 808; x_wconf 79' lang='grc' dir='ltr'><strong><em>λίμει.</em></strong></span> 
     </span>
    </p>

    <p class='ocr_par' dir='ltr' id='par_1_4' title="bbox 155 820 568 925">
     <span class='ocr_line' id='line_1_4' title="bbox 155 820 568 925; baseline 0 -27"><span class='ocrx_word' id='word_1_16' title='bbox 155 820 372 925; x_wconf 78' lang='grc' dir='ltr'><strong><em>Εύλόγησον</em></strong></span> <span class='ocrx_word' id='word_1_17' title='bbox 397 821 568 899; x_wconf 77' lang='grc' dir='ltr'><strong><em>δέσποτα.</em></strong></span> 
     </span>
    </p>

    <p class='ocr_par' dir='ltr' id='par_1_5' title="bbox 153 934 1342 1028">
     <span class='ocr_line' id='line_1_5' title="bbox 153 934 1342 1028; baseline -0.001 -19.992"><span class='ocrx_word' id='word_1_18' title='bbox 153 937 191 1008; x_wconf 86' lang='lat'><strong><em>‘0</em></strong></span> <span class='ocrx_word' id='word_1_19' title='bbox 214 937 287 1009; x_wconf 76' lang='lat'><em>66‘</em></span> <span class='ocrx_word' id='word_1_20' title='bbox 275 939 382 1028; x_wconf 82' lang='grc' dir='ltr'><strong><em>ιεριῦς</em></strong></span> <span class='ocrx_word' id='word_1_21' title='bbox 402 936 545 1027; x_wconf 82' lang='grc' dir='ltr'><strong><em>εύλομῶν</em></strong></span> <span class='ocrx_word' id='word_1_22' title='bbox 564 939 650 1025; x_wconf 79' lang='grc' dir='ltr'><strong><em>μετὰ</em></strong></span> <span class='ocrx_word' id='word_1_23' title='bbox 670 935 730 1028; x_wconf 86' lang='grc' dir='ltr'><strong><em>τής</em></strong></span> <span class='ocrx_word' id='word_1_24' title='bbox 748 939 858 1028; x_wconf 83' lang='grc' dir='ltr'><strong><em>χειρὸς</em></strong></span> <span class='ocrx_word' id='word_1_25' title='bbox 879 934 1054 1028; x_wconf 86' lang='grc' dir='ltr'><strong><em>άμφότερα</em></strong></span> <span class='ocrx_word' id='word_1_26' title='bbox 1074 963 1117 1006; x_wconf 90' lang='grc' dir='ltr'><strong><em>τα</em></strong></span> <span class='ocrx_word' id='word_1_27' title='bbox 1103 935 1220 1028; x_wconf 79' lang='grc' dir='ltr'><strong><em>άμια,</em></strong></span> <span class='ocrx_word' id='word_1_28' title='bbox 1243 937 1342 1026; x_wconf 77' lang='grc' dir='ltr'><strong><em>λέγει.</em></strong></span> 
     </span>
    </p>

    <p class='ocr_par' dir='ltr' id='par_1_6' title="bbox 154 1041 993 1144">
     <span class='ocr_line' id='line_1_6' title="bbox 154 1041 993 1144; baseline -0.004 -25"><span class='ocrx_word' id='word_1_29' title='bbox 154 1043 399 1140; x_wconf 83' lang='grc' dir='ltr'><strong><em>Μεταβαλιδν</em></strong></span> <span class='ocrx_word' id='word_1_30' title='bbox 422 1053 477 1142; x_wconf 80' lang='grc' dir='ltr'><strong><em>τῷ</em></strong></span> <span class='ocrx_word' id='word_1_31' title='bbox 502 1041 687 1140; x_wconf 85' lang='grc' dir='ltr'><strong><em>πνεύματί</em></strong></span> <span class='ocrx_word' id='word_1_32' title='bbox 712 1069 781 1120; x_wconf 89' lang='grc' dir='ltr'><strong><em>σου</em></strong></span> <span class='ocrx_word' id='word_1_33' title='bbox 806 1051 860 1142; x_wconf 81' lang='grc' dir='ltr'><strong><em>τῷ</em></strong></span> <span class='ocrx_word' id='word_1_34' title='bbox 886 1042 993 1144; x_wconf 71' lang='grc' dir='ltr'><strong><em>ἁγίῳ.</em></strong></span> 
     </span>
    </p>

    <p class='ocr_par' dir='ltr' id='par_1_7' title="bbox 153 1116 667 1250">
     <span class='ocr_line' id='line_1_7' title="bbox 153 1116 667 1250; baseline -0.002 -21.982"><span class='ocrx_word' id='word_1_35' title='bbox 153 1156 376 1241; x_wconf 85' lang='grc' dir='ltr'><strong><em>Ὁδιάκονσς.</em></strong></span> <span class='ocrx_word' id='word_1_36' title='bbox 402 1116 530 1244; x_wconf 70' lang='grc' dir='ltr'><strong><em>Αμήν·</em></strong></span> <span class='ocrx_word' id='word_1_37' title='bbox 577 1156 667 1250; x_wconf 86' lang='grc' dir='ltr'><strong><em>Τρίς.</em></strong></span> 
     </span>
    </p>

    <p class='ocr_par' dir='ltr' id='par_1_8' title="bbox 154 1237 1344 1352">
     <span class='ocr_line' id='line_1_8' title="bbox 154 1237 1344 1352; baseline -0.004 -22"><span class='ocrx_word' id='word_1_38' title='bbox 154 1262 228 1331; x_wconf 80' lang='grc' dir='ltr'><strong><em>Καὶ</em></strong></span> <span class='ocrx_word' id='word_1_39' title='bbox 248 1261 308 1350; x_wconf 86' lang='grc' dir='ltr'><strong><em>τήν</em></strong></span> <span class='ocrx_word' id='word_1_40' title='bbox 328 1258 514 1352; x_wconf 60' lang='grc' dir='ltr'><strong><em>κεφαλήν(</em></strong></span> <span class='ocrx_word' id='word_1_41' title='bbox 496 1287 515 1330; x_wconf 93' lang='grc' dir='ltr'><strong><em>ο</em></strong></span> <span class='ocrx_word' id='word_1_42' title='bbox 538 1259 692 1342; x_wconf 83' lang='grc' dir='ltr'><strong><em>διάκονος</em></strong></span> <span class='ocrx_word' id='word_1_43' title='bbox 711 1257 892 1342; x_wconf 85' lang='grc' dir='ltr'><strong><em>όποκλίνας</em></strong></span> <span class='ocrx_word' id='word_1_44' title='bbox 912 1265 959 1351; x_wconf 80' lang='grc' dir='ltr'><strong><em>τῷ</em></strong></span> <span class='ocrx_word' id='word_1_45' title='bbox 981 1255 1078 1347; x_wconf 74' lang='grc' dir='ltr'><strong><em>ἱερεῖ,</em></strong></span> <span class='ocrx_word' id='word_1_46' title='bbox 1100 1256 1158 1328; x_wconf 88' lang='grc' dir='ltr'><strong><em>καί</em></strong></span> <span class='ocrx_word' id='word_1_47' title='bbox 1178 1237 1283 1328; x_wconf 79' lang='grc' dir='ltr'><strong><em>είπολν</em></strong></span> <span class='ocrx_word' id='word_1_48' title='bbox 1304 1257 1344 1326; x_wconf 83' lang='grc' dir='ltr'><strong><em>τό</em></strong></span> 
     </span>
    </p>

    <p class='ocr_par' dir='ltr' id='par_1_9' title="bbox 77 1363 1344 1673">
     <span class='ocr_line' id='line_1_9' title="bbox 155 1363 1117 1468; baseline 0 -28"><span class='ocrx_word' id='word_1_49' title='bbox 155 1363 367 1462; x_wconf 68' lang='grc' dir='ltr'><strong><em>Μνήσθητί</em></strong></span> <span class='ocrx_word' id='word_1_50' title='bbox 391 1393 467 1462; x_wconf 91' lang='grc' dir='ltr'><strong><em>μου</em></strong></span> <span class='ocrx_word' id='word_1_51' title='bbox 494 1365 574 1468; x_wconf 73' lang='grc' dir='ltr'><strong><em>ἅγιε</em></strong></span> <span class='ocrx_word' id='word_1_52' title='bbox 600 1363 762 1442; x_wconf 80' lang='grc' dir='ltr'><em>δέσποτα</em></span> <span class='ocrx_word' id='word_1_53' title='bbox 786 1373 855 1441; x_wconf 90' lang='grc' dir='ltr'><strong><em>τοῦ</em></strong></span> <span class='ocrx_word' id='word_1_54' title='bbox 879 1365 1117 1461; x_wconf 81' lang='grc' dir='ltr'><strong><em>άμαρτωλοῦ,</em></strong></span> 
     </span>
     <span class='ocr_line' id='line_1_10' title="bbox 77 1472 1344 1572; baseline -0.004 -22"><span class='ocrx_word' id='word_1_55' title='bbox 77 1479 278 1568; x_wconf 74' lang='grc' dir='ltr'><strong><em>μεθίσταται</em></strong></span> <span class='ocrx_word' id='word_1_56' title='bbox 305 1472 396 1550; x_wconf 81' lang='grc' dir='ltr'><strong><em>ἐν</em></strong></span> <span class='ocrx_word' id='word_1_57' title='bbox 369 1507 396 1570; x_wconf 81' lang='grc' dir='ltr'><em>ῳ</em></span> <span class='ocrx_word' id='word_1_58' title='bbox 425 1478 588 1572; x_wconf 87' lang='grc' dir='ltr'><strong><em>πρότερον</em></strong></span> <span class='ocrx_word' id='word_1_59' title='bbox 613 1484 730 1552; x_wconf 78' lang='grc' dir='ltr'><strong><em>ἵστατο</em></strong></span> <span class='ocrx_word' id='word_1_60' title='bbox 751 1479 864 1570; x_wconf 67' lang='grc' dir='ltr'><strong><em>ζτόπῳ,</em></strong></span> <span class='ocrx_word' id='word_1_61' title='bbox 901 1479 1018 1567; x_wconf 77' lang='grc' dir='ltr'><strong><em>λαβὼν</em></strong></span> <span class='ocrx_word' id='word_1_62' title='bbox 1036 1478 1094 1568; x_wconf 82' lang='grc' dir='ltr'><strong><em>καί</em></strong></span> <span class='ocrx_word' id='word_1_63' title='bbox 1124 1477 1163 1548; x_wconf 85' lang='grc' dir='ltr'><strong><em>τὸ</em></strong></span> <span class='ocrx_word' id='word_1_64' title='bbox 1193 1475 1344 1568; x_wconf 78' lang='grc' dir='ltr'><strong><em>ριπίόιον</em></strong></span> 
     </span>
     <span class='ocr_line' id='line_1_11' title="bbox 78 1576 438 1673; baseline -0.003 -19"><span class='ocrx_word' id='word_1_65' title='bbox 78 1576 174 1665; x_wconf 71' lang='grc' dir='ltr'><strong><em>αὖθις</em></strong></span> <span class='ocrx_word' id='word_1_66' title='bbox 195 1580 242 1664; x_wconf 81' lang='grc' dir='ltr'><strong><em>τός</em></strong></span> <span class='ocrx_word' id='word_1_67' title='bbox 262 1580 438 1673; x_wconf 86' lang='grc' dir='ltr'><strong><em>πρότερον.</em></strong></span> 
     </span>
    </p>

    <p class='ocr_par' dir='ltr' id='par_1_10' title="bbox 524 1698 898 1790">
     <span class='ocr_line' id='line_1_12' title="bbox 524 1698 898 1790; baseline -0.009 -19.923"><span class='ocrx_word' id='word_1_68' title='bbox 524 1699 596 1770; x_wconf 87' lang='lat'><strong><em>“0</em></strong></span> <span class='ocrx_word' id='word_1_69' title='bbox 585 1701 692 1790; x_wconf 82' lang='grc' dir='ltr'><strong><em>ιερεύς</em></strong></span> <span class='ocrx_word' id='word_1_70' title='bbox 710 1698 898 1785; x_wconf 76' lang='grc' dir='ltr'><strong><em>ἐπεύχεται.</em></strong></span> 
     </span>
    </p>

    <p class='ocr_par' dir='ltr' id='par_1_11' title="bbox 78 1802 1344 2620">
     <span class='ocr_line' id='line_1_13' title="bbox 142 1802 1344 1905; baseline -0.008 -22.962"><span class='ocrx_word' id='word_1_71' title='bbox 142 1805 264 1905; x_wconf 81' lang='grc' dir='ltr'><strong><em>Ἡμᾶς</em></strong></span> <span class='ocrx_word' id='word_1_72' title='bbox 288 1805 330 1882; x_wconf 83' lang='grc' dir='ltr'><strong><em>δέ</em></strong></span> <span class='ocrx_word' id='word_1_73' title='bbox 356 1803 512 1896; x_wconf 79' lang='grc' dir='ltr'><strong><em>πάντας,</em></strong></span> <span class='ocrx_word' id='word_1_74' title='bbox 536 1805 624 1890; x_wconf 85' lang='grc' dir='ltr'><strong><em>τοῦς</em></strong></span> <span class='ocrx_word' id='word_1_75' title='bbox 649 1809 692 1881; x_wconf 85' lang='grc' dir='ltr'><strong><em>ἐκ</em></strong></span> <span class='ocrx_word' id='word_1_76' title='bbox 714 1814 782 1881; x_wconf 88' lang='grc' dir='ltr'><strong><em>τοῦ</em></strong></span> <span class='ocrx_word' id='word_1_77' title='bbox 809 1804 892 1889; x_wconf 81' lang='grc' dir='ltr'><strong><em>ἑνὸς</em></strong></span> <span class='ocrx_word' id='word_1_78' title='bbox 916 1806 1033 1903; x_wconf 85' lang='grc' dir='ltr'><strong><em>άρτου</em></strong></span> <span class='ocrx_word' id='word_1_79' title='bbox 1058 1802 1121 1878; x_wconf 81' lang='grc' dir='ltr'><strong><em>καί</em></strong></span> <span class='ocrx_word' id='word_1_80' title='bbox 1146 1809 1214 1878; x_wconf 88' lang='grc' dir='ltr'><strong><em>τοῦ</em></strong></span> <span class='ocrx_word' id='word_1_81' title='bbox 1231 1827 1344 1897; x_wconf 82' lang='grc' dir='ltr'><strong><em>ποτη</em></strong></span> 
     </span>
     <span class='ocr_line' id='line_1_14' title="bbox 78 1900 1343 2006; baseline -0.009 -20"><span class='ocrx_word' id='word_1_82' title='bbox 78 1906 156 2006; x_wconf 92' lang='grc' dir='ltr'><strong><em>ρίου</em></strong></span> <span class='ocrx_word' id='word_1_83' title='bbox 178 1909 415 2005; x_wconf 81' lang='grc' dir='ltr'><strong><em>μετέχοντας,</em></strong></span> <span class='ocrx_word' id='word_1_84' title='bbox 442 1905 599 1994; x_wconf 77' lang='grc' dir='ltr'><strong><em>ἐνούσαις</em></strong></span> <span class='ocrx_word' id='word_1_85' title='bbox 625 1904 791 2004; x_wconf 76' lang='grc' dir='ltr'><strong><em>ἀλλήλοις</em></strong></span> <span class='ocrx_word' id='word_1_86' title='bbox 815 1911 866 1992; x_wconf 86' lang='grc' dir='ltr'><strong><em>είς</em></strong></span> <span class='ocrx_word' id='word_1_87' title='bbox 891 1906 973 1990; x_wconf 87' lang='grc' dir='ltr'><strong><em>ενὸς</em></strong></span> <span class='ocrx_word' id='word_1_88' title='bbox 996 1901 1209 2000; x_wconf 85' lang='grc' dir='ltr'><strong><em>πνεύματος</em></strong></span> <span class='ocrx_word' id='word_1_89' title='bbox 1232 1900 1343 2002; x_wconf 72' lang='grc' dir='ltr'><strong><em>ἁγίου</em></strong></span> 
     </span>
     <span class='ocr_line' id='line_1_15' title="bbox 78 2001 1342 2107; baseline -0.006 -24"><span class='ocrx_word' id='word_1_90' title='bbox 78 2010 285 2100; x_wconf 78' lang='grc' dir='ltr'><strong><em>κοινωνίαν,</em></strong></span> <span class='ocrx_word' id='word_1_91' title='bbox 321 2011 385 2085; x_wconf 84' lang='grc' dir='ltr'><strong><em>καὶ</em></strong></span> <span class='ocrx_word' id='word_1_92' title='bbox 419 2007 617 2107; x_wconf 75' lang='grc' dir='ltr'><strong><em>μηδίνα“</em></strong></span> <span class='ocrx_word' id='word_1_93' title='bbox 596 2017 707 2105; x_wconf 84' lang='grc' dir='ltr'><strong><em>ημῶν</em></strong></span> <span class='ocrx_word' id='word_1_94' title='bbox 741 2013 791 2092; x_wconf 83' lang='grc' dir='ltr'><strong><em>είς</em></strong></span> <span class='ocrx_word' id='word_1_95' title='bbox 822 2006 952 2105; x_wconf 87' lang='grc' dir='ltr'><strong><em>κρίμα,</em></strong></span> <span class='ocrx_word' id='word_1_96' title='bbox 987 2007 1011 2104; x_wconf 84' lang='grc' dir='ltr'>ἢ</span> <span class='ocrx_word' id='word_1_97' title='bbox 1044 2011 1094 2090; x_wconf 82' lang='grc' dir='ltr'><strong><em>είς</em></strong></span> <span class='ocrx_word' id='word_1_98' title='bbox 1118 2001 1342 2100; x_wconf 80' lang='grc' dir='ltr'><strong><em>κατάκριμα,</em></strong></span> 
     </span>
     <span class='ocr_line' id='line_1_16' title="bbox 79 2108 1343 2240; baseline -0.007 -54"><span class='ocrx_word' id='word_1_99' title='bbox 79 2109 240 2238; x_wconf 82' lang='grc' dir='ltr'><strong><em>ποιήσαις</em></strong></span> <span class='ocrx_word' id='word_1_100' title='bbox 264 2110 462 2208; x_wconf 79' lang='grc' dir='ltr'><strong><em>μετάσχειν</em></strong></span> <span class='ocrx_word' id='word_1_101' title='bbox 486 2119 555 2187; x_wconf 89' lang='grc' dir='ltr'><strong><em>τοῦ</em></strong></span> <span class='ocrx_word' id='word_1_102' title='bbox 569 2110 691 2240; x_wconf 81' lang='grc' dir='ltr'><strong><em>ἁγίου</em></strong></span> <span class='ocrx_word' id='word_1_103' title='bbox 717 2112 889 2207; x_wconf 78' lang='grc' dir='ltr'><strong><em>στόματος</em></strong></span> <span class='ocrx_word' id='word_1_104' title='bbox 913 2139 977 2184; x_wconf 88' lang='grc' dir='ltr'><strong><em>και</em></strong></span> <span class='ocrx_word' id='word_1_105' title='bbox 964 2108 1150 2204; x_wconf 76' lang='grc' dir='ltr'><strong><em>αἵματος</em></strong></span> <span class='ocrx_word' id='word_1_106' title='bbox 1165 2133 1234 2181; x_wconf 90' lang='grc' dir='ltr'><strong><em>του</em></strong></span> <span class='ocrx_word' id='word_1_107' title='bbox 1215 2109 1343 2201; x_wconf 87' lang='grc' dir='ltr'><strong><em>Χρι</em></strong></span> 
     </span>
     <span class='ocr_line' id='line_1_17' title="bbox 80 2204 1342 2310; baseline -0.005 -24"><span class='ocrx_word' id='word_1_108' title='bbox 80 2221 162 2288; x_wconf 91' lang='grc' dir='ltr'><strong><em>οτοῦ</em></strong></span> <span class='ocrx_word' id='word_1_109' title='bbox 196 2239 283 2290; x_wconf 89' lang='grc' dir='ltr'><strong><em>σου·</em></strong></span> <span class='ocrx_word' id='word_1_110' title='bbox 319 2213 447 2289; x_wconf 71' lang='grc' dir='ltr'><strong><em>άλλί</em></strong></span> <span class='ocrx_word' id='word_1_111' title='bbox 428 2217 506 2290; x_wconf 75' lang='grc' dir='ltr'><strong><em>ἱνα</em></strong></span> <span class='ocrx_word' id='word_1_112' title='bbox 540 2212 749 2310; x_wconf 82' lang='grc' dir='ltr'><strong><em>εὕρωμεν</em></strong></span> <span class='ocrx_word' id='word_1_113' title='bbox 781 2213 908 2287; x_wconf 73' lang='grc' dir='ltr'><strong><em>ἔλεον</em></strong></span> <span class='ocrx_word' id='word_1_114' title='bbox 940 2210 1018 2287; x_wconf 83' lang='grc' dir='ltr'><strong><em>καὶ</em></strong></span> <span class='ocrx_word' id='word_1_115' title='bbox 1050 2207 1193 2306; x_wconf 86' lang='grc' dir='ltr'><strong><em>χάριν</em></strong></span> <span class='ocrx_word' id='word_1_116' title='bbox 1228 2204 1342 2302; x_wconf 81' lang='grc' dir='ltr'><strong><em>μετὰ</em></strong></span> 
     </span>
     <span class='ocr_line' id='line_1_18' title="bbox 78 2310 1343 2444; baseline -0.004 -56"><span class='ocrx_word' id='word_1_117' title='bbox 78 2311 261 2392; x_wconf 88' lang='grc' dir='ltr'><strong><em>πάντων</em></strong></span> <span class='ocrx_word' id='word_1_118' title='bbox 285 2324 380 2390; x_wconf 83' lang='grc' dir='ltr'><strong><em>τῶν</em></strong></span> <span class='ocrx_word' id='word_1_119' title='bbox 404 2314 573 2444; x_wconf 71' lang='grc' dir='ltr'><strong><em>ἁγίων,</em></strong></span> <span class='ocrx_word' id='word_1_120' title='bbox 599 2321 692 2389; x_wconf 83' lang='grc' dir='ltr'><strong><em>τῶν</em></strong></span> <span class='ocrx_word' id='word_1_121' title='bbox 718 2315 776 2388; x_wconf 84' lang='grc' dir='ltr'><strong><em>ἀπ</em></strong></span> <span class='ocrx_word' id='word_1_122' title='bbox 777 2310 982 2397; x_wconf 71' lang='grc' dir='ltr'><strong><em>αἰῶνός</em></strong></span> <span class='ocrx_word' id='word_1_123' title='bbox 1001 2336 1072 2387; x_wconf 92' lang='grc' dir='ltr'><strong><em>σοι</em></strong></span> <span class='ocrx_word' id='word_1_124' title='bbox 1090 2311 1343 2407; x_wconf 81' lang='grc' dir='ltr'><strong><em>εὐαρεστη-</em></strong></span> 
     </span>
     <span class='ocr_line' id='line_1_19' title="bbox 80 2413 1342 2544; baseline -0.006 -53"><span class='ocrx_word' id='word_1_125' title='bbox 80 2413 256 2494; x_wconf 84' lang='grc' dir='ltr'><strong><em>σάντων</em></strong></span> <span class='ocrx_word' id='word_1_126' title='bbox 303 2413 640 2544; x_wconf 90' lang='grc' dir='ltr'><strong><em>προπατόρων,</em></strong></span> <span class='ocrx_word' id='word_1_127' title='bbox 687 2441 1019 2514; x_wconf 87' lang='grc' dir='ltr'><strong><em>πατριαρχων,</em></strong></span> <span class='ocrx_word' id='word_1_128' title='bbox 1066 2418 1342 2540; x_wconf 84' lang='grc' dir='ltr'><strong><em>προφητῶν,</em></strong></span> 
     </span>
     <span class='ocr_line' id='line_1_20' title="bbox 80 2511 1342 2644; baseline -0.003 -54"><span class='ocrx_word' id='word_1_129' title='bbox 80 2515 368 2608; x_wconf 77' lang='grc' dir='ltr'><strong><em>ἀποστόλων,</em></strong></span> <span class='ocrx_word' id='word_1_130' title='bbox 401 2515 642 2615; x_wconf 86' lang='grc' dir='ltr'><strong><em>κηρύκων,</em></strong></span> <span class='ocrx_word' id='word_1_131' title='bbox 676 2511 1342 2644; x_wconf 74' lang='grc' dir='ltr'><strong><em>εῦαγμελιστῶν,μαρτύρων,</em></strong></span> 
     </span>
    </p>
   </div>
   <div class='ocr_carea' id='block_1_3' title="bbox 81 2611 1345 2818">
    <p class='ocr_par' dir='ltr' id='par_1_12' title="bbox 81 2611 1345 2818">
     <span class='ocr_line' id='line_1_21' title="bbox 81 2611 1345 2748; baseline -0.006 -54"><span class='ocrx_word' id='word_1_132' title='bbox 81 2618 396 2721; x_wconf 77' lang='grc' dir='ltr'><strong><em>όμολομητων,</em></strong></span> <span class='ocrx_word' id='word_1_133' title='bbox 423 2618 745 2748; x_wconf 85' lang='grc' dir='ltr'><strong><em>διδασκάλων,</em></strong></span> <span class='ocrx_word' id='word_1_134' title='bbox 778 2647 855 2694; x_wconf 85' lang='grc' dir='ltr'><strong><em>και</em></strong></span> <span class='ocrx_word' id='word_1_135' title='bbox 843 2615 1054 2701; x_wconf 84' lang='grc' dir='ltr'><strong><em>παντὸς</em></strong></span> <span class='ocrx_word' id='word_1_136' title='bbox 1078 2611 1345 2712; x_wconf 85' lang='grc' dir='ltr'><strong><em>πνεύματος</em></strong></span> 
     </span>
     <span class='ocr_line' id='line_1_22' title="bbox 81 2719 1116 2818; baseline -0.002 -23"><span class='ocrx_word' id='word_1_137' title='bbox 81 2719 283 2812; x_wconf 89' lang='grc' dir='ltr'><strong><em>δικαίου,</em></strong></span> <span class='ocrx_word' id='word_1_138' title='bbox 310 2725 358 2798; x_wconf 86' lang='grc' dir='ltr'><strong><em>ἐν</em></strong></span> <span class='ocrx_word' id='word_1_139' title='bbox 383 2722 538 2797; x_wconf 87' lang='grc' dir='ltr'><strong><em>πίστει</em></strong></span> <span class='ocrx_word' id='word_1_140' title='bbox 563 2721 928 2818; x_wconf 81' lang='grc' dir='ltr'><strong><em>τετελειωμένον</em></strong></span> <span class='ocrx_word' id='word_1_141' title='bbox 956 2723 1031 2816; x_wconf 82' lang='lat' dir='ltr'><strong>(lac.</strong></span> <span class='ocrx_word' id='word_1_142' title='bbox 1044 2721 1116 2816; x_wconf 76' lang='lat'><strong>34).</strong></span> 
     </span>
    </p>
   </div>
   <div class='ocr_carea' id='block_1_4' title="bbox 80 2883 1427 4023">
    <p class='ocr_par' dir='ltr' id='par_1_13' title="bbox 615 2883 800 2978">
     <span class='ocr_line' id='line_1_23' title="bbox 615 2883 800 2978; baseline -0.006 -23.97"><span class='ocrx_word' id='word_1_143' title='bbox 615 2883 800 2978; x_wconf 78' lang='grc' dir='ltr'><strong><em>Ἐκφάνους.</em></strong></span> 
     </span>
    </p>

    <p class='ocr_par' dir='ltr' id='par_1_14' title="bbox 80 2985 1427 3293">
     <span class='ocr_line' id='line_1_24' title="bbox 148 2985 1344 3118; baseline -0.009 -49.931"><span class='ocrx_word' id='word_1_144' title='bbox 148 2990 421 3089; x_wconf 80' lang='grc' dir='ltr'><strong><em>Ἐξαιρὲτως</em></strong></span> <span class='ocrx_word' id='word_1_145' title='bbox 454 2997 532 3088; x_wconf 85' lang='grc' dir='ltr'><strong><em>τής</em></strong></span> <span class='ocrx_word' id='word_1_146' title='bbox 570 2990 807 3118; x_wconf 74' lang='grc' dir='ltr'><strong><em>παναμίας</em></strong></span> <span class='ocrx_word' id='word_1_147' title='bbox 849 2987 1111 3115; x_wconf 85' lang='grc' dir='ltr'><strong><em>άχράντου,</em></strong></span> <span class='ocrx_word' id='word_1_148' title='bbox 1145 2985 1344 3081; x_wconf 81' lang='grc' dir='ltr'><strong><em>ὑπερευ-</em></strong></span> 
     </span>
     <span class='ocr_line' id='line_1_25' title="bbox 82 3082 1427 3222; baseline -0.002 -56"><span class='ocrx_word' id='word_1_149' title='bbox 82 3095 355 3222; x_wconf 76' lang='grc' dir='ltr'><strong><em>λογημὲνης,</em></strong></span> <span class='ocrx_word' id='word_1_150' title='bbox 397 3091 593 3178; x_wconf 76' lang='grc' dir='ltr'><strong><em>ἐνδόξου</em></strong></span> <span class='ocrx_word' id='word_1_151' title='bbox 636 3089 949 3186; x_wconf 73' lang='grc' dir='ltr'><strong><em>δεσποίνης“</em></strong></span> <span class='ocrx_word' id='word_1_152' title='bbox 929 3097 1058 3188; x_wconf 82' lang='grc' dir='ltr'><strong><em>ημῶν</em></strong></span> <span class='ocrx_word' id='word_1_153' title='bbox 1093 3082 1343 3174; x_wconf 76' lang='grc' dir='ltr'><strong><em>θεοτόκου,</em></strong></span> <span class='ocrx_word' id='word_1_154' title='bbox 1425 3157 1427 3163; x_wconf 81' lang='grc'><strong><em>,</em></strong></span> 
     </span>
     <span class='ocr_line' id='line_1_26' title="bbox 80 3193 902 3370; baseline -0.001 -101"><span class='ocrx_word' id='word_1_155' title='bbox 80 3224 150 3270; x_wconf 88' lang='grc' dir='ltr'><strong><em>και</em></strong></span> <span class='ocrx_word' id='word_1_156' title='bbox 176 3194 511 3370; x_wconf 59' lang='grc' dir='ltr'><strong><em>άειπαρθόνσυέ</em></strong></span> <span class='ocrx_word' id='word_1_157' title='bbox 524 3193 728 3320; x_wconf 90' lang='grc' dir='ltr'><strong><em>Μαρίας</em></strong></span> <span class='ocrx_word' id='word_1_158' title='bbox 742 3195 817 3288; x_wconf 82' lang='lat' dir='ltr'><strong>(lae.</strong></span> <span class='ocrx_word' id='word_1_159' title='bbox 829 3195 902 3290; x_wconf 83' lang='lat'><strong>35).</strong></span> 
     </span>
    </p>

    <p class='ocr_par' dir='ltr' id='par_1_15' title="bbox 82 3293 1344 3506">
     <span class='ocr_line' id='line_1_27' title="bbox 152 3293 1344 3400; baseline -0.011 -19.886"><span class='ocrx_word' id='word_1_160' title='bbox 152 3309 310 3398; x_wconf 76' lang='grc' dir='ltr'><strong><em>Ὁχορὸς</em></strong></span> <span class='ocrx_word' id='word_1_161' title='bbox 330 3308 467 3400; x_wconf 81' lang='grc' dir='ltr'><strong><em>ψάλλει,</em></strong></span> <span class='ocrx_word' id='word_1_162' title='bbox 495 3294 553 3370; x_wconf 67' lang='grc' dir='ltr'><strong><em>ἐπὶ</em></strong></span> <span class='ocrx_word' id='word_1_163' title='bbox 579 3295 638 3371; x_wconf 81' lang='grc' dir='ltr'><strong><em>0οί</em></strong></span> <span class='ocrx_word' id='word_1_164' title='bbox 660 3293 793 3392; x_wconf 73' lang='grc' dir='ltr'><strong><em>χαίρει</em></strong></span> <span class='ocrx_word' id='word_1_165' title='bbox 830 3305 916 3376; x_wconf 84' lang='grc' dir='ltr'><strong><em>Είό</em></strong></span> <span class='ocrx_word' id='word_1_166' title='bbox 896 3300 1085 3376; x_wconf 67' lang='grc' dir='ltr'><strong><em>όίέοτιν“</em></strong></span> <span class='ocrx_word' id='word_1_167' title='bbox 1065 3330 1088 3394; x_wconf 87' lang='grc' dir='ltr'><strong><em>η</em></strong></span> <span class='ocrx_word' id='word_1_168' title='bbox 1108 3297 1233 3392; x_wconf 73' lang='grc' dir='ltr'><strong><em>μεγάλη</em></strong></span> <span class='ocrx_word' id='word_1_169' title='bbox 1254 3298 1344 3386; x_wconf 77' lang='grc' dir='ltr'><strong><em>πέμ·</em></strong></span> 
     </span>
     <span class='ocr_line' id='line_1_28' title="bbox 82 3411 577 3506; baseline -0.004 -26"><span class='ocrx_word' id='word_1_170' title='bbox 82 3435 150 3504; x_wconf 82' lang='grc' dir='ltr'><strong><em>πτή,</em></strong></span> <span class='ocrx_word' id='word_1_171' title='bbox 170 3411 307 3506; x_wconf 83' lang='grc' dir='ltr'><strong><em>ψάλλει.</em></strong></span> <span class='ocrx_word' id='word_1_172' title='bbox 575 3439 577 3446; x_wconf 57' lang='lat'><strong>⁴</strong></span> 
     </span>
    </p>

    <p class='ocr_par' dir='ltr' id='par_1_16' title="bbox 83 3509 1346 4023">
     <span class='ocr_line' id='line_1_29' title="bbox 159 3509 1344 3610; baseline -0.014 -18"><span class='ocrx_word' id='word_1_173' title='bbox 159 3521 235 3592; x_wconf 86' lang='grc' dir='ltr'><strong><em>Τοῦ</em></strong></span> <span class='ocrx_word' id='word_1_174' title='bbox 268 3513 423 3592; x_wconf 84' lang='grc' dir='ltr'><strong><em>δείπνου</em></strong></span> <span class='ocrx_word' id='word_1_175' title='bbox 456 3541 525 3591; x_wconf 93' lang='grc' dir='ltr'><strong><em>σου</em></strong></span> <span class='ocrx_word' id='word_1_176' title='bbox 557 3522 626 3591; x_wconf 87' lang='grc' dir='ltr'><strong><em>τοῦ</em></strong></span> <span class='ocrx_word' id='word_1_177' title='bbox 660 3520 843 3600; x_wconf 81' lang='grc' dir='ltr'><strong><em>μυστικοῦ</em></strong></span> <span class='ocrx_word' id='word_1_178' title='bbox 877 3510 1039 3610; x_wconf 86' lang='grc' dir='ltr'><strong><em>σήμερον</em></strong></span> <span class='ocrx_word' id='word_1_179' title='bbox 1061 3509 1119 3586; x_wconf 86' lang='grc' dir='ltr'><strong><em>υίε</em></strong></span> <span class='ocrx_word' id='word_1_180' title='bbox 1149 3511 1242 3582; x_wconf 85' lang='grc' dir='ltr'><strong><em>θεοῦ</em></strong></span> <span class='ocrx_word' id='word_1_181' title='bbox 1267 3531 1344 3580; x_wconf 86' lang='grc' dir='ltr'><strong><em>κοι-</em></strong></span> 
     </span>
     <span class='ocr_line' id='line_1_30' title="bbox 83 3602 1345 3744; baseline -0.009 -52"><span class='ocrx_word' id='word_1_182' title='bbox 83 3615 196 3694; x_wconf 82' lang='grc' dir='ltr'><strong><em>νωνόν</em></strong></span> <span class='ocrx_word' id='word_1_183' title='bbox 220 3646 267 3712; x_wconf 90' lang='grc' dir='ltr'><strong><em>με</em></strong></span> <span class='ocrx_word' id='word_1_184' title='bbox 293 3614 500 3712; x_wconf 82' lang='grc' dir='ltr'><strong><em>παράλαβε,</em></strong></span> <span class='ocrx_word' id='word_1_185' title='bbox 527 3616 573 3692; x_wconf 87' lang='grc' dir='ltr'><strong><em>οῦ</em></strong></span> <span class='ocrx_word' id='word_1_186' title='bbox 595 3617 650 3714; x_wconf 86' lang='grc' dir='ltr'><strong><em>μή</em></strong></span> <span class='ocrx_word' id='word_1_187' title='bbox 675 3615 750 3744; x_wconf 81' lang='grc' dir='ltr'><strong><em>γὰρ</em></strong></span> <span class='ocrx_word' id='word_1_188' title='bbox 775 3621 852 3700; x_wconf 82' lang='grc' dir='ltr'><strong><em>τοῖς</em></strong></span> <span class='ocrx_word' id='word_1_189' title='bbox 876 3617 1028 3711; x_wconf 76' lang='grc' dir='ltr'><strong><em>ἐχθροῖς</em></strong></span> <span class='ocrx_word' id='word_1_190' title='bbox 1053 3638 1122 3688; x_wconf 94' lang='grc' dir='ltr'><strong><em>σου</em></strong></span> <span class='ocrx_word' id='word_1_191' title='bbox 1142 3608 1185 3686; x_wconf 86' lang='grc' dir='ltr'><strong><em>τὸ</em></strong></span> <span class='ocrx_word' id='word_1_192' title='bbox 1202 3602 1345 3736; x_wconf 84' lang='grc' dir='ltr'><strong><em>μυστή-</em></strong></span> 
     </span>
     <span class='ocr_line' id='line_1_31' title="bbox 84 3709 1346 3844; baseline -0.009 -52"><span class='ocrx_word' id='word_1_193' title='bbox 84 3747 155 3844; x_wconf 80' lang='grc' dir='ltr'><strong><em>ριον</em></strong></span> <span class='ocrx_word' id='word_1_194' title='bbox 181 3725 282 3796; x_wconf 84' lang='grc' dir='ltr'><strong><em>εἴπω</em></strong></span> <span class='ocrx_word' id='word_1_195' title='bbox 312 3719 369 3796; x_wconf 80' lang='grc' dir='ltr'><strong><em>Οὐ</em></strong></span> <span class='ocrx_word' id='word_1_196' title='bbox 396 3715 540 3818; x_wconf 88' lang='grc' dir='ltr'><strong><em>φίλημά</em></strong></span> <span class='ocrx_word' id='word_1_197' title='bbox 567 3742 625 3793; x_wconf 92' lang='grc' dir='ltr'><strong><em>σοι</em></strong></span> <span class='ocrx_word' id='word_1_198' title='bbox 651 3715 764 3794; x_wconf 84' lang='grc' dir='ltr'><strong><em>δεύσω</em></strong></span> <span class='ocrx_word' id='word_1_199' title='bbox 789 3713 963 3813; x_wconf 75' lang='grc' dir='ltr'><strong><em>καθάπερ</em></strong></span> <span class='ocrx_word' id='word_1_200' title='bbox 985 3712 1172 3803; x_wconf 84' lang='grc' dir='ltr'><strong><em>όἸοόδας,</em></strong></span> <span class='ocrx_word' id='word_1_201' title='bbox 1200 3709 1272 3785; x_wconf 75' lang='grc' dir='ltr'><strong><em>ἀλλ’</em></strong></span> <span class='ocrx_word' id='word_1_202' title='bbox 1295 3734 1346 3790; x_wconf 87' lang='grc' dir='ltr'><strong><em>ως</em></strong></span> 
     </span>
     <span class='ocr_line' id='line_1_32' title="bbox 84 3809 1344 3922; baseline -0.007 -29"><span class='ocrx_word' id='word_1_203' title='bbox 84 3819 252 3919; x_wconf 84' lang='grc' dir='ltr'><strong><em>όληστὴς</em></strong></span> <span class='ocrx_word' id='word_1_204' title='bbox 277 3819 447 3922; x_wconf 77' lang='grc' dir='ltr'><strong><em>όμολογω</em></strong></span> <span class='ocrx_word' id='word_1_205' title='bbox 474 3844 545 3909; x_wconf 87' lang='grc' dir='ltr'><strong><em>σοι,</em></strong></span> <span class='ocrx_word' id='word_1_206' title='bbox 577 3817 769 3917; x_wconf 69' lang='grc' dir='ltr'><strong><em>μνήσθητί</em></strong></span> <span class='ocrx_word' id='word_1_207' title='bbox 795 3847 870 3914; x_wconf 91' lang='grc' dir='ltr'><strong><em>μου</em></strong></span> <span class='ocrx_word' id='word_1_208' title='bbox 896 3817 1010 3918; x_wconf 87' lang='grc' dir='ltr'><strong><em>Κύριε</em></strong></span> <span class='ocrx_word' id='word_1_209' title='bbox 1036 3821 1078 3893; x_wconf 84' lang='grc' dir='ltr'><strong><em>ἐν</em></strong></span> <span class='ocrx_word' id='word_1_210' title='bbox 1102 3823 1148 3912; x_wconf 80' lang='grc' dir='ltr'><strong><em>τῇ</em></strong></span> <span class='ocrx_word' id='word_1_211' title='bbox 1173 3809 1344 3912; x_wconf 75' lang='grc' dir='ltr'><strong><em>βασιλείᾳ</em></strong></span> 
     </span>
     <span class='ocr_line' id='line_1_33' title="bbox 85 3924 299 4023; baseline 0.02 -29"><span class='ocrx_word' id='word_1_212' title='bbox 85 3945 144 3998; x_wconf 92' lang='grc' dir='ltr'><strong><em>σου</em></strong></span> <span class='ocrx_word' id='word_1_213' title='bbox 168 3951 199 4023; x_wconf 86' lang='lat' dir='ltr'><strong><em>p.</em></strong></span> <span class='ocrx_word' id='word_1_214' title='bbox 212 3924 299 3998; x_wconf 76' lang='lat'><em>368.</em></span> 
     </span>
    </p>
   </div>
   <div class='ocr_carea' id='block_1_5' title="bbox 157 4033 880 4126">
    <p class='ocr_par' dir='ltr' id='par_1_17' title="bbox 157 4033 880 4126">
     <span class='ocr_line' id='line_1_34' title="bbox 157 4033 880 4126; baseline -0.008 -17.312"><span class='ocrx_word' id='word_1_215' title='bbox 157 4037 299 4108; x_wconf 79' lang='grc' dir='ltr'><strong><em>Είδόό</em></strong></span> <span class='ocrx_word' id='word_1_216' title='bbox 299 4061 355 4106; x_wconf 91' lang='grc' dir='ltr'><strong><em>στι</em></strong></span> <span class='ocrx_word' id='word_1_217' title='bbox 376 4035 478 4106; x_wconf 82' lang='grc' dir='ltr'><strong><em>τόέ</em></strong></span> <span class='ocrx_word' id='word_1_218' title='bbox 434 4063 460 4123; x_wconf 87' lang='grc' dir='ltr'><strong><em>μ</em></strong></span> <span class='ocrx_word' id='word_1_219' title='bbox 461 4036 520 4125; x_wconf 61' lang='lat' dir='ltr'><strong><em>eya</em></strong></span> <span class='ocrx_word' id='word_1_220' title='bbox 542 4033 721 4123; x_wconf 75' lang='grc' dir='ltr'><strong><em>σάββατον,</em></strong></span> <span class='ocrx_word' id='word_1_221' title='bbox 743 4034 880 4126; x_wconf 80' lang='grc' dir='ltr'><strong><em>ψάλλει.</em></strong></span> 
     </span>
    </p>
   </div>
   <div class='ocr_carea' id='block_1_6' title="bbox 85 4127 1354 4746">
    <p class='ocr_par' dir='ltr' id='par_1_18' title="bbox 85 4127 1354 4746">
     <span class='ocr_line' id='line_1_35' title="bbox 157 4127 1343 4270; baseline -0.013 -54"><span class='ocrx_word' id='word_1_222' title='bbox 157 4139 410 4270; x_wconf 71' lang='grc' dir='ltr'><strong><em>Σιγηοάτω</em></strong></span> <span class='ocrx_word' id='word_1_223' title='bbox 435 4148 560 4214; x_wconf 85' lang='grc' dir='ltr'><strong><em>πᾶσα</em></strong></span> <span class='ocrx_word' id='word_1_224' title='bbox 586 4139 703 4267; x_wconf 78' lang='grc' dir='ltr'><strong><em>σάρξ</em></strong></span> <span class='ocrx_word' id='word_1_225' title='bbox 719 4137 936 4237; x_wconf 80' lang='grc' dir='ltr'><strong><em>βροτεία,</em></strong></span> <span class='ocrx_word' id='word_1_226' title='bbox 961 4137 1040 4215; x_wconf 83' lang='grc' dir='ltr'><strong><em>καὶ</em></strong></span> <span class='ocrx_word' id='word_1_227' title='bbox 1061 4130 1209 4264; x_wconf 86' lang='grc' dir='ltr'><strong><em>στήτω</em></strong></span> <span class='ocrx_word' id='word_1_228' title='bbox 1227 4127 1343 4227; x_wconf 83' lang='grc' dir='ltr'><strong><em>μετὰ</em></strong></span> 
     </span>
     <span class='ocr_line' id='line_1_36' title="bbox 85 4237 1344 4342; baseline -0.011 -26"><span class='ocrx_word' id='word_1_229' title='bbox 85 4241 230 4338; x_wconf 81' lang='grc' dir='ltr'><strong><em>φόβου</em></strong></span> <span class='ocrx_word' id='word_1_230' title='bbox 256 4273 334 4320; x_wconf 90' lang='grc' dir='ltr'><strong><em>και</em></strong></span> <span class='ocrx_word' id='word_1_231' title='bbox 321 4239 557 4340; x_wconf 87' lang='grc' dir='ltr'><strong><em>τρόμου,</em></strong></span> <span class='ocrx_word' id='word_1_232' title='bbox 582 4269 660 4316; x_wconf 87' lang='grc' dir='ltr'><strong><em>και</em></strong></span> <span class='ocrx_word' id='word_1_233' title='bbox 648 4239 830 4340; x_wconf 77' lang='grc' dir='ltr'><strong><em>μηδὲν</em></strong></span> <span class='ocrx_word' id='word_1_234' title='bbox 854 4238 1021 4342; x_wconf 71' lang='grc' dir='ltr'><strong><em>γήϊνον</em></strong></span> <span class='ocrx_word' id='word_1_235' title='bbox 1040 4237 1125 4313; x_wconf 61' lang='grc' dir='ltr'><strong><em>ἐν*</em></strong></span> <span class='ocrx_word' id='word_1_236' title='bbox 1109 4261 1249 4330; x_wconf 79' lang='grc' dir='ltr'><strong><em>ταυτῃ</em></strong></span> <span class='ocrx_word' id='word_1_237' title='bbox 1233 4239 1344 4304; x_wconf 86' lang='grc' dir='ltr'><strong><em>λο-</em></strong></span> 
     </span>
     <span class='ocr_line' id='line_1_37' title="bbox 85 4333 1344 4445; baseline -0.01 -29"><span class='ocrx_word' id='word_1_238' title='bbox 85 4343 298 4440; x_wconf 76' lang='grc' dir='ltr'><strong><em>μιζέσθω</em></strong></span> <span class='ocrx_word' id='word_1_239' title='bbox 332 4344 375 4422; x_wconf 89' lang='lat'>0</span> <span class='ocrx_word' id='word_1_240' title='bbox 400 4344 489 4445; x_wconf 77' lang='grc' dir='ltr'><strong><em>γὰρ</em></strong></span> <span class='ocrx_word' id='word_1_241' title='bbox 520 4342 745 4440; x_wconf 78' lang='grc' dir='ltr'><strong><em>βασιλεὺς</em></strong></span> <span class='ocrx_word' id='word_1_242' title='bbox 767 4351 860 4419; x_wconf 84' lang='grc' dir='ltr'><strong><em>τῶν</em></strong></span> <span class='ocrx_word' id='word_1_243' title='bbox 884 4333 1241 4440; x_wconf 77' lang='grc' dir='ltr'><strong><em>βασιλευόντων</em></strong></span> <span class='ocrx_word' id='word_1_244' title='bbox 1265 4357 1344 4406; x_wconf 90' lang='grc' dir='ltr'><strong><em>και</em></strong></span> 
     </span>
     <span class='ocr_line' id='line_1_38' title="bbox 86 4435 1343 4545; baseline -0.011 -25"><span class='ocrx_word' id='word_1_245' title='bbox 86 4443 235 4544; x_wconf 81' lang='grc' dir='ltr'><strong><em>κύριος</em></strong></span> <span class='ocrx_word' id='word_1_246' title='bbox 266 4452 359 4522; x_wconf 77' lang='grc' dir='ltr'><strong><em>τῶν</em></strong></span> <span class='ocrx_word' id='word_1_247' title='bbox 392 4442 691 4545; x_wconf 85' lang='grc' dir='ltr'><strong><em>κυριούντων</em></strong></span> <span class='ocrx_word' id='word_1_248' title='bbox 724 4445 1003 4543; x_wconf 83' lang='grc' dir='ltr'><strong><em>προέρχεται</em></strong></span> <span class='ocrx_word' id='word_1_249' title='bbox 1038 4435 1343 4540; x_wconf 74' lang='grc' dir='ltr'><strong><em>σῳαμιασθῆ-</em></strong></span> 
     </span>
     <span class='ocr_line' id='line_1_39' title="bbox 86 4543 1344 4660; baseline -0.006 -44"><span class='ocrx_word' id='word_1_250' title='bbox 86 4569 172 4637; x_wconf 85' lang='grc' dir='ltr'><strong><em>και,</em></strong></span> <span class='ocrx_word' id='word_1_251' title='bbox 196 4577 274 4624; x_wconf 87' lang='grc' dir='ltr'><strong><em>και</em></strong></span> <span class='ocrx_word' id='word_1_252' title='bbox 261 4546 508 4643; x_wconf 80' lang='grc' dir='ltr'><strong><em>δοθηναι</em></strong></span> <span class='ocrx_word' id='word_1_253' title='bbox 534 4551 598 4630; x_wconf 81' lang='grc' dir='ltr'><strong><em>είς</em></strong></span> <span class='ocrx_word' id='word_1_254' title='bbox 621 4547 805 4644; x_wconf 77' lang='grc' dir='ltr'><strong><em>βρωσιν</em></strong></span> <span class='ocrx_word' id='word_1_255' title='bbox 829 4574 929 4630; x_wconf 87' lang='grc' dir='ltr'><strong><em>τοις</em></strong></span> <span class='ocrx_word' id='word_1_256' title='bbox 953 4566 1146 4625; x_wconf 88' lang='grc' dir='ltr'><strong><em>πιστοις</em></strong></span> <span class='ocrx_word' id='word_1_257' title='bbox 1189 4543 1344 4660; x_wconf 84' lang='grc' dir='ltr'><strong><em>Προη-</em></strong></span> 
     </span>
     <span class='ocr_line' id='line_1_40' title="bbox 87 4633 1354 4746; baseline -0.005 -24"><span class='ocrx_word' id='word_1_258' title='bbox 87 4657 271 4744; x_wconf 79' lang='grc' dir='ltr'><strong><em>γοῦνται</em></strong></span> <span class='ocrx_word' id='word_1_259' title='bbox 296 4649 346 4726; x_wconf 79' lang='grc' dir='ltr'><strong><em>δὲ</em></strong></span> <span class='ocrx_word' id='word_1_260' title='bbox 371 4656 542 4726; x_wconf 89' lang='grc' dir='ltr'><strong><em>τοῦτου</em></strong></span> <span class='ocrx_word' id='word_1_261' title='bbox 568 4648 609 4724; x_wconf 80' lang='grc' dir='ltr'><strong><em>οἱ</em></strong></span> <span class='ocrx_word' id='word_1_262' title='bbox 631 4647 766 4746; x_wconf 87' lang='grc' dir='ltr'><strong><em>χοροὶ</em></strong></span> <span class='ocrx_word' id='word_1_263' title='bbox 791 4675 883 4724; x_wconf 91' lang='grc' dir='ltr'><strong><em>των</em></strong></span> <span class='ocrx_word' id='word_1_264' title='bbox 909 4643 1210 4746; x_wconf 76' lang='grc' dir='ltr'><strong><em>ἀρχαμμίλων</em></strong></span> <span class='ocrx_word' id='word_1_265' title='bbox 1227 4633 1354 4735; x_wconf 82' lang='grc' dir='ltr'><strong><em>μετὰ.</em></strong></span> 
     </span>
    </p>
   </div>
   <div class='ocr_carea' id='block_1_7' title="bbox 0 0 1681 5302">
    <p class='ocr_par' dir='ltr' id='par_1_19' title="bbox 0 0 1681 5302">
     <span class='ocr_line' id='line_1_41' title="bbox 0 0 1681 5302; baseline 0 0"><span class='ocrx_word' id='word_1_266' title='bbox 0 0 1681 5302; x_wconf 95' lang='lat' dir='ltr'><strong><em> </em></strong></span> 
     </span>
    </p>
   </div>
  </div>
 </body>
</html>
