<?xml version="1.0" encoding="UTF-8"?>
<!DOCTYPE html PUBLIC "-//W3C//DTD XHTML 1.0 Transitional//EN"
    "http://www.w3.org/TR/xhtml1/DTD/xhtml1-transitional.dtd">
<html xmlns="http://www.w3.org/1999/xhtml" xml:lang="en" lang="en">
 <head>
  <title>
</title>
<meta http-equiv="Content-Type" content="text/html;charset=utf-8" />
  <meta name='ocr-system' content='tesseract 3.04.00' />
  <meta name='ocr-capabilities' content='ocr_page ocr_carea ocr_par ocr_line ocrx_word'/>
</head>
<body>
  <div class='ocr_page' id='page_1' title='image "./codexliturgicus04danigoog/codexliturgicus04danigoog_0064.png"; bbox 0 0 3394 5308; ppageno 0'>
   <div class='ocr_carea' id='block_1_1' title="bbox 77 651 1411 2788">
    <p class='ocr_par' dir='ltr' id='par_1_1' title="bbox 77 651 1362 2682">
     <span class='ocr_line' id='line_1_1' title="bbox 166 651 1359 786; baseline 0.008 -62"><span class='ocrx_word' id='word_1_1' title='bbox 166 651 218 725; x_wconf 78' lang='lat' dir='ltr'><strong><em>Vl.</em></strong></span> <span class='ocrx_word' id='word_1_2' title='bbox 256 659 375 732; x_wconf 78' lang='grc' dir='ltr'><strong><em>Καὶ</em></strong></span> <span class='ocrx_word' id='word_1_3' title='bbox 357 691 376 733; x_wconf 86' lang='grc' dir='ltr'><strong><em>ο</em></strong></span> <span class='ocrx_word' id='word_1_4' title='bbox 406 658 560 745; x_wconf 76' lang='grc' dir='ltr'><strong><em>διάκονος</em></strong></span> <span class='ocrx_word' id='word_1_5' title='bbox 580 665 718 753; x_wconf 85' lang='grc' dir='ltr'><strong><em>λεγέτω·</em></strong></span> <span class='ocrx_word' id='word_1_6' title='bbox 758 653 955 754; x_wconf 73' lang='grc' dir='ltr'><strong><em>προέλθετε</em></strong></span> <span class='ocrx_word' id='word_1_7' title='bbox 993 657 1027 732; x_wconf 86' lang='grc' dir='ltr'><strong><em>οἱ</em></strong></span> <span class='ocrx_word' id='word_1_8' title='bbox 1059 655 1327 786; x_wconf 81' lang='grc' dir='ltr'><strong><em>ένεργοόμενοι.</em></strong></span> <span class='ocrx_word' id='word_1_9' title='bbox 1336 661 1359 759; x_wconf 75' lang='grc' dir='ltr'><strong><em>ι)</em></strong></span> 
     </span>
     <span class='ocr_line' id='line_1_2' title="bbox 85 755 1362 883; baseline 0.002 -48"><span class='ocrx_word' id='word_1_10' title='bbox 85 765 153 835; x_wconf 79' lang='grc' dir='ltr'><strong><em>Καὶ</em></strong></span> <span class='ocrx_word' id='word_1_11' title='bbox 171 761 241 852; x_wconf 81' lang='grc' dir='ltr'><strong><em>μετ’</em></strong></span> <span class='ocrx_word' id='word_1_12' title='bbox 268 763 392 846; x_wconf 75' lang='grc' dir='ltr'><strong><em>αὐτοὺς</em></strong></span> <span class='ocrx_word' id='word_1_13' title='bbox 402 765 669 883; x_wconf 81' lang='grc' dir='ltr'><strong><em>προςφωνείτω</em></strong></span> <span class='ocrx_word' id='word_1_14' title='bbox 698 755 920 842; x_wconf 85' lang='grc' dir='ltr'><strong><em>εόξασθε</em></strong></span> <span class='ocrx_word' id='word_1_15' title='bbox 886 784 919 831; x_wconf 90' lang='grc' dir='ltr'><strong><em>οι</em></strong></span> <span class='ocrx_word' id='word_1_16' title='bbox 947 757 1205 858; x_wconf 85' lang='grc' dir='ltr'><strong><em>φωτεζόμενοι.</em></strong></span> <span class='ocrx_word' id='word_1_17' title='bbox 1241 762 1362 838; x_wconf 79' lang='grc' dir='ltr'><strong><em>Ἐκτε-</em></strong></span> 
     </span>
     <span class='ocr_line' id='line_1_3' title="bbox 85 851 1360 982; baseline 0.008 -54"><span class='ocrx_word' id='word_1_18' title='bbox 85 861 157 936; x_wconf 83' lang='grc' dir='ltr'><strong><em>τῶς</em></strong></span> <span class='ocrx_word' id='word_1_19' title='bbox 190 853 225 927; x_wconf 89' lang='grc' dir='ltr'><strong><em>οἱ</em></strong></span> <span class='ocrx_word' id='word_1_20' title='bbox 259 853 385 928; x_wconf 82' lang='grc' dir='ltr'><strong><em>πιστοὶ</em></strong></span> <span class='ocrx_word' id='word_1_21' title='bbox 417 851 551 937; x_wconf 79' lang='grc' dir='ltr'><strong><em>πάντες</em></strong></span> <span class='ocrx_word' id='word_1_22' title='bbox 582 853 675 982; x_wconf 87' lang='grc' dir='ltr'><strong><em>ῦπερ</em></strong></span> <span class='ocrx_word' id='word_1_23' title='bbox 710 858 837 933; x_wconf 81' lang='grc' dir='ltr'><strong><em>αὐτῶν</em></strong></span> <span class='ocrx_word' id='word_1_24' title='bbox 862 861 1237 959; x_wconf 77' lang='grc' dir='ltr'><strong><em>παρακαλέσωμεν,”</em></strong></span> <span class='ocrx_word' id='word_1_25' title='bbox 1216 863 1360 946; x_wconf 85' lang='grc' dir='ltr'><strong><em>οπωςῦ</em></strong></span> 
     </span>
     <span class='ocr_line' id='line_1_4' title="bbox 86 951 1360 1091; baseline 0.009 -63"><span class='ocrx_word' id='word_1_26' title='bbox 86 953 207 1050; x_wconf 82' lang='grc' dir='ltr'><strong><em>κύριος</em></strong></span> <span class='ocrx_word' id='word_1_27' title='bbox 239 951 452 1052; x_wconf 82' lang='grc' dir='ltr'><strong><em>καταξιτόση</em></strong></span> <span class='ocrx_word' id='word_1_28' title='bbox 487 955 625 1040; x_wconf 84' lang='grc' dir='ltr'><strong><em>αὐτοῦς</em></strong></span> <span class='ocrx_word' id='word_1_29' title='bbox 655 959 873 1055; x_wconf 75' lang='grc' dir='ltr'><strong><em>μυηθέντας</em></strong></span> <span class='ocrx_word' id='word_1_30' title='bbox 904 966 955 1046; x_wconf 82' lang='grc' dir='ltr'><strong><em>τίς</em></strong></span> <span class='ocrx_word' id='word_1_31' title='bbox 985 961 1054 1037; x_wconf 85' lang='grc' dir='ltr'><strong><em>τὸν</em></strong></span> <span class='ocrx_word' id='word_1_32' title='bbox 1087 972 1156 1040; x_wconf 91' lang='grc' dir='ltr'><strong><em>τοῦ</em></strong></span> <span class='ocrx_word' id='word_1_33' title='bbox 1188 968 1360 1091; x_wconf 79' lang='grc' dir='ltr'><strong><em>Χριστοῦ</em></strong></span> 
     </span>
     <span class='ocr_line' id='line_1_5' title="bbox 85 1055 1361 1194; baseline 0.007 -64"><span class='ocrx_word' id='word_1_34' title='bbox 85 1055 258 1132; x_wconf 83' lang='grc' dir='ltr'><strong><em>θάνατον</em></strong></span> <span class='ocrx_word' id='word_1_35' title='bbox 285 1065 564 1156; x_wconf 82' lang='grc' dir='ltr'><strong><em>συναναστήναι</em></strong></span> <span class='ocrx_word' id='word_1_36' title='bbox 592 1059 695 1158; x_wconf 83' lang='grc' dir='ltr'><strong><em>αὐτῷ</em></strong></span> <span class='ocrx_word' id='word_1_37' title='bbox 716 1079 814 1158; x_wconf 78' lang='lat' dir='ltr'><strong>(Rom</strong></span> <span class='ocrx_word' id='word_1_38' title='bbox 823 1083 853 1156; x_wconf 88' lang='lat'><strong><em>6,</em></strong></span> <span class='ocrx_word' id='word_1_39' title='bbox 860 1085 891 1146; x_wconf 83' lang='grc'><strong><em>4.</em></strong></span> <span class='ocrx_word' id='word_1_40' title='bbox 899 1084 942 1158; x_wconf 80' lang='grc'><strong><em>5),</em></strong></span> <span class='ocrx_word' id='word_1_41' title='bbox 968 1063 1031 1138; x_wconf 81' lang='grc' dir='ltr'><strong><em>καὶ</em></strong></span> <span class='ocrx_word' id='word_1_42' title='bbox 1056 1063 1235 1162; x_wconf 82' lang='grc' dir='ltr'><strong><em>μετόχους</em></strong></span> <span class='ocrx_word' id='word_1_43' title='bbox 1257 1063 1361 1194; x_wconf 86' lang='grc' dir='ltr'><strong><em>γενέ-</em></strong></span> 
     </span>
     <span class='ocr_line' id='line_1_6' title="bbox 85 1157 1360 1288; baseline 0.009 -57"><span class='ocrx_word' id='word_1_44' title='bbox 85 1162 173 1232; x_wconf 86' lang='grc' dir='ltr'><strong><em>σθαι</em></strong></span> <span class='ocrx_word' id='word_1_45' title='bbox 207 1166 276 1256; x_wconf 78' lang='grc' dir='ltr'><strong><em>τῆς</em></strong></span> <span class='ocrx_word' id='word_1_46' title='bbox 304 1157 500 1288; x_wconf 79' lang='grc' dir='ltr'><strong><em>βασιλείας</em></strong></span> <span class='ocrx_word' id='word_1_47' title='bbox 534 1159 665 1251; x_wconf 83' lang='grc' dir='ltr'><strong><em>αὐτοῦ,</em></strong></span> <span class='ocrx_word' id='word_1_48' title='bbox 699 1162 763 1237; x_wconf 82' lang='grc' dir='ltr'><strong><em>καὶ</em></strong></span> <span class='ocrx_word' id='word_1_49' title='bbox 796 1164 1001 1250; x_wconf 83' lang='grc' dir='ltr'><strong><em>κοινωνοὺς</em></strong></span> <span class='ocrx_word' id='word_1_50' title='bbox 1032 1171 1110 1242; x_wconf 83' lang='grc' dir='ltr'><strong><em>τῶν</em></strong></span> <span class='ocrx_word' id='word_1_51' title='bbox 1142 1166 1360 1265; x_wconf 82' lang='grc' dir='ltr'><strong><em>μυστηρίων</em></strong></span> 
     </span>
     <span class='ocr_line' id='line_1_7' title="bbox 84 1257 1360 1366; baseline 0.009 -32"><span class='ocrx_word' id='word_1_52' title='bbox 84 1262 210 1349; x_wconf 81' lang='grc' dir='ltr'><strong><em>αῦταῦ,</em></strong></span> <span class='ocrx_word' id='word_1_53' title='bbox 239 1257 362 1358; x_wconf 81' lang='grc' dir='ltr'><strong><em>έναίση</em></strong></span> <span class='ocrx_word' id='word_1_54' title='bbox 388 1261 452 1336; x_wconf 86' lang='grc' dir='ltr'><strong><em>καὶ</em></strong></span> <span class='ocrx_word' id='word_1_55' title='bbox 477 1262 726 1363; x_wconf 85' lang='grc' dir='ltr'><strong><em>συγκαταλέξῃ</em></strong></span> <span class='ocrx_word' id='word_1_56' title='bbox 754 1263 891 1349; x_wconf 80' lang='grc' dir='ltr'><strong><em>αὐτοὺς</em></strong></span> <span class='ocrx_word' id='word_1_57' title='bbox 912 1267 1007 1364; x_wconf 86' lang='grc' dir='ltr'><strong><em>μετὰ</em></strong></span> <span class='ocrx_word' id='word_1_58' title='bbox 1032 1275 1111 1345; x_wconf 87' lang='grc' dir='ltr'><strong><em>τῶν</em></strong></span> <span class='ocrx_word' id='word_1_59' title='bbox 1136 1267 1360 1366; x_wconf 80' lang='grc' dir='ltr'><strong><em>σωζομένων</em></strong></span> 
     </span>
     <span class='ocr_line' id='line_1_8' title="bbox 83 1361 1360 1494; baseline 0.008 -58"><span class='ocrx_word' id='word_1_60' title='bbox 83 1365 121 1438; x_wconf 81' lang='grc' dir='ltr'><strong><em>ἐι</em></strong></span> <span class='ocrx_word' id='word_1_61' title='bbox 150 1371 196 1459; x_wconf 82' lang='grc' dir='ltr'><strong><em>τῇ</em></strong></span> <span class='ocrx_word' id='word_1_62' title='bbox 232 1361 343 1494; x_wconf 83' lang='grc' dir='ltr'><strong><em>ἀγίρι</em></strong></span> <span class='ocrx_word' id='word_1_63' title='bbox 359 1364 477 1439; x_wconf 89' lang='grc' dir='ltr'><strong><em>αῦτοῦ</em></strong></span> <span class='ocrx_word' id='word_1_64' title='bbox 503 1364 684 1463; x_wconf 79' lang='grc' dir='ltr'><strong><em>ἐκκλησίᾳ.</em></strong></span> <span class='ocrx_word' id='word_1_65' title='bbox 728 1373 869 1442; x_wconf 85' lang='grc' dir='ltr'><strong><em>Σῶσον</em></strong></span> <span class='ocrx_word' id='word_1_66' title='bbox 893 1368 958 1443; x_wconf 84' lang='grc' dir='ltr'><strong><em>καὶ</em></strong></span> <span class='ocrx_word' id='word_1_67' title='bbox 984 1365 1196 1467; x_wconf 87' lang='grc' dir='ltr'><strong><em>ἀνοίστηοον</em></strong></span> <span class='ocrx_word' id='word_1_68' title='bbox 1223 1370 1360 1470; x_wconf 82' lang='grc' dir='ltr'><strong><em>αὐτοὺς</em></strong></span> 
     </span>
     <span class='ocr_line' id='line_1_9' title="bbox 82 1461 1360 1600; baseline 0.005 -62"><span class='ocrx_word' id='word_1_69' title='bbox 82 1467 119 1540; x_wconf 77' lang='grc' dir='ltr'><strong><em>ἓν</em></strong></span> <span class='ocrx_word' id='word_1_70' title='bbox 142 1474 188 1561; x_wconf 82' lang='grc' dir='ltr'><strong><em>τῇ</em></strong></span> <span class='ocrx_word' id='word_1_71' title='bbox 217 1473 267 1560; x_wconf 78' lang='grc' dir='ltr'><strong><em>σῇ</em></strong></span> <span class='ocrx_word' id='word_1_72' title='bbox 289 1461 427 1563; x_wconf 87' lang='grc' dir='ltr'><strong><em>χοίριτι.</em></strong></span> <span class='ocrx_word' id='word_1_73' title='bbox 461 1471 866 1597; x_wconf 83' lang='grc' dir='ltr'><strong><em>Χαταοφραγισολμενοι</em></strong></span> <span class='ocrx_word' id='word_1_74' title='bbox 891 1479 945 1568; x_wconf 79' lang='grc' dir='ltr'><strong><em>τῷ</em></strong></span> <span class='ocrx_word' id='word_1_75' title='bbox 976 1475 1054 1570; x_wconf 78' lang='grc' dir='ltr'><strong><em>Θεῷ</em></strong></span> <span class='ocrx_word' id='word_1_76' title='bbox 1079 1470 1144 1547; x_wconf 88' lang='grc' dir='ltr'><strong><em>διά</em></strong></span> <span class='ocrx_word' id='word_1_77' title='bbox 1169 1481 1237 1548; x_wconf 90' lang='grc' dir='ltr'><strong><em>τοῦ</em></strong></span> <span class='ocrx_word' id='word_1_78' title='bbox 1262 1477 1360 1600; x_wconf 89' lang='grc' dir='ltr'><strong><em>Χρι-</em></strong></span> 
     </span>
     <span class='ocr_line' id='line_1_10' title="bbox 83 1565 1357 1698; baseline 0.009 -59"><span class='ocrx_word' id='word_1_79' title='bbox 83 1575 168 1640; x_wconf 88' lang='grc' dir='ltr'><strong><em>στοῦ</em></strong></span> <span class='ocrx_word' id='word_1_80' title='bbox 202 1566 338 1656; x_wconf 87' lang='grc' dir='ltr'><strong><em>αῦτοῦ,</em></strong></span> <span class='ocrx_word' id='word_1_81' title='bbox 371 1565 561 1652; x_wconf 83' lang='grc' dir='ltr'><strong><em>κλίναντες</em></strong></span> <span class='ocrx_word' id='word_1_82' title='bbox 594 1569 897 1698; x_wconf 87' lang='grc' dir='ltr'><strong><em>εῦλογείσθωσαν</em></strong></span> <span class='ocrx_word' id='word_1_83' title='bbox 929 1572 1031 1669; x_wconf 81' lang='grc' dir='ltr'><strong><em>παρὰ</em></strong></span> <span class='ocrx_word' id='word_1_84' title='bbox 1064 1581 1132 1648; x_wconf 90' lang='grc' dir='ltr'><strong><em>τοῦ</em></strong></span> <span class='ocrx_word' id='word_1_85' title='bbox 1158 1571 1357 1650; x_wconf 79' lang='grc' dir='ltr'><strong><em>ἐπισκόπου</em></strong></span> 
     </span>
     <span class='ocr_line' id='line_1_11' title="bbox 81 1665 1359 1800; baseline 0.007 -59"><span class='ocrx_word' id='word_1_86' title='bbox 81 1665 187 1762; x_wconf 88' lang='grc' dir='ltr'><strong><em>τήνδε</em></strong></span> <span class='ocrx_word' id='word_1_87' title='bbox 220 1668 295 1764; x_wconf 87' lang='grc' dir='ltr'><strong><em>τὴν</em></strong></span> <span class='ocrx_word' id='word_1_88' title='bbox 320 1668 503 1797; x_wconf 79' lang='grc' dir='ltr'><strong><em>εὐλογίαν.</em></strong></span> <span class='ocrx_word' id='word_1_89' title='bbox 550 1669 594 1748; x_wconf 89' lang='grc' dir='ltr'><strong><em>Ὁ</em></strong></span> <span class='ocrx_word' id='word_1_90' title='bbox 619 1671 806 1798; x_wconf 78' lang='grc' dir='ltr'><strong><em>προειπών</em></strong></span> <span class='ocrx_word' id='word_1_91' title='bbox 832 1671 896 1748; x_wconf 84' lang='grc' dir='ltr'><strong><em>δεδι</em></strong></span> <span class='ocrx_word' id='word_1_92' title='bbox 921 1682 1001 1748; x_wconf 85' lang='grc' dir='ltr'><strong><em>τῶν</em></strong></span> <span class='ocrx_word' id='word_1_93' title='bbox 1027 1673 1147 1800; x_wconf 88' lang='grc' dir='ltr'><strong><em>ἀγίων</em></strong></span> <span class='ocrx_word' id='word_1_94' title='bbox 1172 1699 1242 1750; x_wconf 88' lang='grc' dir='ltr'><strong><em>σου</em></strong></span> <span class='ocrx_word' id='word_1_95' title='bbox 1267 1704 1359 1774; x_wconf 93' lang='grc' dir='ltr'><strong><em>προ-</em></strong></span> 
     </span>
     <span class='ocr_line' id='line_1_12' title="bbox 82 1770 1356 1905; baseline 0.013 -62"><span class='ocrx_word' id='word_1_96' title='bbox 82 1777 209 1898; x_wconf 76' lang='grc' dir='ltr'><strong><em>φητῶν</em></strong></span> <span class='ocrx_word' id='word_1_97' title='bbox 231 1776 313 1854; x_wconf 86' lang='grc' dir='ltr'><strong><em>τοῖς</em></strong></span> <span class='ocrx_word' id='word_1_98' title='bbox 328 1770 569 1869; x_wconf 86' lang='grc' dir='ltr'><strong><em>μυουμένοις</em></strong></span> <span class='ocrx_word' id='word_1_99' title='bbox 597 1771 800 1864; x_wconf 80' lang='grc' dir='ltr'><strong><em>λούσασθε,</em></strong></span> <span class='ocrx_word' id='word_1_100' title='bbox 817 1775 984 1873; x_wconf 81' lang='grc' dir='ltr'><strong><em>καθαροί</em></strong></span> <span class='ocrx_word' id='word_1_101' title='bbox 1003 1775 1157 1905; x_wconf 89' lang='grc' dir='ltr'><strong><em>γίνεσθε</em></strong></span> <span class='ocrx_word' id='word_1_102' title='bbox 1179 1796 1356 1874; x_wconf 82' lang='lat' dir='ltr'><strong>(1s.1,16)·</strong></span> 
     </span>
     <span class='ocr_line' id='line_1_13' title="bbox 80 1871 1359 2006; baseline 0.007 -62"><span class='ocrx_word' id='word_1_103' title='bbox 80 1873 136 1944; x_wconf 78' lang='grc' dir='ltr'><strong><em>καὶ</em></strong></span> <span class='ocrx_word' id='word_1_104' title='bbox 163 1871 231 1946; x_wconf 84' lang='grc' dir='ltr'><strong><em>διὰ</em></strong></span> <span class='ocrx_word' id='word_1_105' title='bbox 259 1899 329 1948; x_wconf 89' lang='grc' dir='ltr'><strong><em>του</em></strong></span> <span class='ocrx_word' id='word_1_106' title='bbox 311 1877 514 1970; x_wconf 88' lang='grc' dir='ltr'><strong><em>Χριστοῦ</em></strong></span> <span class='ocrx_word' id='word_1_107' title='bbox 540 1873 864 1972; x_wconf 80' lang='grc' dir='ltr'><strong><em>νομοθετήσας</em></strong></span> <span class='ocrx_word' id='word_1_108' title='bbox 824 1905 894 1972; x_wconf 90' lang='grc' dir='ltr'><strong><em>την</em></strong></span> <span class='ocrx_word' id='word_1_109' title='bbox 918 1877 1173 1974; x_wconf 86' lang='grc' dir='ltr'><strong><em>πνευματικὴν</em></strong></span> <span class='ocrx_word' id='word_1_110' title='bbox 1199 1878 1359 2006; x_wconf 81' lang='grc' dir='ltr'><strong><em>ἀναγόν-</em></strong></span> 
     </span>
     <span class='ocr_line' id='line_1_14' title="bbox 80 1972 1358 2148; baseline 0.005 -100"><span class='ocrx_word' id='word_1_111' title='bbox 80 1999 200 2148; x_wconf 84' lang='grc' dir='ltr'><strong><em>ιησιν·</em></strong></span> <span class='ocrx_word' id='word_1_112' title='bbox 230 1972 347 2058; x_wconf 81' lang='grc' dir='ltr'><strong><em>αὐτὸς</em></strong></span> <span class='ocrx_word' id='word_1_113' title='bbox 372 2003 434 2049; x_wconf 89' lang='grc' dir='ltr'><strong><em>και</em></strong></span> <span class='ocrx_word' id='word_1_114' title='bbox 458 1984 532 2053; x_wconf 91' lang='grc' dir='ltr'><strong><em>νῦν</em></strong></span> <span class='ocrx_word' id='word_1_115' title='bbox 557 1974 699 2050; x_wconf 84' lang='grc' dir='ltr'><strong><em>έπιδε</em></strong></span> <span class='ocrx_word' id='word_1_116' title='bbox 684 1977 743 2050; x_wconf 85' lang='grc' dir='ltr'><strong><em>επὶ</em></strong></span> <span class='ocrx_word' id='word_1_117' title='bbox 766 1976 854 2061; x_wconf 84' lang='grc' dir='ltr'><strong><em>τοῦς</em></strong></span> <span class='ocrx_word' id='word_1_118' title='bbox 873 1977 1182 2076; x_wconf 76' lang='grc' dir='ltr'><strong><em>βαπτιζομένους,</em></strong></span> <span class='ocrx_word' id='word_1_119' title='bbox 1209 1980 1273 2052; x_wconf 81' lang='grc' dir='ltr'><strong><em>καί</em></strong></span> <span class='ocrx_word' id='word_1_120' title='bbox 1296 1979 1358 2054; x_wconf 88' lang='grc' dir='ltr'><strong><em>εῦ-</em></strong></span> 
     </span>
     <span class='ocr_line' id='line_1_15' title="bbox 80 2074 1359 2204; baseline 0.003 -56.058"><span class='ocrx_word' id='word_1_121' title='bbox 80 2074 238 2198; x_wconf 80' lang='grc' dir='ltr'><strong><em>λόγησον</em></strong></span> <span class='ocrx_word' id='word_1_122' title='bbox 273 2075 412 2160; x_wconf 82' lang='grc' dir='ltr'><strong><em>αῦτδῦς</em></strong></span> <span class='ocrx_word' id='word_1_123' title='bbox 441 2077 505 2152; x_wconf 85' lang='grc' dir='ltr'><strong><em>καὶ</em></strong></span> <span class='ocrx_word' id='word_1_124' title='bbox 539 2076 710 2179; x_wconf 90' lang='grc' dir='ltr'><strong><em>ἀγίασον,</em></strong></span> <span class='ocrx_word' id='word_1_125' title='bbox 745 2079 808 2153; x_wconf 80' lang='grc' dir='ltr'><strong><em>καὶ</em></strong></span> <span class='ocrx_word' id='word_1_126' title='bbox 833 2079 1120 2178; x_wconf 85' lang='grc' dir='ltr'><strong><em>παρασκεύασον</em></strong></span> <span class='ocrx_word' id='word_1_127' title='bbox 1146 2078 1273 2166; x_wconf 85' lang='grc' dir='ltr'><strong><em>ἀξίους</em></strong></span> <span class='ocrx_word' id='word_1_128' title='bbox 1296 2106 1359 2204; x_wconf 79' lang='grc' dir='ltr'><strong><em>γε,-</em></strong></span> 
     </span>
     <span class='ocr_line' id='line_1_16' title="bbox 77 2177 1355 2308; baseline 0.002 -57"><span class='ocrx_word' id='word_1_129' title='bbox 77 2177 212 2252; x_wconf 83' lang='grc' dir='ltr'><strong><em>νίσθαι</em></strong></span> <span class='ocrx_word' id='word_1_130' title='bbox 240 2183 306 2274; x_wconf 78' lang='grc' dir='ltr'><strong><em>τῆς</em></strong></span> <span class='ocrx_word' id='word_1_131' title='bbox 331 2187 580 2276; x_wconf 77' lang='grc' dir='ltr'><strong><em>πνευματικῆς</em></strong></span> <span class='ocrx_word' id='word_1_132' title='bbox 605 2203 674 2255; x_wconf 91' lang='grc' dir='ltr'><strong><em>σου</em></strong></span> <span class='ocrx_word' id='word_1_133' title='bbox 701 2178 856 2279; x_wconf 84' lang='grc' dir='ltr'><strong><em>δωρεᾶς,</em></strong></span> <span class='ocrx_word' id='word_1_134' title='bbox 892 2179 1045 2278; x_wconf 80' lang='grc' dir='ltr'><strong><em>καὶτῆς</em></strong></span> <span class='ocrx_word' id='word_1_135' title='bbox 1071 2183 1263 2308; x_wconf 74' lang='grc' dir='ltr'><strong><em>ἀληθινῆς</em></strong></span> <span class='ocrx_word' id='word_1_136' title='bbox 1276 2182 1355 2255; x_wconf 82' lang='grc' dir='ltr'><strong><em>υἱο-</em></strong></span> 
     </span>
     <span class='ocr_line' id='line_1_17' title="bbox 79 2279 1357 2380; baseline 0.003 -28"><span class='ocrx_word' id='word_1_137' title='bbox 79 2279 206 2364; x_wconf 86' lang='grc' dir='ltr'><strong><em>θεσίας</em></strong></span> <span class='ocrx_word' id='word_1_138' title='bbox 231 2287 314 2354; x_wconf 85' lang='grc' dir='ltr'><strong><em>τῶν</em></strong></span> <span class='ocrx_word' id='word_1_139' title='bbox 339 2289 602 2375; x_wconf 85' lang='grc' dir='ltr'><strong><em>πνευματικῶν</em></strong></span> <span class='ocrx_word' id='word_1_140' title='bbox 627 2307 696 2356; x_wconf 92' lang='grc' dir='ltr'><strong><em>σου</em></strong></span> <span class='ocrx_word' id='word_1_141' title='bbox 721 2281 951 2379; x_wconf 83' lang='grc' dir='ltr'><strong><em>μυστηρίων,</em></strong></span> <span class='ocrx_word' id='word_1_142' title='bbox 977 2291 1042 2380; x_wconf 81' lang='grc' dir='ltr'><strong><em>τῆς</em></strong></span> <span class='ocrx_word' id='word_1_143' title='bbox 1067 2282 1161 2380; x_wconf 86' lang='grc' dir='ltr'><strong><em>μετὰ</em></strong></span> <span class='ocrx_word' id='word_1_144' title='bbox 1185 2291 1263 2358; x_wconf 83' lang='grc' dir='ltr'><strong><em>τῶν</em></strong></span> <span class='ocrx_word' id='word_1_145' title='bbox 1282 2306 1357 2356; x_wconf 90' lang='grc' dir='ltr'><strong><em>σω-</em></strong></span> 
     </span>
     <span class='ocr_line' id='line_1_18' title="bbox 79 2379 1352 2560; baseline 0.004 -107"><span class='ocrx_word' id='word_1_146' title='bbox 79 2379 245 2476; x_wconf 81' lang='grc' dir='ltr'><strong><em>ζομένων</em></strong></span> <span class='ocrx_word' id='word_1_147' title='bbox 271 2385 570 2510; x_wconf 80' lang='grc' dir='ltr'><strong><em>ἐπισυναγωγῆς,</em></strong></span> <span class='ocrx_word' id='word_1_148' title='bbox 592 2381 656 2457; x_wconf 88' lang='grc' dir='ltr'><strong><em>διά</em></strong></span> <span class='ocrx_word' id='word_1_149' title='bbox 682 2389 854 2560; x_wconf 85' lang='grc' dir='ltr'><strong><em>Χριστοῦ</em></strong></span> <span class='ocrx_word' id='word_1_150' title='bbox 873 2393 941 2459; x_wconf 90' lang='grc' dir='ltr'><strong><em>τοῦ</em></strong></span> <span class='ocrx_word' id='word_1_151' title='bbox 961 2392 1130 2481; x_wconf 84' lang='grc' dir='ltr'><strong><em>σωτῆρος</em></strong></span> <span class='ocrx_word' id='word_1_152' title='bbox 1146 2383 1273 2482; x_wconf 82' lang='grc' dir='ltr'><strong><em>ήμῶν</em></strong></span> <span class='ocrx_word' id='word_1_153' title='bbox 1300 2383 1352 2459; x_wconf 91' lang='grc' dir='ltr'><strong><em>δι</em></strong></span> 
     </span>
     <span class='ocr_line' id='line_1_19' title="bbox 79 2477 1357 2589; baseline 0.003 -33"><span class='ocrx_word' id='word_1_154' title='bbox 79 2477 124 2557; x_wconf 84' lang='grc' dir='ltr'><strong><em>οὗ</em></strong></span> <span class='ocrx_word' id='word_1_155' title='bbox 154 2509 211 2556; x_wconf 90' lang='grc' dir='ltr'><strong><em>σοι</em></strong></span> <span class='ocrx_word' id='word_1_156' title='bbox 250 2479 355 2570; x_wconf 87' lang='grc' dir='ltr'><strong><em>δόξα,</em></strong></span> <span class='ocrx_word' id='word_1_157' title='bbox 389 2483 476 2582; x_wconf 82' lang='grc' dir='ltr'><strong><em>τιμὴ</em></strong></span> <span class='ocrx_word' id='word_1_158' title='bbox 508 2483 572 2559; x_wconf 83' lang='grc' dir='ltr'><strong><em>καὶ</em></strong></span> <span class='ocrx_word' id='word_1_159' title='bbox 605 2483 766 2584; x_wconf 76' lang='grc' dir='ltr'><strong><em>σέβαςέ</em></strong></span> <span class='ocrx_word' id='word_1_160' title='bbox 767 2513 792 2562; x_wconf 95' lang='grc' dir='ltr'><strong><em>ν</em></strong></span> <span class='ocrx_word' id='word_1_161' title='bbox 825 2484 922 2589; x_wconf 83' lang='grc' dir='ltr'><strong><em>ἁγίῳ</em></strong></span> <span class='ocrx_word' id='word_1_162' title='bbox 958 2483 1153 2583; x_wconf 83' lang='grc' dir='ltr'><strong><em>πνεύματι,</em></strong></span> <span class='ocrx_word' id='word_1_163' title='bbox 1188 2490 1238 2569; x_wconf 87' lang='grc' dir='ltr'><strong><em>ελς</em></strong></span> <span class='ocrx_word' id='word_1_164' title='bbox 1269 2485 1357 2570; x_wconf 82' lang='grc' dir='ltr'><strong><em>τοὺς</em></strong></span> 
     </span>
     <span class='ocr_line' id='line_1_20' title="bbox 78 2581 409 2682; baseline 0.006 -25"><span class='ocrx_word' id='word_1_165' title='bbox 78 2589 233 2666; x_wconf 75' lang='grc' dir='ltr'><strong><em>αἰῶν’·ας</em></strong></span> <span class='ocrx_word' id='word_1_166' title='bbox 263 2581 377 2681; x_wconf 75' lang='grc' dir='ltr'><strong><em>ἀμήν</em></strong></span> <span class='ocrx_word' id='word_1_167' title='bbox 386 2585 409 2682; x_wconf 74' lang='lat'><strong><em>²)</em></strong></span> 
     </span>
    </p>

    <p class='ocr_par' dir='ltr' id='par_1_2' title="bbox 154 2684 1411 2788">
     <span class='ocr_line' id='line_1_21' title="bbox 154 2684 1411 2788; baseline 0.002 -29"><span class='ocrx_word' id='word_1_168' title='bbox 154 2687 229 2760; x_wconf 82' lang='lat' dir='ltr'><strong><em>VII.</em></strong></span> <span class='ocrx_word' id='word_1_169' title='bbox 274 2699 348 2767; x_wconf 84' lang='grc' dir='ltr'><strong><em>Καὶ</em></strong></span> <span class='ocrx_word' id='word_1_170' title='bbox 376 2699 498 2788; x_wconf 85' lang='grc' dir='ltr'><strong><em>λεγέτω</em></strong></span> <span class='ocrx_word' id='word_1_171' title='bbox 527 2696 737 2782; x_wconf 85' lang='grc' dir='ltr'><strong><em>ὁδιάκονος·</em></strong></span> <span class='ocrx_word' id='word_1_172' title='bbox 778 2690 976 2788; x_wconf 87' lang='grc' dir='ltr'><strong><em>προέλθετε</em></strong></span> <span class='ocrx_word' id='word_1_173' title='bbox 1017 2689 1053 2764; x_wconf 84' lang='grc' dir='ltr'><strong><em>οἱ</em></strong></span> <span class='ocrx_word' id='word_1_174' title='bbox 1096 2684 1354 2788; x_wconf 81' lang='grc' dir='ltr'><strong><em>φωτιζόμενοι.</em></strong></span> <span class='ocrx_word' id='word_1_175' title='bbox 1409 2728 1411 2734; x_wconf 93' lang='grc'><strong><em>·</em></strong></span> 
     </span>
    </p>
   </div>
   <div class='ocr_carea' id='block_1_2' title="bbox 80 2789 1495 2916">
    <p class='ocr_par' dir='ltr' id='par_1_3' title="bbox 80 2789 1495 2916">
     <span class='ocr_line' id='line_1_22' title="bbox 80 2789 1495 2916; baseline -0.001 -49"><span class='ocrx_word' id='word_1_176' title='bbox 80 2803 142 2868; x_wconf 78' lang='grc' dir='ltr'><strong><em>Καὶ</em></strong></span> <span class='ocrx_word' id='word_1_177' title='bbox 161 2801 251 2914; x_wconf 85' lang='grc' dir='ltr'><strong><em>μετὰ</em></strong></span> <span class='ocrx_word' id='word_1_178' title='bbox 271 2806 373 2869; x_wconf 88' lang='grc' dir='ltr'><strong><em>τοῦτο</em></strong></span> <span class='ocrx_word' id='word_1_179' title='bbox 393 2803 593 2916; x_wconf 87' lang='grc' dir='ltr'><strong><em>κηροττέτω·</em></strong></span> <span class='ocrx_word' id='word_1_180' title='bbox 629 2791 864 2874; x_wconf 84' lang='grc' dir='ltr'><strong><em>Εῦξασθε</em></strong></span> <span class='ocrx_word' id='word_1_181' title='bbox 829 2819 864 2864; x_wconf 93' lang='grc' dir='ltr'><strong><em>οι</em></strong></span> <span class='ocrx_word' id='word_1_182' title='bbox 890 2794 931 2865; x_wconf 81' lang='grc' dir='ltr'><strong><em>ἐν</em></strong></span> <span class='ocrx_word' id='word_1_183' title='bbox 955 2799 1000 2887; x_wconf 80' lang='grc' dir='ltr'><strong><em>τῇ</em></strong></span> <span class='ocrx_word' id='word_1_184' title='bbox 1026 2789 1215 2888; x_wconf 81' lang='grc' dir='ltr'><strong><em>μετανοίᾳ.</em></strong></span> <span class='ocrx_word' id='word_1_185' title='bbox 1257 2793 1355 2866; x_wconf 82' lang='grc' dir='ltr'><strong><em>έκτε-</em></strong></span> <span class='ocrx_word' id='word_1_186' title='bbox 1436 2817 1441 2827; x_wconf 85' lang='grc'><em>’</em></span> <span class='ocrx_word' id='word_1_187' title='bbox 1494 2798 1495 2806; x_wconf 72' lang='grc'>’</span> 
     </span>
    </p>
   </div>
   <div class='ocr_carea' id='block_1_3' title="bbox 80 2887 1353 2992">
    <p class='ocr_par' dir='ltr' id='par_1_4' title="bbox 80 2887 1353 2992">
     <span class='ocr_line' id='line_1_23' title="bbox 80 2887 1353 2992; baseline 0.004 -31"><span class='ocrx_word' id='word_1_188' title='bbox 80 2898 146 2972; x_wconf 83' lang='grc' dir='ltr'><strong><em>τοῦς</em></strong></span> <span class='ocrx_word' id='word_1_189' title='bbox 171 2887 311 2972; x_wconf 89' lang='grc' dir='ltr'><strong><em>ποίντες</em></strong></span> <span class='ocrx_word' id='word_1_190' title='bbox 335 2887 429 2987; x_wconf 82' lang='grc' dir='ltr'><strong><em>ὑπὲρ</em></strong></span> <span class='ocrx_word' id='word_1_191' title='bbox 455 2897 533 2964; x_wconf 84' lang='grc' dir='ltr'><strong><em>τῶν</em></strong></span> <span class='ocrx_word' id='word_1_192' title='bbox 559 2892 600 2964; x_wconf 83' lang='grc' dir='ltr'><strong><em>έν</em></strong></span> <span class='ocrx_word' id='word_1_193' title='bbox 624 2891 804 2990; x_wconf 83' lang='grc' dir='ltr'><strong><em>μετανοίᾳ</em></strong></span> <span class='ocrx_word' id='word_1_194' title='bbox 827 2891 1004 2992; x_wconf 76' lang='grc' dir='ltr'><strong><em>ἀδελφῶν</em></strong></span> <span class='ocrx_word' id='word_1_195' title='bbox 1026 2892 1353 2990; x_wconf 78' lang='grc' dir='ltr'><strong><em>παρακαλέσωμεν,</em></strong></span> 
     </span>
    </p>
   </div>
   <div class='ocr_carea' id='block_1_4' title="bbox 9 3121 1356 4800">
    <p class='ocr_par' dir='ltr' id='par_1_5' title="bbox 78 3121 1356 3362">
     <span class='ocr_line' id='line_1_24' title="bbox 78 3121 1355 3199; baseline 0.002 -23"><span class='ocrx_word' id='word_1_196' title='bbox 78 3123 123 3177; x_wconf 78' lang='grc' dir='ltr'><strong><em>δον</em></strong></span> <span class='ocrx_word' id='word_1_197' title='bbox 139 3121 284 3194; x_wconf 79' lang='grc' dir='ltr'><strong><em>παρούσης</em></strong></span> <span class='ocrx_word' id='word_1_198' title='bbox 301 3124 395 3178; x_wconf 81' lang='grc' dir='ltr'><strong><em>κοιναὶ</em></strong></span> <span class='ocrx_word' id='word_1_199' title='bbox 412 3125 475 3194; x_wconf 77' lang='grc' dir='ltr'><strong><em>περ)</em></strong></span> <span class='ocrx_word' id='word_1_200' title='bbox 493 3121 585 3178; x_wconf 74' lang='grc' dir='ltr'><strong><em>αὐτῶν</em></strong></span> <span class='ocrx_word' id='word_1_201' title='bbox 602 3126 734 3198; x_wconf 81' lang='grc' dir='ltr'><strong><em>λκετηρλαι</em></strong></span> <span class='ocrx_word' id='word_1_202' title='bbox 751 3130 885 3196; x_wconf 76' lang='grc' dir='ltr'><strong><em>γίνωνται</em></strong></span> <span class='ocrx_word' id='word_1_203' title='bbox 900 3123 1015 3182; x_wconf 83' lang='grc' dir='ltr'><strong><em>πόντων</em></strong></span> <span class='ocrx_word' id='word_1_204' title='bbox 1032 3123 1220 3199; x_wconf 77' lang='grc' dir='ltr'><strong><em>ἀμοθομαδδν</em></strong></span> <span class='ocrx_word' id='word_1_205' title='bbox 1236 3124 1355 3180; x_wconf 86' lang='grc' dir='ltr'><strong><em>τάνκοι-</em></strong></span> 
     </span>
     <span class='ocr_line' id='line_1_25' title="bbox 78 3205 1356 3282; baseline 0.002 -23"><span class='ocrx_word' id='word_1_206' title='bbox 78 3205 124 3262; x_wconf 81' lang='grc' dir='ltr'><strong><em>τόν</em></strong></span> <span class='ocrx_word' id='word_1_207' title='bbox 140 3205 284 3274; x_wconf 83' lang='grc' dir='ltr'><strong><em>δεσπότην</em></strong></span> <span class='ocrx_word' id='word_1_208' title='bbox 300 3205 372 3280; x_wconf 72' lang='grc' dir='ltr'><strong><em>ὑπὲρ</em></strong></span> <span class='ocrx_word' id='word_1_209' title='bbox 391 3206 483 3262; x_wconf 77' lang='grc' dir='ltr'><strong><em>αὐτῶν</em></strong></span> <span class='ocrx_word' id='word_1_210' title='bbox 500 3208 701 3280; x_wconf 61' lang='grc' dir='ltr'><strong><em>ἐξαιτουμένων</em></strong></span> <span class='ocrx_word' id='word_1_211' title='bbox 718 3212 766 3264; x_wconf 80' lang='grc' dir='ltr'><strong><em>καλ</em></strong></span> <span class='ocrx_word' id='word_1_212' title='bbox 783 3205 1217 3282; x_wconf 77' lang='grc' dir='ltr'><strong><em>έλεήσαιπαρακαλοῦντωνμετά</em></strong></span> <span class='ocrx_word' id='word_1_213' title='bbox 1230 3211 1356 3282; x_wconf 73' lang='grc' dir='ltr'><strong><em>σφοδρᾶς</em></strong></span> 
     </span>
     <span class='ocr_line' id='line_1_26' title="bbox 78 3297 204 3362; baseline -0.048 -8"><span class='ocrx_word' id='word_1_214' title='bbox 78 3297 204 3362; x_wconf 73' lang='grc' dir='ltr'><strong><em>τῆτβοῆε.</em></strong></span> 
     </span>
    </p>

    <p class='ocr_par' dir='ltr' id='par_1_6' title="bbox 77 3376 1354 3784">
     <span class='ocr_line' id='line_1_27' title="bbox 159 3376 1354 3450; baseline -0.001 -18"><span class='ocrx_word' id='word_1_215' title='bbox 159 3383 183 3442; x_wconf 85' lang='grc' dir='ltr'><strong><em>λ)</em></strong></span> <span class='ocrx_word' id='word_1_216' title='bbox 204 3383 357 3444; x_wconf 76' lang='lat' dir='ltr'><strong>Augusti:</strong></span> <span class='ocrx_word' id='word_1_217' title='bbox 382 3382 437 3444; x_wconf 89' lang='lat' dir='ltr'><strong><em>„Ob</em></strong></span> <span class='ocrx_word' id='word_1_218' title='bbox 462 3381 505 3432; x_wconf 86' lang='grc' dir='ltr'><strong><em>(λετ</em></strong></span> <span class='ocrx_word' id='word_1_219' title='bbox 528 3391 598 3432; x_wconf 81' lang='grc' dir='ltr'><strong><em>εοοεῑ</em></strong></span> <span class='ocrx_word' id='word_1_220' title='bbox 622 3380 787 3444; x_wconf 75' lang='grc' dir='ltr'><strong><em>ςεωολιολίολιε</em></strong></span> <span class='ocrx_word' id='word_1_221' title='bbox 805 3382 891 3432; x_wconf 82' lang='grc' dir='ltr'><strong><em>Ζοεειτ</em></strong></span> <span class='ocrx_word' id='word_1_222' title='bbox 909 3378 946 3432; x_wconf 78' lang='grc' dir='ltr'><strong><em>έν</em></strong></span> <span class='ocrx_word' id='word_1_223' title='bbox 964 3376 1085 3450; x_wconf 77' lang='grc' dir='ltr'><strong><em>εἰρήνη</em></strong></span> <span class='ocrx_word' id='word_1_224' title='bbox 1104 3383 1179 3432; x_wconf 83' lang='lat' dir='ltr'>durch</span> <span class='ocrx_word' id='word_1_225' title='bbox 1198 3382 1276 3432; x_wconf 82' lang='grc' dir='ltr'><strong><em>Ζολιλλ</em></strong></span> <span class='ocrx_word' id='word_1_226' title='bbox 1294 3381 1354 3431; x_wconf 84' lang='lat' dir='ltr'>oder</span> 
     </span>
     <span class='ocr_line' id='line_1_28' title="bbox 78 3465 1353 3529; baseline 0.002 -15"><span class='ocrx_word' id='word_1_227' title='bbox 78 3481 115 3516; x_wconf 81' lang='lat' dir='ltr'><strong><em>uus</em></strong></span> <span class='ocrx_word' id='word_1_228' title='bbox 137 3467 240 3518; x_wconf 75' lang='lat' dir='ltr'><strong>Absicht</strong></span> <span class='ocrx_word' id='word_1_229' title='bbox 262 3465 437 3529; x_wconf 74' lang='lat' dir='ltr'><strong>weggulasseu,</strong></span> <span class='ocrx_word' id='word_1_230' title='bbox 462 3465 521 3517; x_wconf 76' lang='grc' dir='ltr'><strong><em>Ιεεεῑ</em></strong></span> <span class='ocrx_word' id='word_1_231' title='bbox 544 3466 595 3517; x_wconf 84' lang='lat' dir='ltr'><strong>siuh</strong></span> <span class='ocrx_word' id='word_1_232' title='bbox 621 3465 686 3516; x_wconf 78' lang='lat' dir='ltr'>nicht</span> <span class='ocrx_word' id='word_1_233' title='bbox 712 3468 754 3518; x_wconf 81' lang='grc' dir='ltr'><strong><em>ωλι</em></strong></span> <span class='ocrx_word' id='word_1_234' title='bbox 772 3467 914 3518; x_wconf 76' lang='lat' dir='ltr'><strong>Gewisshsit</strong></span> <span class='ocrx_word' id='word_1_235' title='bbox 931 3467 1083 3516; x_wconf 70' lang='lat' dir='ltr'><strong>bestimmeu.</strong></span> <span class='ocrx_word' id='word_1_236' title='bbox 1119 3467 1167 3516; x_wconf 74' lang='lat' dir='ltr'><strong><em>Fur</em></strong></span> <span class='ocrx_word' id='word_1_237' title='bbox 1184 3466 1227 3516; x_wconf 76' lang='lat' dir='ltr'><strong><em>dus</em></strong></span> <span class='ocrx_word' id='word_1_238' title='bbox 1245 3467 1353 3516; x_wconf 76' lang='lat' dir='ltr'><strong>Leuteru</strong></span> 
     </span>
     <span class='ocr_line' id='line_1_29' title="bbox 78 3549 1352 3616; baseline 0.002 -18"><span class='ocrx_word' id='word_1_239' title='bbox 78 3553 164 3614; x_wconf 79' lang='grc' dir='ltr'><strong><em>εμλελιι</em></strong></span> <span class='ocrx_word' id='word_1_240' title='bbox 173 3551 217 3602; x_wconf 80' lang='lat' dir='ltr'><strong><em>der</em></strong></span> <span class='ocrx_word' id='word_1_241' title='bbox 227 3551 356 3611; x_wconf 70' lang='lat' dir='ltr'><strong>Umsuund,</strong></span> <span class='ocrx_word' id='word_1_242' title='bbox 375 3549 432 3600; x_wconf 82' lang='lat' dir='ltr'><strong>duss</strong></span> <span class='ocrx_word' id='word_1_243' title='bbox 441 3550 484 3600; x_wconf 79' lang='lat' dir='ltr'><strong><em>das</em></strong></span> <span class='ocrx_word' id='word_1_244' title='bbox 503 3551 577 3600; x_wconf 82' lang='lat' dir='ltr'><strong>durs</strong></span> <span class='ocrx_word' id='word_1_245' title='bbox 596 3565 704 3616; x_wconf 73' lang='lat' dir='ltr'><strong>puceu]</strong></span> <span class='ocrx_word' id='word_1_246' title='bbox 723 3559 792 3601; x_wconf 84' lang='lat' dir='ltr'><strong>uuust</strong></span> <span class='ocrx_word' id='word_1_247' title='bbox 802 3567 847 3600; x_wconf 87' lang='lat' dir='ltr'><strong><em>nur</em></strong></span> <span class='ocrx_word' id='word_1_248' title='bbox 857 3551 895 3602; x_wconf 83' lang='lat' dir='ltr'><strong><em>bei</em></strong></span> <span class='ocrx_word' id='word_1_249' title='bbox 907 3552 953 3602; x_wconf 85' lang='lat' dir='ltr'><strong><em>deu</em></strong></span> <span class='ocrx_word' id='word_1_250' title='bbox 963 3551 1190 3614; x_wconf 75' lang='grc' dir='ltr'><strong><em>λοιίι-λλίῑηλίετλειο</em></strong></span> <span class='ocrx_word' id='word_1_251' title='bbox 1205 3551 1352 3612; x_wconf 59' lang='lat' dir='ltr'><strong><em>deditum,</em></strong></span> 
     </span>
     <span class='ocr_line' id='line_1_30' title="bbox 78 3631 1354 3698; baseline -0.003 -12"><span class='ocrx_word' id='word_1_252' title='bbox 78 3650 120 3685; x_wconf 77' lang='lat' dir='ltr'><strong><em>ns</em></strong></span> <span class='ocrx_word' id='word_1_253' title='bbox 137 3636 178 3686; x_wconf 79' lang='lat' dir='ltr'><strong><em>diu</em></strong></span> <span class='ocrx_word' id='word_1_254' title='bbox 196 3637 385 3698; x_wconf 78' lang='lat' dir='ltr'><strong>Euergumeuen</strong></span> <span class='ocrx_word' id='word_1_255' title='bbox 404 3635 532 3698; x_wconf 77' lang='lat' dir='ltr'><strong>eigenulieh</strong></span> <span class='ocrx_word' id='word_1_256' title='bbox 551 3636 722 3698; x_wconf 71' lang='lat' dir='ltr'><strong><em>mommsen,</em></strong></span> <span class='ocrx_word' id='word_1_257' title='bbox 750 3636 978 3698; x_wconf 66' lang='lat' dir='ltr'><strong>gebrfiuehliuhist.</strong></span> <span class='ocrx_word' id='word_1_258' title='bbox 1014 3636 1098 3687; x_wconf 80' lang='grc' dir='ltr'><strong><em>Ιοδεεε</em></strong></span> <span class='ocrx_word' id='word_1_259' title='bbox 1122 3636 1184 3686; x_wconf 68' lang='lat' dir='ltr'><strong>sauls</strong></span> <span class='ocrx_word' id='word_1_260' title='bbox 1201 3636 1244 3686; x_wconf 83' lang='lat' dir='ltr'><strong><em>dus</em></strong></span> <span class='ocrx_word' id='word_1_261' title='bbox 1262 3631 1295 3684; x_wconf 73' lang='grc' dir='ltr'><strong><em>ἐν</em></strong></span> <span class='ocrx_word' id='word_1_262' title='bbox 1311 3632 1354 3683; x_wconf 79' lang='grc' dir='ltr'><strong><em>ελ-</em></strong></span> 
     </span>
     <span class='ocr_line' id='line_1_31' title="bbox 77 3713 1013 3788; baseline 0.004 -20"><span class='ocrx_word' id='word_1_263' title='bbox 77 3713 137 3788; x_wconf 76' lang='grc' dir='ltr'><strong><em>ρήνη</em></strong></span> <span class='ocrx_word' id='word_1_264' title='bbox 156 3721 219 3770; x_wconf 78' lang='lat' dir='ltr'><strong>such</strong></span> <span class='ocrx_word' id='word_1_265' title='bbox 238 3721 279 3770; x_wconf 83' lang='lat' dir='ltr'><strong><em>hei</em></strong></span> <span class='ocrx_word' id='word_1_266' title='bbox 297 3721 344 3770; x_wconf 81' lang='lat' dir='ltr'><strong><em>deu</em></strong></span> <span class='ocrx_word' id='word_1_267' title='bbox 362 3720 511 3782; x_wconf 68' lang='lat' dir='ltr'>folgenden,</span> <span class='ocrx_word' id='word_1_268' title='bbox 529 3735 565 3769; x_wconf 85' lang='lat' dir='ltr'><strong><em>wo</em></strong></span> <span class='ocrx_word' id='word_1_269' title='bbox 584 3719 646 3770; x_wconf 87' lang='grc' dir='ltr'><strong><em>(λοολι</em></strong></span> <span class='ocrx_word' id='word_1_270' title='bbox 665 3721 731 3771; x_wconf 77' lang='lat' dir='ltr'><strong>dieue</strong></span> <span class='ocrx_word' id='word_1_271' title='bbox 750 3721 878 3773; x_wconf 78' lang='grc' dir='ltr'><strong><em>λλιλτλείολιῑ</em></strong></span> <span class='ocrx_word' id='word_1_272' title='bbox 895 3719 1013 3784; x_wconf 65' lang='lat' dir='ltr'><strong><em>weguelf</em></strong></span> 
     </span>
    </p>

    <p class='ocr_par' dir='ltr' id='par_1_7' title="bbox 9 3803 1353 4800">
     <span class='ocr_line' id='line_1_32' title="bbox 156 3803 1353 3868; baseline 0 -14"><span class='ocrx_word' id='word_1_273' title='bbox 156 3803 183 3866; x_wconf 84' lang='grc'><strong><em>2)</em></strong></span> <span class='ocrx_word' id='word_1_274' title='bbox 210 3803 432 3856; x_wconf 78' lang='lat' dir='ltr'><strong>Rheiuwuldl.</strong></span> <span class='ocrx_word' id='word_1_275' title='bbox 447 3821 467 3854; x_wconf 86' lang='grc' dir='ltr'><strong><em>ο.</em></strong></span> <span class='ocrx_word' id='word_1_276' title='bbox 487 3803 586 3868; x_wconf 61' lang='lat'><strong>6287:</strong></span> <span class='ocrx_word' id='word_1_277' title='bbox 617 3805 663 3854; x_wconf 73' lang='grc' dir='ltr'><strong><em>λοι·</em></strong></span> <span class='ocrx_word' id='word_1_278' title='bbox 691 3805 783 3856; x_wconf 73' lang='lat' dir='ltr'><strong>diesem</strong></span> <span class='ocrx_word' id='word_1_279' title='bbox 802 3807 878 3858; x_wconf 78' lang='grc' dir='ltr'><strong><em>ῦελιει</em></strong></span> <span class='ocrx_word' id='word_1_280' title='bbox 904 3807 942 3856; x_wconf 76' lang='lat' dir='ltr'><strong><em>mr</em></strong></span> <span class='ocrx_word' id='word_1_281' title='bbox 969 3806 1007 3856; x_wconf 79' lang='lat' dir='ltr'><strong><em>diu</em></strong></span> <span class='ocrx_word' id='word_1_282' title='bbox 1027 3805 1181 3856; x_wconf 80' lang='grc' dir='ltr'><strong><em>Ροεοίιεαῑεα</em></strong></span> <span class='ocrx_word' id='word_1_283' title='bbox 1208 3806 1289 3856; x_wconf 80' lang='grc' dir='ltr'><strong><em>Ιεεεεο</em></strong></span> <span class='ocrx_word' id='word_1_284' title='bbox 1313 3805 1353 3854; x_wconf 71' lang='lat' dir='ltr'><strong><em>diu</em></strong></span> 
     </span>
     <span class='ocr_line' id='line_1_33' title="bbox 76 3880 1353 3956; baseline -0.002 -18"><span class='ocrx_word' id='word_1_285' title='bbox 76 3887 153 3939; x_wconf 65' lang='grc' dir='ltr'><strong><em>(τοτα</em></strong></span> <span class='ocrx_word' id='word_1_286' title='bbox 172 3891 258 3954; x_wconf 81' lang='grc' dir='ltr'><strong><em>λροεῑ.</em></strong></span> <span class='ocrx_word' id='word_1_287' title='bbox 278 3889 341 3938; x_wconf 83' lang='lat' dir='ltr'>noch</span> <span class='ocrx_word' id='word_1_288' title='bbox 360 3889 398 3938; x_wconf 86' lang='lat' dir='ltr'><strong><em>eiu</em></strong></span> <span class='ocrx_word' id='word_1_289' title='bbox 412 3890 486 3940; x_wconf 80' lang='lat' dir='ltr'>Gebel</span> <span class='ocrx_word' id='word_1_290' title='bbox 504 3890 542 3940; x_wconf 79' lang='grc' dir='ltr'><strong><em>λοι</em></strong></span> <span class='ocrx_word' id='word_1_291' title='bbox 560 3890 598 3938; x_wconf 83' lang='lat' dir='ltr'><strong><em>die</em></strong></span> <span class='ocrx_word' id='word_1_292' title='bbox 617 3889 688 3938; x_wconf 70' lang='lat' dir='ltr'>drino</span> <span class='ocrx_word' id='word_1_293' title='bbox 700 3890 783 3940; x_wconf 73' lang='lat' dir='ltr'><strong>Classe</strong></span> <span class='ocrx_word' id='word_1_294' title='bbox 796 3891 840 3941; x_wconf 78' lang='grc' dir='ltr'><strong><em>ἀει·</em></strong></span> <span class='ocrx_word' id='word_1_295' title='bbox 850 3891 1043 3942; x_wconf 77' lang='grc' dir='ltr'><strong><em>ῦειεελιαωεοεο</em></strong></span> <span class='ocrx_word' id='word_1_296' title='bbox 1061 3880 1266 3956; x_wconf 80' lang='grc' dir='ltr'><strong><em>(προςεροίνησις</em></strong></span> <span class='ocrx_word' id='word_1_297' title='bbox 1282 3881 1353 3953; x_wconf 74' lang='grc' dir='ltr'><strong><em>ὑπὲρ</em></strong></span> 
     </span>
     <span class='ocr_line' id='line_1_34' title="bbox 77 3970 1351 4039; baseline 0.002 -21"><span class='ocrx_word' id='word_1_298' title='bbox 77 3970 125 4022; x_wconf 72' lang='grc' dir='ltr'><strong><em>τᾶν</em></strong></span> <span class='ocrx_word' id='word_1_299' title='bbox 140 3971 366 4038; x_wconf 74' lang='grc' dir='ltr'><strong><em>βαπτιζομένων)</em></strong></span> <span class='ocrx_word' id='word_1_300' title='bbox 383 3972 473 4036; x_wconf 74' lang='lat' dir='ltr'><strong>fulgen,</strong></span> <span class='ocrx_word' id='word_1_301' title='bbox 500 3973 605 4023; x_wconf 83' lang='lat' dir='ltr'><strong>welches</strong></span> <span class='ocrx_word' id='word_1_302' title='bbox 623 3973 684 4023; x_wconf 86' lang='grc' dir='ltr'><strong><em>οοολι</em></strong></span> <span class='ocrx_word' id='word_1_303' title='bbox 701 3973 847 4024; x_wconf 82' lang='grc' dir='ltr'><strong><em>Νεεοδει</em></strong></span> <span class='ocrx_word' id='word_1_304' title='bbox 864 3973 1061 4037; x_wconf 78' lang='lat' dir='ltr'><strong>(Rirchungusch.</strong></span> <span class='ocrx_word' id='word_1_305' title='bbox 1079 3975 1121 4024; x_wconf 83' lang='lat' dir='ltr'><strong><em>Bd.</em></strong></span> <span class='ocrx_word' id='word_1_306' title='bbox 1134 3973 1158 4023; x_wconf 79' lang='lat'><strong><em>2.</em></strong></span> <span class='ocrx_word' id='word_1_307' title='bbox 1175 3990 1200 4039; x_wconf 84' lang='lat' dir='ltr'><strong><em>p.</em></strong></span> <span class='ocrx_word' id='word_1_308' title='bbox 1211 3973 1270 4033; x_wconf 81' lang='grc'><strong>695)</strong></span> <span class='ocrx_word' id='word_1_309' title='bbox 1288 3972 1351 4021; x_wconf 86' lang='lat' dir='ltr'>wohl</span> 
     </span>
     <span class='ocr_line' id='line_1_35' title="bbox 77 4055 1350 4121; baseline 0.001 -17"><span class='ocrx_word' id='word_1_310' title='bbox 77 4059 110 4106; x_wconf 80' lang='lat' dir='ltr'><strong><em>uie</em></strong></span> <span class='ocrx_word' id='word_1_311' title='bbox 128 4059 151 4107; x_wconf 85' lang='lat' dir='ltr'><strong><em>iu</em></strong></span> <span class='ocrx_word' id='word_1_312' title='bbox 169 4058 215 4108; x_wconf 78' lang='lat' dir='ltr'><strong><em>der</em></strong></span> <span class='ocrx_word' id='word_1_313' title='bbox 233 4057 317 4108; x_wconf 79' lang='lat' dir='ltr'><strong>Praxis</strong></span> <span class='ocrx_word' id='word_1_314' title='bbox 335 4057 445 4108; x_wconf 79' lang='grc' dir='ltr'><strong><em>λιεειιοελ.</em></strong></span> <span class='ocrx_word' id='word_1_315' title='bbox 482 4057 668 4121; x_wconf 63' lang='lat' dir='ltr'><strong>chrysostomus</strong></span> <span class='ocrx_word' id='word_1_316' title='bbox 686 4058 801 4121; x_wconf 72' lang='lat' dir='ltr'><strong><em>schweigt</em></strong></span> <span class='ocrx_word' id='word_1_317' title='bbox 818 4073 867 4110; x_wconf 84' lang='grc' dir='ltr'><strong><em>ιοο</em></strong></span> <span class='ocrx_word' id='word_1_318' title='bbox 886 4060 964 4109; x_wconf 86' lang='lat' dir='ltr'><strong>uinum</strong></span> <span class='ocrx_word' id='word_1_319' title='bbox 982 4057 1082 4108; x_wconf 84' lang='grc' dir='ltr'><strong><em>εολολιεο</em></strong></span> <span class='ocrx_word' id='word_1_320' title='bbox 1093 4060 1183 4121; x_wconf 73' lang='lat'><strong>6663</strong></span> <span class='ocrx_word' id='word_1_321' title='bbox 1201 4057 1263 4107; x_wconf 85' lang='grc' dir='ltr'><strong><em>ιοελι</em></strong></span> <span class='ocrx_word' id='word_1_322' title='bbox 1277 4055 1350 4105; x_wconf 80' lang='lat' dir='ltr'><strong>Cous.</strong></span> 
     </span>
     <span class='ocr_line' id='line_1_36' title="bbox 75 4135 1352 4211; baseline -0.004 -21"><span class='ocrx_word' id='word_1_323' title='bbox 75 4139 145 4192; x_wconf 81' lang='grc' dir='ltr'><strong><em>λιοά</em></strong></span> <span class='ocrx_word' id='word_1_324' title='bbox 164 4159 184 4192; x_wconf 85' lang='grc' dir='ltr'><strong><em>ε.</em></strong></span> <span class='ocrx_word' id='word_1_325' title='bbox 196 4143 243 4193; x_wconf 79' lang='lat'><strong><em>¹9:</em></strong></span> <span class='ocrx_word' id='word_1_326' title='bbox 261 4137 394 4211; x_wconf 77' lang='grc' dir='ltr'><strong><em>περὶτοῦ</em></strong></span> <span class='ocrx_word' id='word_1_327' title='bbox 412 4137 472 4190; x_wconf 81' lang='grc' dir='ltr'><strong><em>δεῖν</em></strong></span> <span class='ocrx_word' id='word_1_328' title='bbox 489 4137 547 4204; x_wconf 80' lang='grc' dir='ltr'><strong><em>λδλρ</em></strong></span> <span class='ocrx_word' id='word_1_329' title='bbox 565 4139 684 4204; x_wconf 83' lang='grc' dir='ltr'><strong><em>πρῶτον,</em></strong></span> <span class='ocrx_word' id='word_1_330' title='bbox 701 4135 774 4207; x_wconf 77' lang='grc' dir='ltr'><strong><em>μετὰ</em></strong></span> <span class='ocrx_word' id='word_1_331' title='bbox 792 4137 839 4198; x_wconf 86' lang='grc' dir='ltr'><strong><em>τάς</em></strong></span> <span class='ocrx_word' id='word_1_332' title='bbox 856 4135 966 4210; x_wconf 79' lang='grc' dir='ltr'><strong><em>ἀμελίας</em></strong></span> <span class='ocrx_word' id='word_1_333' title='bbox 982 4140 1035 4192; x_wconf 79' lang='grc' dir='ltr'><strong><em>ταῖν</em></strong></span> <span class='ocrx_word' id='word_1_334' title='bbox 1053 4136 1213 4191; x_wconf 74' lang='grc' dir='ltr'><strong><em>ἐπισκόπων</em></strong></span> <span class='ocrx_word' id='word_1_335' title='bbox 1224 4136 1271 4188; x_wconf 83' lang='grc' dir='ltr'><strong><em>τιαλ</em></strong></span> <span class='ocrx_word' id='word_1_336' title='bbox 1286 4136 1328 4186; x_wconf 84' lang='grc' dir='ltr'><strong><em>τῦ</em></strong></span> <span class='ocrx_word' id='word_1_337' title='bbox 1334 4150 1352 4186; x_wconf 93' lang='grc' dir='ltr'><strong><em>ν</em></strong></span> 
     </span>
     <span class='ocr_line' id='line_1_37' title="bbox 76 4218 1351 4294; baseline 0.001 -23"><span class='ocrx_word' id='word_1_338' title='bbox 76 4225 353 4294; x_wconf 72' lang='grc' dir='ltr'><strong><em>κατηγεομένων</em></strong></span> <span class='ocrx_word' id='word_1_339' title='bbox 370 4218 477 4290; x_wconf 79' lang='grc' dir='ltr'><strong><em>εὐχήν</em></strong></span> <span class='ocrx_word' id='word_1_340' title='bbox 495 4221 689 4275; x_wconf 72' lang='grc' dir='ltr'><strong><em>ἐπιτελεῖσθαι.</em></strong></span> <span class='ocrx_word' id='word_1_341' title='bbox 715 4223 763 4275; x_wconf 80' lang='grc' dir='ltr'><strong><em>καλ</em></strong></span> <span class='ocrx_word' id='word_1_342' title='bbox 778 4219 849 4291; x_wconf 85' lang='grc' dir='ltr'><strong><em>μετά</em></strong></span> <span class='ocrx_word' id='word_1_343' title='bbox 865 4220 896 4278; x_wconf 85' lang='grc' dir='ltr'><strong><em>ιδ</em></strong></span> <span class='ocrx_word' id='word_1_344' title='bbox 913 4221 1036 4284; x_wconf 71' lang='grc' dir='ltr'><strong><em>ἐξελθεῖν</em></strong></span> <span class='ocrx_word' id='word_1_345' title='bbox 1049 4219 1351 4293; x_wconf 72' lang='grc' dir='ltr'><strong><em>τοάςιιατηηουμένοος,</em></strong></span> 
     </span>
     <span class='ocr_line' id='line_1_38' title="bbox 76 4300 1351 4378; baseline 0.002 -22"><span class='ocrx_word' id='word_1_346' title='bbox 76 4306 124 4358; x_wconf 71' lang='grc' dir='ltr'><strong><em>τᾶν</em></strong></span> <span class='ocrx_word' id='word_1_347' title='bbox 141 4307 174 4360; x_wconf 79' lang='grc' dir='ltr'><strong><em>έν</em></strong></span> <span class='ocrx_word' id='word_1_348' title='bbox 190 4310 329 4378; x_wconf 76' lang='grc' dir='ltr'><strong><em>μετανοίᾳ</em></strong></span> <span class='ocrx_word' id='word_1_349' title='bbox 347 4300 397 4374; x_wconf 84' lang='grc' dir='ltr'><strong><em>τήν</em></strong></span> <span class='ocrx_word' id='word_1_350' title='bbox 413 4303 497 4376; x_wconf 78' lang='grc' dir='ltr'><strong><em>εὐχήν</em></strong></span> <span class='ocrx_word' id='word_1_351' title='bbox 514 4311 652 4376; x_wconf 77' lang='grc' dir='ltr'><strong><em>γίνεσθαι.</em></strong></span> <span class='ocrx_word' id='word_1_352' title='bbox 686 4311 812 4362; x_wconf 81' lang='grc' dir='ltr'><strong><em>λλίελλείολιλ</em></strong></span> <span class='ocrx_word' id='word_1_353' title='bbox 834 4313 915 4364; x_wconf 79' lang='lat' dir='ltr'><strong>wurdu</strong></span> <span class='ocrx_word' id='word_1_354' title='bbox 941 4313 1020 4362; x_wconf 78' lang='lat' dir='ltr'><strong>dieses</strong></span> <span class='ocrx_word' id='word_1_355' title='bbox 1040 4310 1116 4362; x_wconf 73' lang='lat' dir='ltr'><strong>Gsbut</strong></span> <span class='ocrx_word' id='word_1_356' title='bbox 1137 4309 1161 4358; x_wconf 90' lang='lat' dir='ltr'><strong><em>iu</em></strong></span> <span class='ocrx_word' id='word_1_357' title='bbox 1180 4307 1223 4358; x_wconf 83' lang='lat' dir='ltr'><strong><em>der</em></strong></span> <span class='ocrx_word' id='word_1_358' title='bbox 1240 4307 1292 4359; x_wconf 72' lang='lat' dir='ltr'><strong>Zeis</strong></span> <span class='ocrx_word' id='word_1_359' title='bbox 1308 4323 1351 4358; x_wconf 83' lang='lat' dir='ltr'><strong><em>vor</em></strong></span> 
     </span>
     <span class='ocr_line' id='line_1_39' title="bbox 76 4391 1350 4461; baseline 0 -19"><span class='ocrx_word' id='word_1_360' title='bbox 76 4393 116 4444; x_wconf 76' lang='grc' dir='ltr'><strong><em>λετ</em></strong></span> <span class='ocrx_word' id='word_1_361' title='bbox 135 4395 320 4446; x_wconf 78' lang='lat' dir='ltr'><strong>Tuusseumiuen</strong></span> <span class='ocrx_word' id='word_1_362' title='bbox 338 4391 511 4460; x_wconf 73' lang='lat' dir='ltr'><strong>gespuochuu?</strong></span> <span class='ocrx_word' id='word_1_363' title='bbox 545 4395 610 4446; x_wconf 79' lang='lat' dir='ltr'><strong>Auch</strong></span> <span class='ocrx_word' id='word_1_364' title='bbox 628 4395 668 4446; x_wconf 83' lang='lat' dir='ltr'><strong><em>diu</em></strong></span> <span class='ocrx_word' id='word_1_365' title='bbox 685 4404 781 4461; x_wconf 71' lang='grc' dir='ltr'><strong><em>ερλλειε</em></strong></span> <span class='ocrx_word' id='word_1_366' title='bbox 799 4397 948 4460; x_wconf 73' lang='grc' dir='ltr'><strong><em>ητὶεολιίεολε</em></strong></span> <span class='ocrx_word' id='word_1_367' title='bbox 965 4396 1070 4460; x_wconf 76' lang='lat' dir='ltr'><strong>Lilurgie</strong></span> <span class='ocrx_word' id='word_1_368' title='bbox 1089 4391 1180 4444; x_wconf 77' lang='grc' dir='ltr'><strong><em>εοιλιελι</em></strong></span> <span class='ocrx_word' id='word_1_369' title='bbox 1198 4392 1236 4442; x_wconf 85' lang='lat' dir='ltr'><strong><em>ein</em></strong></span> <span class='ocrx_word' id='word_1_370' title='bbox 1253 4392 1350 4442; x_wconf 79' lang='lat' dir='ltr'><strong>solches</strong></span> 
     </span>
     <span class='ocr_line' id='line_1_40' title="bbox 77 4469 1349 4548; baseline -0.006 -18"><span class='ocrx_word' id='word_1_371' title='bbox 77 4481 152 4536; x_wconf 73' lang='lat'><strong>6026</strong></span> <span class='ocrx_word' id='word_1_372' title='bbox 171 4481 273 4532; x_wconf 83' lang='lat' dir='ltr'><strong>Euchul.</strong></span> <span class='ocrx_word' id='word_1_373' title='bbox 292 4479 403 4547; x_wconf 79' lang='grc' dir='ltr'><strong><em>ρ.281);</em></strong></span> <span class='ocrx_word' id='word_1_374' title='bbox 422 4475 543 4529; x_wconf 84' lang='grc' dir='ltr'><strong><em>δέσποτα</em></strong></span> <span class='ocrx_word' id='word_1_375' title='bbox 562 4470 647 4546; x_wconf 81' lang='grc' dir='ltr'><strong><em>κύριε,</em></strong></span> <span class='ocrx_word' id='word_1_376' title='bbox 666 4473 680 4528; x_wconf 89' lang='lat'><strong><em>6</em></strong></span> <span class='ocrx_word' id='word_1_377' title='bbox 699 4473 763 4536; x_wconf 79' lang='grc' dir='ltr'><strong><em>θεὸς</em></strong></span> <span class='ocrx_word' id='word_1_378' title='bbox 779 4471 867 4548; x_wconf 80' lang='grc' dir='ltr'><strong><em>ἧμαλν,</em></strong></span> <span class='ocrx_word' id='word_1_379' title='bbox 886 4473 1068 4548; x_wconf 82' lang='grc' dir='ltr'><strong><em>προςιιτίλεοαι</em></strong></span> <span class='ocrx_word' id='word_1_380' title='bbox 1087 4469 1149 4531; x_wconf 85' lang='grc' dir='ltr'><strong><em>τοῦς</em></strong></span> <span class='ocrx_word' id='word_1_381' title='bbox 1166 4470 1282 4531; x_wconf 71' lang='grc' dir='ltr'><strong><em>δούλους</em></strong></span> <span class='ocrx_word' id='word_1_382' title='bbox 1298 4487 1349 4524; x_wconf 90' lang='grc' dir='ltr'><strong><em>σου</em></strong></span> 
     </span>
     <span class='ocr_line' id='line_1_41' title="bbox 9 4551 1347 4632; baseline -0.005 -19"><span class='ocrx_word' id='word_1_383' title='bbox 9 4559 10 4586; x_wconf 63' lang='lat'>¹</span> <span class='ocrx_word' id='word_1_384' title='bbox 77 4559 139 4630; x_wconf 73' lang='grc' dir='ltr'><strong><em>πρὸς</em></strong></span> <span class='ocrx_word' id='word_1_385' title='bbox 156 4563 185 4614; x_wconf 81' lang='grc' dir='ltr'><strong><em>τὸ</em></strong></span> <span class='ocrx_word' id='word_1_386' title='bbox 203 4559 288 4632; x_wconf 75' lang='grc' dir='ltr'><strong><em>ἅγιον</em></strong></span> <span class='ocrx_word' id='word_1_387' title='bbox 306 4575 357 4614; x_wconf 87' lang='grc' dir='ltr'><strong><em>σου</em></strong></span> <span class='ocrx_word' id='word_1_388' title='bbox 376 4557 517 4631; x_wconf 76' lang='grc' dir='ltr'><strong><em>ηώτισμα.</em></strong></span> <span class='ocrx_word' id='word_1_389' title='bbox 552 4561 600 4612; x_wconf 83' lang='grc' dir='ltr'><strong><em>καλ</em></strong></span> <span class='ocrx_word' id='word_1_390' title='bbox 616 4561 787 4619; x_wconf 77' lang='grc' dir='ltr'><strong><em>καταξέωσον</em></strong></span> <span class='ocrx_word' id='word_1_391' title='bbox 804 4558 904 4621; x_wconf 80' lang='grc' dir='ltr'><strong><em>αὐτοὺς</em></strong></span> <span class='ocrx_word' id='word_1_392' title='bbox 921 4561 965 4626; x_wconf 82' lang='grc' dir='ltr'><strong><em>τῆς</em></strong></span> <span class='ocrx_word' id='word_1_393' title='bbox 980 4552 1103 4629; x_wconf 78' lang='grc' dir='ltr'><strong><em>μεγάλης</em></strong></span> <span class='ocrx_word' id='word_1_394' title='bbox 1116 4551 1214 4621; x_wconf 73' lang='grc' dir='ltr'><strong><em>ταύτης</em></strong></span> <span class='ocrx_word' id='word_1_395' title='bbox 1227 4553 1347 4625; x_wconf 78' lang='grc' dir='ltr'><strong><em>χάριτος,</em></strong></span> 
     </span>
     <span class='ocr_line' id='line_1_42' title="bbox 9 4637 1350 4716; baseline 0.001 -24"><span class='ocrx_word' id='word_1_396' title='bbox 9 4671 10 4708; x_wconf 74' lang='grc'><strong>)</strong></span> <span class='ocrx_word' id='word_1_397' title='bbox 77 4649 119 4694; x_wconf 76' lang='grc' dir='ltr'><strong><em>τοῦ</em></strong></span> <span class='ocrx_word' id='word_1_398' title='bbox 138 4643 221 4715; x_wconf 79' lang='grc' dir='ltr'><strong><em>ἀγλοο</em></strong></span> <span class='ocrx_word' id='word_1_399' title='bbox 245 4661 298 4701; x_wconf 89' lang='grc' dir='ltr'><strong><em>σου</em></strong></span> <span class='ocrx_word' id='word_1_400' title='bbox 321 4649 521 4716; x_wconf 76' lang='grc' dir='ltr'><strong><em>βαπτίσματος.</em></strong></span> <span class='ocrx_word' id='word_1_401' title='bbox 557 4642 704 4698; x_wconf 85' lang='grc' dir='ltr'><strong><em>ἀπόδοσον</em></strong></span> <span class='ocrx_word' id='word_1_402' title='bbox 728 4641 819 4701; x_wconf 77' lang='grc' dir='ltr'><strong><em>αὐτῶν</em></strong></span> <span class='ocrx_word' id='word_1_403' title='bbox 836 4645 884 4713; x_wconf 85' lang='grc' dir='ltr'><strong><em>τὴν</em></strong></span> <span class='ocrx_word' id='word_1_404' title='bbox 901 4638 1079 4710; x_wconf 81' lang='grc' dir='ltr'><strong><em>παλαιότητα,</em></strong></span> <span class='ocrx_word' id='word_1_405' title='bbox 1095 4642 1142 4694; x_wconf 85' lang='grc' dir='ltr'><strong><em>καλ</em></strong></span> <span class='ocrx_word' id='word_1_406' title='bbox 1160 4637 1350 4710; x_wconf 78' lang='grc' dir='ltr'><strong><em>ἀναγέννησον</em></strong></span> 
     </span>
     <span class='ocr_line' id='line_1_43' title="bbox 77 4725 606 4800; baseline 0.015 -22"><span class='ocrx_word' id='word_1_407' title='bbox 77 4725 170 4792; x_wconf 75' lang='grc' dir='ltr'><strong><em>αὐτοῦς</em></strong></span> <span class='ocrx_word' id='word_1_408' title='bbox 185 4733 224 4794; x_wconf 81' lang='grc' dir='ltr'><strong><em>ελς</em></strong></span> <span class='ocrx_word' id='word_1_409' title='bbox 239 4727 290 4799; x_wconf 83' lang='grc' dir='ltr'><strong><em>τήν</em></strong></span> <span class='ocrx_word' id='word_1_410' title='bbox 308 4727 382 4800; x_wconf 76' lang='grc' dir='ltr'><strong><em>ζωήν</em></strong></span> <span class='ocrx_word' id='word_1_411' title='bbox 398 4725 449 4798; x_wconf 83' lang='grc' dir='ltr'><strong><em>τήν</em></strong></span> <span class='ocrx_word' id='word_1_412' title='bbox 464 4725 606 4786; x_wconf 76' lang='grc' dir='ltr'><strong><em>αλαίνιον.“</em></strong></span> 
     </span>
    </p>
   </div>
   <div class='ocr_carea' id='block_1_5' title="bbox 0 0 1702 5308">
    <p class='ocr_par' dir='ltr' id='par_1_8' title="bbox 0 0 1702 5308">
     <span class='ocr_line' id='line_1_44' title="bbox 0 0 1702 5308; baseline 0 2"><span class='ocrx_word' id='word_1_413' title='bbox 0 0 1702 5308; x_wconf 95' lang='lat' dir='ltr'><strong><em> </em></strong></span> 
     </span>
    </p>
   </div>
  </div>
 </body>
</html>
