<?xml version="1.0" encoding="UTF-8"?>
<!DOCTYPE html PUBLIC "-//W3C//DTD XHTML 1.0 Transitional//EN"
    "http://www.w3.org/TR/xhtml1/DTD/xhtml1-transitional.dtd">
<html xmlns="http://www.w3.org/1999/xhtml" xml:lang="en" lang="en">
 <head>
  <title>
</title>
<meta http-equiv="Content-Type" content="text/html;charset=utf-8" />
  <meta name='ocr-system' content='tesseract 3.04.00' />
  <meta name='ocr-capabilities' content='ocr_page ocr_carea ocr_par ocr_line ocrx_word'/>
</head>
<body>
  <div class='ocr_page' id='page_1' title='image "./codexliturgicus04danigoog/codexliturgicus04danigoog_0648.png"; bbox 0 0 3388 5304; ppageno 0'>
   <div class='ocr_carea' id='block_1_1' title="bbox 726 415 801 490">
    <p class='ocr_par' dir='ltr' id='par_1_1' title="bbox 726 415 801 490">
     <span class='ocr_line' id='line_1_1' title="bbox 726 415 801 490; baseline 0 0"><span class='ocrx_word' id='word_1_1' title='bbox 726 415 801 490; x_wconf 76' lang='lat'><strong><em>623</em></strong></span> 
     </span>
    </p>
   </div>
   <div class='ocr_carea' id='block_1_2' title="bbox 125 590 1403 1198">
    <p class='ocr_par' dir='ltr' id='par_1_2' title="bbox 125 590 1403 1198">
     <span class='ocr_line' id='line_1_2' title="bbox 618 590 814 668; baseline 0.01 -3"><span class='ocrx_word' id='word_1_2' title='bbox 618 647 621 654; x_wconf 78' lang='lat'>-</span> <span class='ocrx_word' id='word_1_3' title='bbox 717 590 814 668; x_wconf 82' lang='grc' dir='ltr'><strong><em>Βέτα.</em></strong></span> 
     </span>
     <span class='ocr_line' id='line_1_3' title="bbox 204 693 980 804; baseline 0.01 -36"><span class='ocrx_word' id='word_1_4' title='bbox 204 693 374 792; x_wconf 74' lang='grc' dir='ltr'><strong><em>Ἐλέησον</em></strong></span> <span class='ocrx_word' id='word_1_5' title='bbox 397 695 497 794; x_wconf 81' lang='grc' dir='ltr'><strong><em>ἡμᾶς</em></strong></span> <span class='ocrx_word' id='word_1_6' title='bbox 522 697 543 773; x_wconf 91' lang='lat'><strong><em>5</em></strong></span> <span class='ocrx_word' id='word_1_7' title='bbox 572 697 660 784; x_wconf 82' lang='grc' dir='ltr'><em>Θεὸς</em></span> <span class='ocrx_word' id='word_1_8' title='bbox 683 699 780 776; x_wconf 83' lang='grc' dir='ltr'><strong><em>κατὰ</em></strong></span> <span class='ocrx_word' id='word_1_9' title='bbox 805 701 848 776; x_wconf 88' lang='grc' dir='ltr'><strong><em>τὸ</em></strong></span> <span class='ocrx_word' id='word_1_10' title='bbox 872 701 980 804; x_wconf 85' lang='grc' dir='ltr'><strong><em>μίγα.</em></strong></span> 
     </span>
     <span class='ocr_line' id='line_1_4' title="bbox 203 794 1402 907; baseline 0.008 -35"><span class='ocrx_word' id='word_1_11' title='bbox 203 795 280 872; x_wconf 78' lang='grc' dir='ltr'><strong><em>Ἔτι</em></strong></span> <span class='ocrx_word' id='word_1_12' title='bbox 297 794 465 894; x_wconf 87' lang='grc' dir='ltr'><strong><em>δεόμεθα</em></strong></span> <span class='ocrx_word' id='word_1_13' title='bbox 481 798 574 896; x_wconf 79' lang='grc' dir='ltr'><strong><em>ὑπὲρ</em></strong></span> <span class='ocrx_word' id='word_1_14' title='bbox 591 801 724 892; x_wconf 85' lang='grc' dir='ltr'><strong><em>ἐλίους,</em></strong></span> <span class='ocrx_word' id='word_1_15' title='bbox 746 802 852 900; x_wconf 82' lang='grc' dir='ltr'><strong><em>ζωῆς,</em></strong></span> <span class='ocrx_word' id='word_1_16' title='bbox 873 801 1030 900; x_wconf 85' lang='grc' dir='ltr'><strong><em>εέρήνης,</em></strong></span> <span class='ocrx_word' id='word_1_17' title='bbox 1050 801 1188 907; x_wconf 84' lang='grc' dir='ltr'><strong><em>ὑγείας,</em></strong></span> <span class='ocrx_word' id='word_1_18' title='bbox 1207 807 1402 906; x_wconf 80' lang='grc' dir='ltr'><strong><em>σωτηρίας.</em></strong></span> 
     </span>
     <span class='ocr_line' id='line_1_5' title="bbox 208 897 1241 1004; baseline 0.011 -32"><span class='ocrx_word' id='word_1_19' title='bbox 208 897 322 997; x_wconf 77' lang='grc' dir='ltr'><strong><em>Ὑπὲρ</em></strong></span> <span class='ocrx_word' id='word_1_20' title='bbox 339 909 408 977; x_wconf 88' lang='grc' dir='ltr'><strong><em>τοῦ</em></strong></span> <span class='ocrx_word' id='word_1_21' title='bbox 433 905 739 1004; x_wconf 71' lang='grc' dir='ltr'><strong><em>συγχωρηθῆναι·</em></strong></span> <span class='ocrx_word' id='word_1_22' title='bbox 753 906 858 1003; x_wconf 76' lang='grc' dir='ltr'><strong><em>αὐτῷ</em></strong></span> <span class='ocrx_word' id='word_1_23' title='bbox 883 913 961 981; x_wconf 81' lang='grc' dir='ltr'><strong><em>πᾶν</em></strong></span> <span class='ocrx_word' id='word_1_24' title='bbox 985 907 1241 1004; x_wconf 75' lang='grc' dir='ltr'><strong><em>πλημμέλημα.</em></strong></span> 
     </span>
     <span class='ocr_line' id='line_1_6' title="bbox 157 999 1403 1188; baseline 0.049 -163"><span class='ocrx_word' id='word_1_25' title='bbox 157 1100 166 1130; x_wconf 64' lang='lat'>,</span> <span class='ocrx_word' id='word_1_26' title='bbox 201 999 291 1188; x_wconf 45' lang='lat'><strong><em>033}</em></strong></span> <span class='ocrx_word' id='word_1_27' title='bbox 312 999 476 1099; x_wconf 83' lang='grc' dir='ltr'><strong><em>ἐλεήμων</em></strong></span> <span class='ocrx_word' id='word_1_28' title='bbox 495 1003 565 1078; x_wconf 78' lang='grc' dir='ltr'><strong><em>καὶ</em></strong></span> <span class='ocrx_word' id='word_1_29' title='bbox 589 1001 860 1105; x_wconf 87' lang='grc' dir='ltr'><strong><em>φιλάνθρωπος</em></strong></span> <span class='ocrx_word' id='word_1_30' title='bbox 885 1007 906 1082; x_wconf 97' lang='lat'><strong><em>5</em></strong></span> <span class='ocrx_word' id='word_1_31' title='bbox 937 1006 1024 1091; x_wconf 84' lang='grc' dir='ltr'><strong><em>Θεὸς</em></strong></span> <span class='ocrx_word' id='word_1_32' title='bbox 1050 1004 1227 1108; x_wconf 80' lang='grc' dir='ltr'><em>ὑπάρχεις</em></span> <span class='ocrx_word' id='word_1_33' title='bbox 1252 1009 1316 1086; x_wconf 79' lang='grc' dir='ltr'><strong><em>καὶ</em></strong></span> <span class='ocrx_word' id='word_1_34' title='bbox 1343 1009 1403 1088; x_wconf 82' lang='grc' dir='ltr'><strong><em>σοὶ</em></strong></span> 
     </span>
     <span class='ocr_line' id='line_1_7' title="bbox 125 1129 1044 1198; baseline 0.009 -22"><span class='ocrx_word' id='word_1_35' title='bbox 125 1129 198 1198; x_wconf 88' lang='grc' dir='ltr'><strong><em>την</em></strong></span> <span class='ocrx_word' id='word_1_36' title='bbox 290 1131 351 1178; x_wconf 91' lang='grc' dir='ltr'><strong><em>αν.</em></strong></span> <span class='ocrx_word' id='word_1_37' title='bbox 1040 1136 1044 1148; x_wconf 93' lang='grc'><strong><em>·</em></strong></span> 
     </span>
    </p>
   </div>
   <div class='ocr_carea' id='block_1_3' title="bbox 651 1233 874 1329">
    <p class='ocr_par' dir='ltr' id='par_1_3' title="bbox 651 1233 874 1329">
     <span class='ocr_line' id='line_1_8' title="bbox 651 1233 874 1329; baseline 0.009 -23"><span class='ocrx_word' id='word_1_38' title='bbox 651 1235 763 1329; x_wconf 63' lang='lat' dir='ltr'>licii}</span> <span class='ocrx_word' id='word_1_39' title='bbox 787 1233 874 1328; x_wconf 84' lang='grc' dir='ltr'><strong><em>εῦχή.</em></strong></span> 
     </span>
    </p>
   </div>
   <div class='ocr_carea' id='block_1_4' title="bbox 527 1407 1008 1507">
    <p class='ocr_par' dir='ltr' id='par_1_4' title="bbox 527 1407 1008 1507">
     <span class='ocr_line' id='line_1_9' title="bbox 527 1407 1008 1507; baseline 0.004 -25"><span class='ocrx_word' id='word_1_40' title='bbox 527 1414 603 1486; x_wconf 85' lang='grc' dir='ltr'><strong><em>Τοῦ</em></strong></span> <span class='ocrx_word' id='word_1_41' title='bbox 628 1407 771 1506; x_wconf 78' lang='grc' dir='ltr'><strong><em>Κυρίου</em></strong></span> <span class='ocrx_word' id='word_1_42' title='bbox 798 1409 1008 1507; x_wconf 84' lang='grc' dir='ltr'><strong><em>δεηθῶμεν.</em></strong></span> 
     </span>
    </p>
   </div>
   <div class='ocr_carea' id='block_1_5' title="bbox 71 1555 1404 1895">
    <p class='ocr_par' dir='ltr' id='par_1_5' title="bbox 71 1555 1404 1895">
     <span class='ocr_line' id='line_1_10' title="bbox 207 1555 1404 1664; baseline 0.007 -32"><span class='ocrx_word' id='word_1_43' title='bbox 207 1557 376 1656; x_wconf 74' lang='grc' dir='ltr'><strong><em>Ἅναρχε,</em></strong></span> <span class='ocrx_word' id='word_1_44' title='bbox 404 1555 595 1654; x_wconf 89' lang='grc' dir='ltr'><strong><em>ἀδιάδοχε,</em></strong></span> <span class='ocrx_word' id='word_1_45' title='bbox 623 1557 703 1660; x_wconf 83' lang='grc' dir='ltr'><strong><em>ἅγιε</em></strong></span> <span class='ocrx_word' id='word_1_46' title='bbox 729 1557 862 1661; x_wconf 88' lang='grc' dir='ltr'><strong><em>ἁγίων,</em></strong></span> <span class='ocrx_word' id='word_1_47' title='bbox 896 1559 964 1637; x_wconf 88' lang='grc' dir='ltr'><strong><em>τὸν</em></strong></span> <span class='ocrx_word' id='word_1_48' title='bbox 996 1570 1180 1664; x_wconf 81' lang='grc' dir='ltr'><strong><em>μονογενῆ</em></strong></span> <span class='ocrx_word' id='word_1_49' title='bbox 1216 1586 1285 1639; x_wconf 91' lang='grc' dir='ltr'><strong><em>σου</em></strong></span> <span class='ocrx_word' id='word_1_50' title='bbox 1318 1562 1404 1640; x_wconf 83' lang='grc' dir='ltr'><strong><em>υἱὸν</em></strong></span> 
     </span>
     <span class='ocr_line' id='line_1_11' title="bbox 71 1655 1403 1758; baseline 0.008 -26"><span class='ocrx_word' id='word_1_51' title='bbox 71 1661 84 1680; x_wconf 74' lang='grc'><strong>”</strong></span> <span class='ocrx_word' id='word_1_52' title='bbox 130 1657 388 1744; x_wconf 77' lang='grc' dir='ltr'><strong><em>ἐξαποστείλας</em></strong></span> <span class='ocrx_word' id='word_1_53' title='bbox 413 1655 576 1756; x_wconf 81' lang='grc' dir='ltr'><strong><em>λῶμενον</em></strong></span> <span class='ocrx_word' id='word_1_54' title='bbox 600 1669 728 1735; x_wconf 86' lang='grc' dir='ltr'><strong><em>πᾶσαν</em></strong></span> <span class='ocrx_word' id='word_1_55' title='bbox 753 1658 869 1738; x_wconf 88' lang='grc' dir='ltr'><strong><em>νόσον</em></strong></span> <span class='ocrx_word' id='word_1_56' title='bbox 894 1661 958 1736; x_wconf 81' lang='grc' dir='ltr'><strong><em>καὶ</em></strong></span> <span class='ocrx_word' id='word_1_57' title='bbox 974 1670 1102 1737; x_wconf 80' lang='grc' dir='ltr'><strong><em>’πᾶσαν</em></strong></span> <span class='ocrx_word' id='word_1_58' title='bbox 1118 1665 1310 1758; x_wconf 80' lang='grc' dir='ltr'><strong><em>μαλακίαν</em></strong></span> <span class='ocrx_word' id='word_1_59' title='bbox 1325 1673 1403 1742; x_wconf 90' lang='grc' dir='ltr'><strong><em>τῶν</em></strong></span> 
     </span>
     <span class='ocr_line' id='line_1_12' title="bbox 129 1757 1403 1895; baseline 0.009 -62"><span class='ocrx_word' id='word_1_60' title='bbox 129 1767 269 1860; x_wconf 77' lang='grc' dir='ltr'><strong><em>ψυχῶν</em></strong></span> <span class='ocrx_word' id='word_1_61' title='bbox 293 1760 358 1836; x_wconf 82' lang='grc' dir='ltr'><strong><em>καὶ</em></strong></span> <span class='ocrx_word' id='word_1_62' title='bbox 382 1769 461 1836; x_wconf 91' lang='grc' dir='ltr'><strong><em>τῶν</em></strong></span> <span class='ocrx_word' id='word_1_63' title='bbox 487 1757 675 1858; x_wconf 89' lang='grc' dir='ltr'><strong><em>σωμάτων</em></strong></span> <span class='ocrx_word' id='word_1_64' title='bbox 699 1761 821 1858; x_wconf 82' lang='grc' dir='ltr'><strong><em>ἡμῶν,</em></strong></span> <span class='ocrx_word' id='word_1_65' title='bbox 857 1759 1104 1862; x_wconf 77' lang='grc' dir='ltr'><strong><em>κατάπεμψον</em></strong></span> <span class='ocrx_word' id='word_1_66' title='bbox 1128 1763 1171 1839; x_wconf 84' lang='grc' dir='ltr'><strong><em>τὸ</em></strong></span> <span class='ocrx_word' id='word_1_67' title='bbox 1198 1763 1308 1895; x_wconf 84' lang='grc' dir='ltr'><strong><em>ἀγιόν</em></strong></span> <span class='ocrx_word' id='word_1_68' title='bbox 1332 1792 1403 1844; x_wconf 89' lang='grc' dir='ltr'><strong><em>σου</em></strong></span> 
     </span>
    </p>
   </div>
   <div class='ocr_carea' id='block_1_6' title="bbox 128 1860 1406 4419">
    <p class='ocr_par' dir='ltr' id='par_1_6' title="bbox 128 1860 1404 2166">
     <span class='ocr_line' id='line_1_13' title="bbox 129 1860 1404 1966; baseline 0.006 -31"><span class='ocrx_word' id='word_1_69' title='bbox 129 1871 278 1958; x_wconf 89' lang='grc' dir='ltr'><strong><em>πνεῦμα</em></strong></span> <span class='ocrx_word' id='word_1_70' title='bbox 304 1862 368 1938; x_wconf 79' lang='grc' dir='ltr'><strong><em>καὶ</em></strong></span> <span class='ocrx_word' id='word_1_71' title='bbox 394 1861 417 1938; x_wconf 86' lang='grc' dir='ltr'><strong><em>ἁ</em></strong></span> <span class='ocrx_word' id='word_1_72' title='bbox 444 1863 553 1940; x_wconf 89' lang='grc' dir='ltr'><strong><em>ίασον</em></strong></span> <span class='ocrx_word' id='word_1_73' title='bbox 578 1860 621 1939; x_wconf 85' lang='grc' dir='ltr'><strong><em>τὸ</em></strong></span> <span class='ocrx_word' id='word_1_74' title='bbox 647 1865 771 1939; x_wconf 74' lang='grc' dir='ltr'><strong><em>ἔλαιον</em></strong></span> <span class='ocrx_word' id='word_1_75' title='bbox 795 1873 906 1941; x_wconf 86' lang='grc' dir='ltr'><strong><em>τοῦτο</em></strong></span> <span class='ocrx_word' id='word_1_76' title='bbox 931 1863 995 1938; x_wconf 79' lang='grc' dir='ltr'><strong><em>καὶ</em></strong></span> <span class='ocrx_word' id='word_1_77' title='bbox 1017 1863 1172 1962; x_wconf 90' lang='grc' dir='ltr'><strong><em>ποίησον</em></strong></span> <span class='ocrx_word' id='word_1_78' title='bbox 1190 1866 1283 1942; x_wconf 85' lang='grc' dir='ltr'><strong><em>αυτὸ</em></strong></span> <span class='ocrx_word' id='word_1_79' title='bbox 1299 1896 1404 1966; x_wconf 87' lang='grc' dir='ltr'><strong><em>χριο-</em></strong></span> 
     </span>
     <span class='ocr_line' id='line_1_14' title="bbox 128 1892 1403 2070; baseline 0.005 -33"><span class='ocrx_word' id='word_1_80' title='bbox 128 1963 232 2062; x_wconf 82' lang='grc' dir='ltr'><strong><em>μένῳ</em></strong></span> <span class='ocrx_word' id='word_1_81' title='bbox 254 1971 310 2062; x_wconf 77' lang='grc' dir='ltr'><strong><em>τῷ</em></strong></span> <span class='ocrx_word' id='word_1_82' title='bbox 326 1973 383 2063; x_wconf 76' lang='grc' dir='ltr'><strong><em>σῷ</em></strong></span> <span class='ocrx_word' id='word_1_83' title='bbox 401 1892 526 2063; x_wconf 65' lang='grc' dir='ltr'><strong><em>ῶοόλῳ</em></strong></span> <span class='ocrx_word' id='word_1_84' title='bbox 542 1961 665 2063; x_wconf 85' lang='grc' dir='ltr'><strong><em>τούτῳ</em></strong></span> <span class='ocrx_word' id='word_1_85' title='bbox 682 1971 733 2050; x_wconf 79' lang='grc' dir='ltr'><strong><em>τίς</em></strong></span> <span class='ocrx_word' id='word_1_86' title='bbox 748 1963 890 2041; x_wconf 90' lang='grc' dir='ltr'><strong><em>τελείαν</em></strong></span> <span class='ocrx_word' id='word_1_87' title='bbox 907 1962 1167 2064; x_wconf 76' lang='grc' dir='ltr'><strong><em>ἀπολύτρωσιν</em></strong></span> <span class='ocrx_word' id='word_1_88' title='bbox 1183 1977 1262 2043; x_wconf 91' lang='grc' dir='ltr'><strong><em>τῶν</em></strong></span> <span class='ocrx_word' id='word_1_89' title='bbox 1279 1969 1403 2070; x_wconf 85' lang='grc' dir='ltr'><strong><em>ἁμαρ-</em></strong></span> 
     </span>
     <span class='ocr_line' id='line_1_15' title="bbox 128 2065 1162 2166; baseline 0.007 -29"><span class='ocrx_word' id='word_1_90' title='bbox 128 2073 223 2141; x_wconf 89' lang='grc' dir='ltr'><strong><em>τιῶν</em></strong></span> <span class='ocrx_word' id='word_1_91' title='bbox 248 2065 380 2156; x_wconf 74' lang='grc' dir='ltr'><strong><em>αὐτοῦ,</em></strong></span> <span class='ocrx_word' id='word_1_92' title='bbox 408 2071 459 2151; x_wconf 83' lang='grc' dir='ltr'><strong><em>είς</em></strong></span> <span class='ocrx_word' id='word_1_93' title='bbox 483 2066 674 2166; x_wconf 81' lang='grc' dir='ltr'><strong><em>βασιλείας</em></strong></span> <span class='ocrx_word' id='word_1_94' title='bbox 699 2067 876 2165; x_wconf 83' lang='grc' dir='ltr'><strong><em>οὐρανῶν</em></strong></span> <span class='ocrx_word' id='word_1_95' title='bbox 900 2068 1162 2166; x_wconf 81' lang='grc' dir='ltr'><strong><em>κληρονομίαν.</em></strong></span> 
     </span>
    </p>

    <p class='ocr_par' dir='ltr' id='par_1_7' title="bbox 129 2175 1404 2374">
     <span class='ocr_line' id='line_1_16' title="bbox 213 2175 1404 2274; baseline 0.006 -26"><span class='ocrx_word' id='word_1_96' title='bbox 213 2175 335 2251; x_wconf 81' lang='grc' dir='ltr'><strong><em>Ἰστέον</em></strong></span> <span class='ocrx_word' id='word_1_97' title='bbox 357 2178 411 2250; x_wconf 86' lang='grc' dir='ltr'><strong><em>ότι</em></strong></span> <span class='ocrx_word' id='word_1_98' title='bbox 431 2182 519 2264; x_wconf 78' lang='grc' dir='ltr'><strong><em>τινὲς</em></strong></span> <span class='ocrx_word' id='word_1_99' title='bbox 537 2183 600 2269; x_wconf 79' lang='grc' dir='ltr'><strong><em>μὲν</em></strong></span> <span class='ocrx_word' id='word_1_100' title='bbox 619 2181 679 2272; x_wconf 81' lang='grc' dir='ltr'><strong><em>τὴν</em></strong></span> <span class='ocrx_word' id='word_1_101' title='bbox 700 2179 796 2274; x_wconf 81' lang='grc' dir='ltr'><strong><em>εὐχήν</em></strong></span> <span class='ocrx_word' id='word_1_102' title='bbox 815 2180 947 2274; x_wconf 77' lang='grc' dir='ltr'><strong><em>ταύτην,</em></strong></span> <span class='ocrx_word' id='word_1_103' title='bbox 975 2183 1039 2266; x_wconf 70' lang='grc' dir='ltr'><strong><em>ἕως</em></strong></span> <span class='ocrx_word' id='word_1_104' title='bbox 1060 2175 1126 2253; x_wconf 83' lang='grc' dir='ltr'><strong><em>ὧδε</em></strong></span> <span class='ocrx_word' id='word_1_105' title='bbox 1145 2182 1249 2271; x_wconf 88' lang='grc' dir='ltr'><strong><em>μόνον</em></strong></span> <span class='ocrx_word' id='word_1_106' title='bbox 1270 2184 1404 2274; x_wconf 83' lang='grc' dir='ltr'><strong><em>λέγουσι</em></strong></span> 
     </span>
     <span class='ocr_line' id='line_1_17' title="bbox 129 2266 1404 2374; baseline 0.005 -24"><span class='ocrx_word' id='word_1_107' title='bbox 129 2281 216 2369; x_wconf 81' lang='grc' dir='ltr'><strong><em>μετὰ</em></strong></span> <span class='ocrx_word' id='word_1_108' title='bbox 225 2279 526 2374; x_wconf 82' lang='grc' dir='ltr'><strong><em>τήςέκφωνήσεως·</em></strong></span> <span class='ocrx_word' id='word_1_109' title='bbox 548 2269 617 2346; x_wconf 87' lang='grc' dir='ltr'><strong><em>σδν</em></strong></span> <span class='ocrx_word' id='word_1_110' title='bbox 632 2266 706 2373; x_wconf 88' lang='grc' dir='ltr'><strong><em>γάρ</em></strong></span> <span class='ocrx_word' id='word_1_111' title='bbox 725 2274 801 2345; x_wconf 83' lang='grc' dir='ltr'><strong><em>ἐστι</em></strong></span> <span class='ocrx_word' id='word_1_112' title='bbox 824 2269 867 2345; x_wconf 84' lang='grc' dir='ltr'><strong><em>τὸ</em></strong></span> <span class='ocrx_word' id='word_1_113' title='bbox 892 2275 1013 2347; x_wconf 84' lang='grc' dir='ltr'><strong><em>ἐλεεῖν.</em></strong></span> <span class='ocrx_word' id='word_1_114' title='bbox 1047 2284 1144 2366; x_wconf 77' lang='grc' dir='ltr'><strong><em>Τινὲς</em></strong></span> <span class='ocrx_word' id='word_1_115' title='bbox 1155 2286 1193 2354; x_wconf 79' lang='grc' dir='ltr'><strong><em>δὲ</em></strong></span> <span class='ocrx_word' id='word_1_116' title='bbox 1205 2283 1268 2368; x_wconf 79' lang='grc' dir='ltr'><strong><em>ἐως</em></strong></span> <span class='ocrx_word' id='word_1_117' title='bbox 1277 2285 1404 2368; x_wconf 82' lang='grc' dir='ltr'><strong><em>τέλους.</em></strong></span> 
     </span>
    </p>

    <p class='ocr_par' dir='ltr' id='par_1_8' title="bbox 130 2386 1406 4419">
     <span class='ocr_line' id='line_1_18' title="bbox 217 2386 1405 2490; baseline 0.004 -30"><span class='ocrx_word' id='word_1_118' title='bbox 217 2386 281 2461; x_wconf 85' lang='grc' dir='ltr'><strong><em>Σῦ</em></strong></span> <span class='ocrx_word' id='word_1_119' title='bbox 305 2386 378 2490; x_wconf 83' lang='grc' dir='ltr'><strong><em>γάρ</em></strong></span> <span class='ocrx_word' id='word_1_120' title='bbox 405 2386 437 2462; x_wconf 80' lang='grc' dir='ltr'><strong><em>εί</em></strong></span> <span class='ocrx_word' id='word_1_121' title='bbox 463 2387 482 2462; x_wconf 88' lang='lat'><strong><em>5</em></strong></span> <span class='ocrx_word' id='word_1_122' title='bbox 505 2387 591 2472; x_wconf 84' lang='grc' dir='ltr'><strong><em>Θεὸς</em></strong></span> <span class='ocrx_word' id='word_1_123' title='bbox 618 2387 637 2463; x_wconf 92' lang='lat'><strong><em>5</em></strong></span> <span class='ocrx_word' id='word_1_124' title='bbox 662 2389 778 2490; x_wconf 78' lang='grc' dir='ltr'><strong><em>μέγας</em></strong></span> <span class='ocrx_word' id='word_1_125' title='bbox 802 2387 866 2464; x_wconf 84' lang='grc' dir='ltr'><strong><em>καὶ</em></strong></span> <span class='ocrx_word' id='word_1_126' title='bbox 887 2387 1124 2488; x_wconf 88' lang='grc' dir='ltr'><strong><em>θαυμαστὸς,</em></strong></span> <span class='ocrx_word' id='word_1_127' title='bbox 1151 2387 1171 2465; x_wconf 87' lang='grc' dir='ltr'><em>ὃ</em></span> <span class='ocrx_word' id='word_1_128' title='bbox 1198 2387 1405 2488; x_wconf 78' lang='grc' dir='ltr'><strong><em>φυλάσσων</em></strong></span> 
     </span>
     <span class='ocr_line' id='line_1_19' title="bbox 130 2485 1405 2594; baseline 0.001 -32"><span class='ocrx_word' id='word_1_129' title='bbox 130 2487 201 2584; x_wconf 88' lang='grc' dir='ltr'><strong><em>τήν</em></strong></span> <span class='ocrx_word' id='word_1_130' title='bbox 226 2485 416 2588; x_wconf 76' lang='grc' dir='ltr'><strong><em>διαθήκην</em></strong></span> <span class='ocrx_word' id='word_1_131' title='bbox 442 2515 510 2564; x_wconf 94' lang='grc' dir='ltr'><strong><em>σου</em></strong></span> <span class='ocrx_word' id='word_1_132' title='bbox 536 2485 668 2565; x_wconf 86' lang='grc' dir='ltr'><strong><em>καὶτὸ</em></strong></span> <span class='ocrx_word' id='word_1_133' title='bbox 694 2487 790 2574; x_wconf 76' lang='grc' dir='ltr'><strong><em>ἔλεός</em></strong></span> <span class='ocrx_word' id='word_1_134' title='bbox 816 2516 885 2566; x_wconf 90' lang='grc' dir='ltr'><strong><em>σου</em></strong></span> <span class='ocrx_word' id='word_1_135' title='bbox 910 2496 986 2574; x_wconf 85' lang='grc' dir='ltr'><strong><em>τοῖς</em></strong></span> <span class='ocrx_word' id='word_1_136' title='bbox 1012 2487 1187 2594; x_wconf 89' lang='grc' dir='ltr'><strong><em>ἀγαπῶσί</em></strong></span> <span class='ocrx_word' id='word_1_137' title='bbox 1212 2515 1270 2565; x_wconf 87' lang='grc' dir='ltr'><strong><em>σε·</em></strong></span> <span class='ocrx_word' id='word_1_138' title='bbox 1298 2489 1318 2564; x_wconf 94' lang='lat'><strong><em>5</em></strong></span> <span class='ocrx_word' id='word_1_139' title='bbox 1345 2489 1405 2566; x_wconf 87' lang='grc' dir='ltr'><strong><em>δι-</em></strong></span> 
     </span>
     <span class='ocr_line' id='line_1_20' title="bbox 131 2587 1404 2694; baseline 0.001 -29"><span class='ocrx_word' id='word_1_140' title='bbox 131 2587 223 2674; x_wconf 80' lang='grc' dir='ltr'><strong><em>δοὺς</em></strong></span> <span class='ocrx_word' id='word_1_141' title='bbox 257 2588 443 2691; x_wconf 84' lang='grc' dir='ltr'><strong><em>λύτρωσιν</em></strong></span> <span class='ocrx_word' id='word_1_142' title='bbox 477 2589 673 2687; x_wconf 87' lang='grc' dir='ltr'><strong><em>ἁμαρτιῶν</em></strong></span> <span class='ocrx_word' id='word_1_143' title='bbox 707 2591 771 2666; x_wconf 91' lang='grc' dir='ltr'><strong><em>διὰ</em></strong></span> <span class='ocrx_word' id='word_1_144' title='bbox 804 2599 872 2668; x_wconf 90' lang='grc' dir='ltr'><strong><em>τοῦ</em></strong></span> <span class='ocrx_word' id='word_1_145' title='bbox 898 2589 1009 2694; x_wconf 80' lang='grc' dir='ltr'><strong><em>ἁγίου</em></strong></span> <span class='ocrx_word' id='word_1_146' title='bbox 1036 2618 1105 2668; x_wconf 91' lang='grc' dir='ltr'><strong><em>σου</em></strong></span> <span class='ocrx_word' id='word_1_147' title='bbox 1131 2591 1264 2676; x_wconf 84' lang='grc' dir='ltr'><strong><em>παιδὸς</em></strong></span> <span class='ocrx_word' id='word_1_148' title='bbox 1281 2591 1404 2690; x_wconf 86' lang='grc' dir='ltr'><strong><em>Ἰησοῦ</em></strong></span> 
     </span>
     <span class='ocr_line' id='line_1_21' title="bbox 131 2689 1404 2794; baseline 0.003 -28"><span class='ocrx_word' id='word_1_149' title='bbox 131 2693 314 2790; x_wconf 83' lang='grc' dir='ltr'><strong><em>Χριστοῦ,</em></strong></span> <span class='ocrx_word' id='word_1_150' title='bbox 341 2689 361 2768; x_wconf 91' lang='lat'><strong><em>5</em></strong></span> <span class='ocrx_word' id='word_1_151' title='bbox 388 2689 643 2794; x_wconf 77' lang='grc' dir='ltr'><strong><em>ἀναγεννήσας</em></strong></span> <span class='ocrx_word' id='word_1_152' title='bbox 667 2691 765 2790; x_wconf 79' lang='grc' dir='ltr'><strong><em>ἡμὰς</em></strong></span> <span class='ocrx_word' id='word_1_153' title='bbox 787 2693 860 2769; x_wconf 89' lang='grc' dir='ltr'><strong><em>ἀπὸ</em></strong></span> <span class='ocrx_word' id='word_1_154' title='bbox 885 2703 950 2792; x_wconf 85' lang='grc' dir='ltr'><strong><em>τῆς</em></strong></span> <span class='ocrx_word' id='word_1_155' title='bbox 967 2692 1164 2792; x_wconf 90' lang='grc' dir='ltr'><strong><em>ἁμαρτίας,</em></strong></span> <span class='ocrx_word' id='word_1_156' title='bbox 1192 2691 1404 2792; x_wconf 81' lang='grc' dir='ltr'><strong><em>όφωτίζων</em></strong></span> 
     </span>
     <span class='ocr_line' id='line_1_22' title="bbox 131 2791 1405 2898; baseline 0.002 -30"><span class='ocrx_word' id='word_1_157' title='bbox 131 2793 220 2876; x_wconf 82' lang='grc' dir='ltr'><strong><em>τοὺς</em></strong></span> <span class='ocrx_word' id='word_1_158' title='bbox 244 2791 409 2892; x_wconf 78' lang='grc' dir='ltr'><strong><em>τυφλοὺς</em></strong></span> <span class='ocrx_word' id='word_1_159' title='bbox 433 2793 497 2870; x_wconf 82' lang='grc' dir='ltr'><strong><em>καὶ</em></strong></span> <span class='ocrx_word' id='word_1_160' title='bbox 523 2794 707 2891; x_wconf 77' lang='grc' dir='ltr'><strong><em>ἀνορθῶν</em></strong></span> <span class='ocrx_word' id='word_1_161' title='bbox 731 2793 818 2879; x_wconf 85' lang='grc' dir='ltr'><strong><em>τοὺς</em></strong></span> <span class='ocrx_word' id='word_1_162' title='bbox 843 2797 1171 2898; x_wconf 78' lang='grc' dir='ltr'><strong><em>κατεῤῥαγμίνους,</em></strong></span> <span class='ocrx_word' id='word_1_163' title='bbox 1197 2794 1217 2869; x_wconf 95' lang='lat'><strong><em>5</em></strong></span> <span class='ocrx_word' id='word_1_164' title='bbox 1245 2795 1405 2898; x_wconf 84' lang='grc' dir='ltr'><strong><em>ἀγαπῶν</em></strong></span> 
     </span>
     <span class='ocr_line' id='line_1_23' title="bbox 131 2893 1406 2994; baseline 0.002 -26"><span class='ocrx_word' id='word_1_165' title='bbox 131 2896 221 2978; x_wconf 84' lang='grc' dir='ltr'><strong><em>τοὺς</em></strong></span> <span class='ocrx_word' id='word_1_166' title='bbox 253 2893 434 2985; x_wconf 87' lang='grc' dir='ltr'><strong><em>δικαίους,</em></strong></span> <span class='ocrx_word' id='word_1_167' title='bbox 470 2894 534 2971; x_wconf 83' lang='grc' dir='ltr'><strong><em>καὶ</em></strong></span> <span class='ocrx_word' id='word_1_168' title='bbox 568 2895 655 2980; x_wconf 82' lang='grc' dir='ltr'><strong><em>τοὺς</em></strong></span> <span class='ocrx_word' id='word_1_169' title='bbox 681 2895 925 2994; x_wconf 83' lang='grc' dir='ltr'><strong><em>ἁμαρτωλοὺς</em></strong></span> <span class='ocrx_word' id='word_1_170' title='bbox 949 2901 1075 2987; x_wconf 89' lang='grc' dir='ltr'><strong><em>ἐλεῶν,</em></strong></span> <span class='ocrx_word' id='word_1_171' title='bbox 1112 2896 1131 2970; x_wconf 92' lang='lat'><strong><em>5</em></strong></span> <span class='ocrx_word' id='word_1_172' title='bbox 1159 2895 1406 2982; x_wconf 87' lang='grc' dir='ltr'><strong><em>ἀνακαινίσας</em></strong></span> 
     </span>
     <span class='ocr_line' id='line_1_24' title="bbox 130 2993 1402 3126; baseline -0.002 -54"><span class='ocrx_word' id='word_1_173' title='bbox 130 2995 232 3094; x_wconf 84' lang='grc' dir='ltr'><strong><em>ἡμᾶς</em></strong></span> <span class='ocrx_word' id='word_1_174' title='bbox 256 3001 296 3071; x_wconf 83' lang='grc' dir='ltr'><strong><em>ἐκ</em></strong></span> <span class='ocrx_word' id='word_1_175' title='bbox 323 2993 478 3082; x_wconf 83' lang='grc' dir='ltr'><strong><em>σκότους</em></strong></span> <span class='ocrx_word' id='word_1_176' title='bbox 502 2997 565 3072; x_wconf 83' lang='grc' dir='ltr'><strong><em>καὶ</em></strong></span> <span class='ocrx_word' id='word_1_177' title='bbox 592 3005 696 3081; x_wconf 85' lang='grc' dir='ltr'><strong><em>σκιᾶς</em></strong></span> <span class='ocrx_word' id='word_1_178' title='bbox 720 2995 909 3086; x_wconf 87' lang='grc' dir='ltr'><strong><em>θανάτου,</em></strong></span> <span class='ocrx_word' id='word_1_179' title='bbox 936 2998 1053 3126; x_wconf 82' lang='grc' dir='ltr'><strong><em>λόγων</em></strong></span> <span class='ocrx_word' id='word_1_180' title='bbox 1078 3003 1155 3081; x_wconf 87' lang='grc' dir='ltr'><strong><em>τοῖς</em></strong></span> <span class='ocrx_word' id='word_1_181' title='bbox 1174 3000 1215 3073; x_wconf 90' lang='grc' dir='ltr'><strong><em>ἐν</em></strong></span> <span class='ocrx_word' id='word_1_182' title='bbox 1236 2993 1402 3093; x_wconf 84' lang='grc' dir='ltr'><strong><em>δεσμοῖς·</em></strong></span> 
     </span>
     <span class='ocr_line' id='line_1_25' title="bbox 131 3095 1405 3226; baseline -0.002 -52"><span class='ocrx_word' id='word_1_183' title='bbox 131 3098 310 3188; x_wconf 79' lang='grc' dir='ltr'><strong><em>ἐξέλθετε,</em></strong></span> <span class='ocrx_word' id='word_1_184' title='bbox 335 3097 400 3174; x_wconf 85' lang='grc' dir='ltr'><strong><em>καὶ</em></strong></span> <span class='ocrx_word' id='word_1_185' title='bbox 418 3105 495 3184; x_wconf 87' lang='grc' dir='ltr'><strong><em>τοῖς</em></strong></span> <span class='ocrx_word' id='word_1_186' title='bbox 512 3101 554 3174; x_wconf 78' lang='grc' dir='ltr'><strong><em>ἐν</em></strong></span> <span class='ocrx_word' id='word_1_187' title='bbox 572 3107 626 3173; x_wconf 93' lang='grc' dir='ltr'><strong><em>τῶ</em></strong></span> <span class='ocrx_word' id='word_1_188' title='bbox 644 3095 780 3174; x_wconf 89' lang='grc' dir='ltr'><strong><em>σκότει·</em></strong></span> <span class='ocrx_word' id='word_1_189' title='bbox 809 3098 1128 3180; x_wconf 85' lang='grc' dir='ltr'><strong><em>ἀνακαλυπτεσθε.</em></strong></span> <span class='ocrx_word' id='word_1_190' title='bbox 1147 3097 1313 3196; x_wconf 77' lang='grc' dir='ltr'><strong><em>Ἔλαμιμε</em></strong></span> <span class='ocrx_word' id='word_1_191' title='bbox 1320 3097 1405 3226; x_wconf 82' lang='grc' dir='ltr'><strong><em>γὰρ</em></strong></span> 
     </span>
     <span class='ocr_line' id='line_1_26' title="bbox 134 3197 1405 3302; baseline 0 -28"><span class='ocrx_word' id='word_1_192' title='bbox 134 3203 176 3276; x_wconf 84' lang='grc' dir='ltr'><strong><em>ἐν</em></strong></span> <span class='ocrx_word' id='word_1_193' title='bbox 209 3206 291 3284; x_wconf 85' lang='grc' dir='ltr'><strong><em>ταῖς</em></strong></span> <span class='ocrx_word' id='word_1_194' title='bbox 323 3199 495 3295; x_wconf 75' lang='grc' dir='ltr'><strong><em>καρδίαις</em></strong></span> <span class='ocrx_word' id='word_1_195' title='bbox 519 3200 629 3298; x_wconf 80' lang='grc' dir='ltr'><strong><em>ἡμῶν</em></strong></span> <span class='ocrx_word' id='word_1_196' title='bbox 653 3200 696 3276; x_wconf 87' lang='grc' dir='ltr'><strong><em>τὺ</em></strong></span> <span class='ocrx_word' id='word_1_197' title='bbox 722 3208 804 3298; x_wconf 83' lang='grc' dir='ltr'><strong><em>φῶς</em></strong></span> <span class='ocrx_word' id='word_1_198' title='bbox 828 3209 892 3298; x_wconf 84' lang='grc' dir='ltr'><strong><em>τῆς</em></strong></span> <span class='ocrx_word' id='word_1_199' title='bbox 917 3197 1090 3302; x_wconf 88' lang='grc' dir='ltr'><strong><em>γνῶσεως</em></strong></span> <span class='ocrx_word' id='word_1_200' title='bbox 1114 3205 1183 3275; x_wconf 91' lang='grc' dir='ltr'><strong><em>τοῦ</em></strong></span> <span class='ocrx_word' id='word_1_201' title='bbox 1208 3226 1405 3296; x_wconf 89' lang='grc' dir='ltr'><strong><em>προςωπου</em></strong></span> 
     </span>
     <span class='ocr_line' id='line_1_27' title="bbox 134 3297 1405 3404; baseline -0.001 -28"><span class='ocrx_word' id='word_1_202' title='bbox 134 3325 217 3391; x_wconf 91' lang='grc' dir='ltr'><strong><em>σου,</em></strong></span> <span class='ocrx_word' id='word_1_203' title='bbox 245 3301 313 3401; x_wconf 79' lang='grc' dir='ltr'><strong><em>ἀφ’</em></strong></span> <span class='ocrx_word' id='word_1_204' title='bbox 344 3297 390 3380; x_wconf 86' lang='grc' dir='ltr'><strong><em>οὗ</em></strong></span> <span class='ocrx_word' id='word_1_205' title='bbox 415 3301 465 3378; x_wconf 77' lang='grc' dir='ltr'><strong><em>δι’</em></strong></span> <span class='ocrx_word' id='word_1_206' title='bbox 494 3301 593 3400; x_wconf 82' lang='grc' dir='ltr'><strong><em>ἡμᾶς</em></strong></span> <span class='ocrx_word' id='word_1_207' title='bbox 618 3302 677 3377; x_wconf 82' lang='grc' dir='ltr'><strong><em>ἐπὶ</em></strong></span> <span class='ocrx_word' id='word_1_208' title='bbox 702 3311 766 3400; x_wconf 82' lang='grc' dir='ltr'><strong><em>τῆς</em></strong></span> <span class='ocrx_word' id='word_1_209' title='bbox 790 3311 858 3404; x_wconf 80' lang='grc' dir='ltr'><strong><em>γῆς</em></strong></span> <span class='ocrx_word' id='word_1_210' title='bbox 884 3301 1031 3401; x_wconf 83' lang='grc' dir='ltr'><strong><em>ῶφθης,</em></strong></span> <span class='ocrx_word' id='word_1_211' title='bbox 1057 3301 1120 3376; x_wconf 81' lang='grc' dir='ltr'><strong><em>καὶ</em></strong></span> <span class='ocrx_word' id='word_1_212' title='bbox 1145 3305 1223 3387; x_wconf 87' lang='grc' dir='ltr'><strong><em>τοῖς</em></strong></span> <span class='ocrx_word' id='word_1_213' title='bbox 1248 3297 1405 3398; x_wconf 85' lang='grc' dir='ltr'><strong><em>ἀνθραί-</em></strong></span> 
     </span>
     <span class='ocr_line' id='line_1_28' title="bbox 132 3400 1404 3502; baseline -0.001 -25"><span class='ocrx_word' id='word_1_214' title='bbox 132 3431 215 3486; x_wconf 90' lang='grc' dir='ltr'><strong><em>ποις</em></strong></span> <span class='ocrx_word' id='word_1_215' title='bbox 241 3400 560 3502; x_wconf 79' lang='grc' dir='ltr'><strong><em>συνανεστράιγης,</em></strong></span> <span class='ocrx_word' id='word_1_216' title='bbox 586 3411 664 3489; x_wconf 85' lang='grc' dir='ltr'><strong><em>τοῖς</em></strong></span> <span class='ocrx_word' id='word_1_217' title='bbox 688 3403 901 3501; x_wconf 81' lang='grc' dir='ltr'><strong><em>δεξαμένοις</em></strong></span> <span class='ocrx_word' id='word_1_218' title='bbox 927 3427 966 3478; x_wconf 90' lang='grc' dir='ltr'><strong><em>σε</em></strong></span> <span class='ocrx_word' id='word_1_219' title='bbox 992 3403 1134 3488; x_wconf 77' lang='grc' dir='ltr'><strong><em>ἔδωκας</em></strong></span> <span class='ocrx_word' id='word_1_220' title='bbox 1157 3401 1330 3490; x_wconf 80' lang='grc' dir='ltr'><strong><em>ἐξουσίαν</em></strong></span> <span class='ocrx_word' id='word_1_221' title='bbox 1345 3401 1404 3478; x_wconf 82' lang='grc' dir='ltr'><strong><em>τί-</em></strong></span> 
     </span>
     <span class='ocr_line' id='line_1_29' title="bbox 132 3502 1405 3608; baseline 0.001 -29"><span class='ocrx_word' id='word_1_222' title='bbox 132 3533 205 3580; x_wconf 91' lang='grc' dir='ltr'><strong><em>κνα</em></strong></span> <span class='ocrx_word' id='word_1_223' title='bbox 235 3509 328 3580; x_wconf 83' lang='grc' dir='ltr'><strong><em>Θεοῦ</em></strong></span> <span class='ocrx_word' id='word_1_224' title='bbox 353 3505 529 3607; x_wconf 79' lang='grc' dir='ltr'><strong><em>γενέσθαι</em></strong></span> <span class='ocrx_word' id='word_1_225' title='bbox 555 3504 620 3581; x_wconf 92' lang='grc' dir='ltr'><strong><em>διὰ</em></strong></span> <span class='ocrx_word' id='word_1_226' title='bbox 646 3514 783 3604; x_wconf 88' lang='grc' dir='ltr'><strong><em>λυτροῦ</em></strong></span> <span class='ocrx_word' id='word_1_227' title='bbox 809 3504 1088 3608; x_wconf 84' lang='grc' dir='ltr'><strong><em>παλιγγενεσίας</em></strong></span> <span class='ocrx_word' id='word_1_228' title='bbox 1112 3502 1181 3601; x_wconf 87' lang='grc' dir='ltr'><strong><em>τὴν</em></strong></span> <span class='ocrx_word' id='word_1_229' title='bbox 1206 3503 1405 3580; x_wconf 77' lang='grc' dir='ltr'><strong><em>υἱοθεσίαν</em></strong></span> 
     </span>
     <span class='ocr_line' id='line_1_30' title="bbox 131 3605 1405 3706; baseline 0.001 -27"><span class='ocrx_word' id='word_1_230' title='bbox 131 3605 225 3702; x_wconf 82' lang='grc' dir='ltr'><strong><em>ἡμῖν</em></strong></span> <span class='ocrx_word' id='word_1_231' title='bbox 246 3605 497 3704; x_wconf 76' lang='grc' dir='ltr'><strong><em>χαρισάμενος</em></strong></span> <span class='ocrx_word' id='word_1_232' title='bbox 522 3607 585 3682; x_wconf 83' lang='grc' dir='ltr'><strong><em>καὶ</em></strong></span> <span class='ocrx_word' id='word_1_233' title='bbox 611 3607 814 3705; x_wconf 86' lang='grc' dir='ltr'><strong><em>ἀμετόχους</em></strong></span> <span class='ocrx_word' id='word_1_234' title='bbox 838 3609 936 3705; x_wconf 84' lang='grc' dir='ltr'><strong><em>ἡμᾶς</em></strong></span> <span class='ocrx_word' id='word_1_235' title='bbox 963 3607 1135 3706; x_wconf 76' lang='grc' dir='ltr'><strong><em>ἐποίησας</em></strong></span> <span class='ocrx_word' id='word_1_236' title='bbox 1150 3609 1191 3681; x_wconf 92' lang='grc' dir='ltr'><strong><em>ἐκ</em></strong></span> <span class='ocrx_word' id='word_1_237' title='bbox 1208 3615 1272 3703; x_wconf 80' lang='grc' dir='ltr'><strong><em>τῆς</em></strong></span> <span class='ocrx_word' id='word_1_238' title='bbox 1289 3635 1405 3681; x_wconf 88' lang='grc' dir='ltr'><strong><em>κατα-</em></strong></span> 
     </span>
     <span class='ocr_line' id='line_1_31' title="bbox 133 3705 1404 3808; baseline -0.002 -24"><span class='ocrx_word' id='word_1_239' title='bbox 133 3707 358 3793; x_wconf 91' lang='grc' dir='ltr'><strong><em>δυναστείας</em></strong></span> <span class='ocrx_word' id='word_1_240' title='bbox 388 3717 457 3784; x_wconf 90' lang='grc' dir='ltr'><strong><em>τοῦ</em></strong></span> <span class='ocrx_word' id='word_1_241' title='bbox 490 3705 682 3808; x_wconf 80' lang='grc' dir='ltr'><strong><em>διαβόλου.</em></strong></span> <span class='ocrx_word' id='word_1_242' title='bbox 728 3709 826 3784; x_wconf 78' lang='grc' dir='ltr'><strong><em>Ἐπεὶ</em></strong></span> <span class='ocrx_word' id='word_1_243' title='bbox 858 3710 926 3785; x_wconf 85' lang='grc' dir='ltr'><strong><em>οὐκ</em></strong></span> <span class='ocrx_word' id='word_1_244' title='bbox 961 3705 1165 3806; x_wconf 85' lang='grc' dir='ltr'><strong><em>εὐδόκησας</em></strong></span> <span class='ocrx_word' id='word_1_245' title='bbox 1198 3711 1239 3783; x_wconf 92' lang='grc' dir='ltr'><strong><em>ἐν</em></strong></span> <span class='ocrx_word' id='word_1_246' title='bbox 1275 3711 1404 3806; x_wconf 78' lang='grc' dir='ltr'><strong><em>αἵματι</em></strong></span> 
     </span>
     <span class='ocr_line' id='line_1_32' title="bbox 132 3805 1404 3913; baseline 0.001 -27"><span class='ocrx_word' id='word_1_247' title='bbox 132 3809 427 3908; x_wconf 84' lang='grc' dir='ltr'><strong><em>καθαρίζεσθαι,</em></strong></span> <span class='ocrx_word' id='word_1_248' title='bbox 462 3810 541 3885; x_wconf 79' lang='grc' dir='ltr'><strong><em>ἀλλ’</em></strong></span> <span class='ocrx_word' id='word_1_249' title='bbox 572 3813 614 3887; x_wconf 91' lang='grc' dir='ltr'><strong><em>ἐν</em></strong></span> <span class='ocrx_word' id='word_1_250' title='bbox 647 3809 758 3908; x_wconf 82' lang='grc' dir='ltr'><strong><em>ἐλαίῳ</em></strong></span> <span class='ocrx_word' id='word_1_251' title='bbox 791 3810 886 3913; x_wconf 85' lang='grc' dir='ltr'><strong><em>ἁγίῳ</em></strong></span> <span class='ocrx_word' id='word_1_252' title='bbox 919 3809 1061 3895; x_wconf 75' lang='grc' dir='ltr'><strong><em>ἔδωκας</em></strong></span> <span class='ocrx_word' id='word_1_253' title='bbox 1092 3810 1160 3886; x_wconf 82' lang='grc' dir='ltr'><strong><em>τὸν</em></strong></span> <span class='ocrx_word' id='word_1_254' title='bbox 1192 3805 1311 3886; x_wconf 86' lang='grc' dir='ltr'><strong><em>τύπον</em></strong></span> <span class='ocrx_word' id='word_1_255' title='bbox 1335 3817 1404 3887; x_wconf 89' lang='grc' dir='ltr'><strong><em>τοῦ</em></strong></span> 
     </span>
     <span class='ocr_line' id='line_1_33' title="bbox 135 3909 1405 4014; baseline -0.002 -27"><span class='ocrx_word' id='word_1_256' title='bbox 135 3921 302 4010; x_wconf 89' lang='grc' dir='ltr'><strong><em>σταυροῦ</em></strong></span> <span class='ocrx_word' id='word_1_257' title='bbox 329 3937 411 4001; x_wconf 92' lang='grc' dir='ltr'><strong><em>σου,</em></strong></span> <span class='ocrx_word' id='word_1_258' title='bbox 439 3917 489 3995; x_wconf 80' lang='grc' dir='ltr'><strong><em>είς</em></strong></span> <span class='ocrx_word' id='word_1_259' title='bbox 512 3909 555 3986; x_wconf 84' lang='grc' dir='ltr'><strong><em>τὸ</em></strong></span> <span class='ocrx_word' id='word_1_260' title='bbox 581 3911 758 4014; x_wconf 80' lang='grc' dir='ltr'><strong><em>γενέσθαι</em></strong></span> <span class='ocrx_word' id='word_1_261' title='bbox 778 3910 876 4008; x_wconf 82' lang='grc' dir='ltr'><strong><em>ἡμᾶς</em></strong></span> <span class='ocrx_word' id='word_1_262' title='bbox 893 3917 1063 4010; x_wconf 86' lang='grc' dir='ltr'><strong><em>Χριστοῦ</em></strong></span> <span class='ocrx_word' id='word_1_263' title='bbox 1079 3911 1267 4008; x_wconf 89' lang='grc' dir='ltr'><strong><em>ποίμνιον,</em></strong></span> <span class='ocrx_word' id='word_1_264' title='bbox 1292 3910 1405 4004; x_wconf 83' lang='grc' dir='ltr'><strong><em>βασί-</em></strong></span> 
     </span>
     <span class='ocr_line' id='line_1_34' title="bbox 134 4011 1405 4116; baseline -0.002 -29"><span class='ocrx_word' id='word_1_265' title='bbox 134 4021 233 4089; x_wconf 89' lang='grc' dir='ltr'><strong><em>λειον</em></strong></span> <span class='ocrx_word' id='word_1_266' title='bbox 258 4011 472 4116; x_wconf 85' lang='grc' dir='ltr'><strong><em>ἱεράτευμα,</em></strong></span> <span class='ocrx_word' id='word_1_267' title='bbox 506 4013 618 4097; x_wconf 72' lang='grc' dir='ltr'><strong><em>ἔθνος</em></strong></span> <span class='ocrx_word' id='word_1_268' title='bbox 645 4013 753 4116; x_wconf 85' lang='grc' dir='ltr'><strong><em>ἁγιον</em></strong></span> <span class='ocrx_word' id='word_1_269' title='bbox 778 4013 992 4112; x_wconf 89' lang='grc' dir='ltr'><strong><em>καθαρίσας</em></strong></span> <span class='ocrx_word' id='word_1_270' title='bbox 1016 4012 1114 4111; x_wconf 84' lang='grc' dir='ltr'><strong><em>ἡμὰς</em></strong></span> <span class='ocrx_word' id='word_1_271' title='bbox 1139 4015 1179 4087; x_wconf 76' lang='grc' dir='ltr'><strong><em>ἐν</em></strong></span> <span class='ocrx_word' id='word_1_272' title='bbox 1204 4011 1315 4086; x_wconf 87' lang='grc' dir='ltr'><strong><em>ῦδατι</em></strong></span> <span class='ocrx_word' id='word_1_273' title='bbox 1340 4011 1405 4085; x_wconf 78' lang='grc' dir='ltr'><strong><em>καὶ</em></strong></span> 
     </span>
     <span class='ocr_line' id='line_1_35' title="bbox 134 4109 1405 4218; baseline -0.003 -28"><span class='ocrx_word' id='word_1_274' title='bbox 134 4111 294 4218; x_wconf 78' lang='grc' dir='ltr'><strong><em>ἁγιάσας</em></strong></span> <span class='ocrx_word' id='word_1_275' title='bbox 318 4117 360 4190; x_wconf 80' lang='grc' dir='ltr'><strong><em>ἐν</em></strong></span> <span class='ocrx_word' id='word_1_276' title='bbox 383 4123 437 4214; x_wconf 79' lang='grc' dir='ltr'><strong><em>τῷ</em></strong></span> <span class='ocrx_word' id='word_1_277' title='bbox 465 4113 561 4217; x_wconf 86' lang='grc' dir='ltr'><strong><em>ἁγίῳ</em></strong></span> <span class='ocrx_word' id='word_1_278' title='bbox 588 4140 656 4190; x_wconf 91' lang='grc' dir='ltr'><strong><em>σου</em></strong></span> <span class='ocrx_word' id='word_1_279' title='bbox 682 4110 864 4208; x_wconf 81' lang='grc' dir='ltr'><strong><em>πνεύματι</em></strong></span> <span class='ocrx_word' id='word_1_280' title='bbox 875 4117 916 4214; x_wconf 82' lang='grc'><strong><em>1)·</em></strong></span> <span class='ocrx_word' id='word_1_281' title='bbox 944 4113 1068 4204; x_wconf 76' lang='grc' dir='ltr'><strong><em>αὐτὸς,</em></strong></span> <span class='ocrx_word' id='word_1_282' title='bbox 1095 4113 1256 4189; x_wconf 77' lang='grc' dir='ltr'><strong><em>δέσποτα</em></strong></span> <span class='ocrx_word' id='word_1_283' title='bbox 1276 4109 1405 4209; x_wconf 82' lang='grc' dir='ltr'><strong><em>Κύριε,</em></strong></span> 
     </span>
     <span class='ocr_line' id='line_1_36' title="bbox 134 4213 1406 4316; baseline -0.006 -23"><span class='ocrx_word' id='word_1_284' title='bbox 134 4216 201 4302; x_wconf 85' lang='grc' dir='ltr'><strong><em>δός</em></strong></span> <span class='ocrx_word' id='word_1_285' title='bbox 222 4214 339 4316; x_wconf 90' lang='grc' dir='ltr'><strong><em>χάριν</em></strong></span> <span class='ocrx_word' id='word_1_286' title='bbox 363 4221 413 4301; x_wconf 83' lang='grc' dir='ltr'><strong><em>είς</em></strong></span> <span class='ocrx_word' id='word_1_287' title='bbox 437 4214 506 4314; x_wconf 83' lang='grc' dir='ltr'><strong><em>τὴν</em></strong></span> <span class='ocrx_word' id='word_1_288' title='bbox 532 4213 729 4293; x_wconf 89' lang='grc' dir='ltr'><strong><em>διακονίαν</em></strong></span> <span class='ocrx_word' id='word_1_289' title='bbox 755 4241 824 4291; x_wconf 93' lang='grc' dir='ltr'><strong><em>σου</em></strong></span> <span class='ocrx_word' id='word_1_290' title='bbox 849 4213 1003 4314; x_wconf 83' lang='grc' dir='ltr'><strong><em>ταύτην,</em></strong></span> <span class='ocrx_word' id='word_1_291' title='bbox 1030 4217 1080 4298; x_wconf 88' lang='grc' dir='ltr'><strong><em>ῶς</em></strong></span> <span class='ocrx_word' id='word_1_292' title='bbox 1105 4213 1247 4296; x_wconf 72' lang='grc' dir='ltr'><strong><em>ἔδωκας</em></strong></span> <span class='ocrx_word' id='word_1_293' title='bbox 1269 4218 1406 4287; x_wconf 88' lang='grc' dir='ltr'><strong><em>Μωσεῖ</em></strong></span> 
     </span>
     <span class='ocr_line' id='line_1_37' title="bbox 135 4312 1405 4419; baseline -0.005 -25"><span class='ocrx_word' id='word_1_294' title='bbox 135 4327 189 4417; x_wconf 78' lang='grc' dir='ltr'><strong><em>τῷ</em></strong></span> <span class='ocrx_word' id='word_1_295' title='bbox 223 4316 431 4417; x_wconf 83' lang='grc' dir='ltr'><strong><em>θεράποντί</em></strong></span> <span class='ocrx_word' id='word_1_296' title='bbox 464 4345 545 4407; x_wconf 89' lang='grc' dir='ltr'><strong><em>σου,</em></strong></span> <span class='ocrx_word' id='word_1_297' title='bbox 577 4317 642 4394; x_wconf 83' lang='grc' dir='ltr'><strong><em>καὶ</em></strong></span> <span class='ocrx_word' id='word_1_298' title='bbox 667 4317 849 4414; x_wconf 79' lang='grc' dir='ltr'><strong><em>Σαμουὴλ</em></strong></span> <span class='ocrx_word' id='word_1_299' title='bbox 882 4325 936 4416; x_wconf 79' lang='grc' dir='ltr'><strong><em>τῷ</em></strong></span> <span class='ocrx_word' id='word_1_300' title='bbox 968 4315 1192 4419; x_wconf 80' lang='grc' dir='ltr'><strong><em>ἠγαπημένῳ</em></strong></span> <span class='ocrx_word' id='word_1_301' title='bbox 1226 4339 1308 4403; x_wconf 90' lang='grc' dir='ltr'><strong><em>σου,</em></strong></span> <span class='ocrx_word' id='word_1_302' title='bbox 1340 4312 1405 4389; x_wconf 82' lang='grc' dir='ltr'><strong><em>καὶ</em></strong></span> 
     </span>
    </p>
   </div>
   <div class='ocr_carea' id='block_1_7' title="bbox 189 4426 199 4456">
    <p class='ocr_par' dir='ltr' id='par_1_9' title="bbox 189 4426 199 4456">
     <span class='ocr_line' id='line_1_38' title="bbox 189 4426 199 4456; baseline 0 0"><span class='ocrx_word' id='word_1_303' title='bbox 189 4426 199 4456; x_wconf 74' lang='lat' dir='ltr'>i</span> 
     </span>
    </p>
   </div>
   <div class='ocr_carea' id='block_1_8' title="bbox 136 4587 1406 4745">
    <p class='ocr_par' dir='ltr' id='par_1_10' title="bbox 136 4587 1406 4745">
     <span class='ocr_line' id='line_1_39' title="bbox 222 4587 1406 4655; baseline -0.003 -11"><span class='ocrx_word' id='word_1_304' title='bbox 222 4593 247 4654; x_wconf 85' lang='lat'><strong><em>1)</em></strong></span> <span class='ocrx_word' id='word_1_305' title='bbox 271 4591 461 4646; x_wconf 70' lang='lat' dir='ltr'>Christianorum</span> <span class='ocrx_word' id='word_1_306' title='bbox 486 4595 591 4646; x_wconf 68' lang='lat' dir='ltr'>inimica</span> <span class='ocrx_word' id='word_1_307' title='bbox 608 4591 658 4644; x_wconf 79' lang='lat' dir='ltr'><strong><em>Deo</em></strong></span> <span class='ocrx_word' id='word_1_308' title='bbox 680 4605 728 4642; x_wconf 82' lang='grc' dir='ltr'><strong><em>ιοσ</em></strong></span> <span class='ocrx_word' id='word_1_309' title='bbox 747 4591 881 4642; x_wconf 70' lang='lat' dir='ltr'><strong>offeruntur</strong></span> <span class='ocrx_word' id='word_1_310' title='bbox 900 4591 1016 4655; x_wconf 81' lang='grc' dir='ltr'><strong><em>ειοςαίπε</em></strong></span> <span class='ocrx_word' id='word_1_311' title='bbox 1034 4587 1232 4650; x_wconf 73' lang='lat' dir='ltr'>circumcisionis,</span> <span class='ocrx_word' id='word_1_312' title='bbox 1249 4587 1292 4639; x_wconf 79' lang='grc' dir='ltr'><strong><em>ιιὰ</em></strong></span> <span class='ocrx_word' id='word_1_313' title='bbox 1310 4587 1406 4640; x_wconf 73' lang='lat' dir='ltr'>invicto</span> 
     </span>
     <span class='ocr_line' id='line_1_40' title="bbox 136 4673 1322 4745; baseline -0.006 -14"><span class='ocrx_word' id='word_1_314' title='bbox 136 4678 290 4745; x_wconf 69' lang='lat' dir='ltr'>baptismus</span> <span class='ocrx_word' id='word_1_315' title='bbox 309 4685 332 4729; x_wconf 86' lang='grc' dir='ltr'><strong><em>ιι</em></strong></span> <span class='ocrx_word' id='word_1_316' title='bbox 349 4679 425 4732; x_wconf 82' lang='lat' dir='ltr'>nncii</span> <span class='ocrx_word' id='word_1_317' title='bbox 444 4679 580 4732; x_wconf 69' lang='lat' dir='ltr'><strong><em>chrismati·</em></strong></span> <span class='ocrx_word' id='word_1_318' title='bbox 598 4677 744 4741; x_wconf 78' lang='lat' dir='ltr'>inunctione,</span> <span class='ocrx_word' id='word_1_319' title='bbox 763 4691 810 4743; x_wconf 78' lang='lat' dir='ltr'><strong><em>quc</em></strong></span> <span class='ocrx_word' id='word_1_320' title='bbox 828 4683 948 4740; x_wconf 67' lang='lat' dir='ltr'><strong><em>unguntur</em></strong></span> <span class='ocrx_word' id='word_1_321' title='bbox 965 4676 1028 4728; x_wconf 76' lang='lat' dir='ltr'>icini</span> <span class='ocrx_word' id='word_1_322' title='bbox 1045 4689 1114 4740; x_wconf 74' lang='lat' dir='ltr'>reges</span> <span class='ocrx_word' id='word_1_323' title='bbox 1133 4681 1157 4726; x_wconf 84' lang='grc' dir='ltr'><strong><em>ιι</em></strong></span> <span class='ocrx_word' id='word_1_324' title='bbox 1174 4673 1322 4726; x_wconf 69' lang='lat' dir='ltr'><strong><em>uectium.</em></strong></span> 
     </span>
    </p>
   </div>
   <div class='ocr_carea' id='block_1_9' title="bbox 0 0 1707 5304">
    <p class='ocr_par' dir='ltr' id='par_1_11' title="bbox 0 0 1707 5304">
     <span class='ocr_line' id='line_1_41' title="bbox 0 0 1707 5304; baseline 0 0"><span class='ocrx_word' id='word_1_325' title='bbox 0 0 1707 5304; x_wconf 95' lang='lat' dir='ltr'><strong><em> </em></strong></span> 
     </span>
    </p>
   </div>
  </div>
 </body>
</html>
