3336 5302
915 415 989 497 ²108

317 611 377 676 de'r
400 611 521 692 impes,
549 627 584 672 so
607 620 692 691 capet
713 613 761 673 ein
777 607 867 687 jeder
888 628 930 672 su
951 608 1015 672 siclt
1037 609 1130 672 selles
1150 627 1193 672 αα
1213 608 1345 690 gleicher
1366 609 1431 672 leit
1451 611 1507 674 aut
1529 609 1597 673 tes·

318 713 406 775 Velle
428 716 462 774 r'n
483 713 536 775 der
558 707 669 774 Kirclle
692 711 749 773 den
770 709 974 777 Nicdnisrhen
996 709 1143 774 Glouhen.

401 811 625 894 eapxltvtll.
668 812 868 875 Praelatio
891 829 970 874 oum
995 813 1134 894 llymuo
1157 811 1412 892 Triumphali.
1451 812 1594 874 [ltu-an·

316 915 410 996 quillo
439 923 470 977 ct
500 923 608 994 pacato
636 914 736 976 animo
759 913 981 976 consecrationi
1000 913 1135 994 populus
1157 911 1301 984 attendat,
1334 914 1371 974 ad
1394 927 1502 994 paoem
1524 933 1592 978 eum

314 1017 466 1080 lliaoonus
488 1017 640 1078 hortatur:
665 1016 786 1087 etenim,
808 1024 842 1077 ut
863 1022 910 1076 ast
931 1015 1009 1096 apud
1026 1015 1196 1077 Cahasilam
1218 1013 1453 1100 πραςφὲρομεν
1474 1006 1516 1078 αὖ
1530 1009 1594 1097 μό-

313 1137 371 1182 ναν
396 1108 466 1199 μετ’
490 1107 629 1203 εἰρήνης,
652 1109 722 1180 ἀλλ’
741 1107 842 1199 αὐτὴν
863 1107 994 1200 εἰρήνην
1015 1105 1089 1179 ἄνεί
1110 1108 1219 1200 δώρου
1240 1111 1298 1180 καί
1316 1109 1444 1192 θυσίας
1466 1109 1593 1201 ἑτέρας.

316 1221 508 1300 Quapropter
542 1220 672 1300 popolus
705 1216 885 1298 respondet:
919 1209 1034 1281 ἐίαιαν
1066 1208 1196 1303 εἰρήνης
1224 1210 1349 1282 θυσίαν
1378 1210 1591 1296 αἰνέσεως,ὁ

315 1317 354 1385 dd
376 1313 469 1396 ἔλεος
489 1313 631 1407 γέννημά
652 1315 724 1385 ἐστι
744 1319 804 1402 τῆς
823 1311 964 1400 βεβαίας
984 1314 1041 1382 καί
1060 1314 1215 1402 καθαρὰς
1236 1311 1376 1405 εἰρήνης.

401 1423 550 1485 Praelatio
579 1421 659 1502 apud
689 1409 820 1483 Graecos
849 1418 990 1484 omnihus
1011 1419 1123 1493 Missis,
1153 1419 1287 1500 neglecta
1317 1421 1466 1504 temporis
1496 1431 1528 1484 et
1548 1423 1591 1484 le

315 1533 432 1587 storum
460 1523 604 1587 varietate
632 1539 692 1584 una
720 1521 885 1602 eademque
907 1529 964 1582 est.
1007 1520 1203 1585 lienaldotius
1223 1523 1244 1586 l.
1260 1539 1287 1584 c.
1308 1522 1346 1584 ll.
1369 1541 1399 1606 p.
1417 1524 1475 1588 78:
1512 1523 1591 1586 llaec

316 1626 413 1688 oratio
443 1624 608 1706 respondet
629 1623 812 1686 Praelationi
841 1632 973 1700 nostrae,
1004 1641 1079 1703 quae
1109 1633 1142 1686 ut
1169 1622 1240 1686 olim
1264 1624 1372 1687 nrultas
1394 1624 1592 1706 diversasque

318 1727 429 1813 lormas
451 1725 565 1798 hahuit,
587 1724 628 1788 ita
651 1743 771 1806 quoque
783 1723 962 1798 orientales,
985 1724 1112 1790 maxime
1133 1743 1204 1787 vero
1227 1725 1257 1788 in
1280 1726 1415 1806 Syriacis
1434 1727 1590 1806 Liturgiis.

315 1829 457 1908 Singulae
480 1828 592 1908 quippe
614 1827 752 1908 proprias
785 1825 905 1898 hahent,
943 1843 1067 1906 qtrarum
1099 1827 1176 1889 aliae
1211 1828 1361 1890 breviores
1396 1838 1484 1901 suut,
1521 1848 1588 1910 pro-

316 1932 438 1992 lixiores
467 1930 555 1992 aliae.
600 1929 740 1991 Omnium
768 1937 868 1990 tamen
897 1945 954 1990 ona
983 1939 1029 1988 est
1058 1929 1224 2000 sententia,
1253 1947 1362 2010 nempe
1391 1939 1425 1992 ut
1451 1931 1591 1994 laudetur

316 2033 396 2095 lleus
426 2033 463 2094 ab
488 2029 613 2094 inlinitis
634 2031 700 2092 suis
722 2030 753 2091 in
775 2031 937 2091 humanum
960 2047 1053 2107 genus
1076 2029 1242 2098 beneflciis,
1271 2034 1435 2104 creatione,
1467 2051 1588 2096 conser-

316 2135 436 2198 vatione
465 2143 536 2216 post
562 2131 668 2194 atomi
695 2140 867 2212 peceatum,
901 2131 1089 2194 institutione
1125 2151 1179 2212 per
1205 2133 1315 2212 Legem
1344 2144 1374 2196 ει
1402 2134 1587 2214 Prophetas:

315 2235 462 2297 missione
483 2234 537 2297 lilii
560 2234 597 2296 ad
620 2233 746 2296 salutern
770 2233 862 2296 totius
885 2232 998 2304 mundi,
1027 2231 1162 2296 eiusdem
1184 2234 1215 2296 in
1238 2234 1327 2296 terris
1349 2235 1588 2316 dispensatione,

315 2335 468 2418 passione,
491 2344 597 2408 morte,
620 2333 853 2407 resurrectione,
876 2333 1099 2424 praedicatione
1123 2335 1275 2414 Evangelii
1298 2355 1353 2416 per
1374 2338 1539 2418 apostotos
1559 2349 1589 2402 et

315 2436 470 2502 Ecclesiae
491 2436 676 2498 fundatione.
722 2436 804 2498 Unde
827 2434 963 2497 laudatus
984 2433 1021 2498 ab
1044 2436 1166 2514 Angelis
1188 2447 1234 2499 εει
1256 2437 1380 2500 coelesti
1404 2441 1488 2500 omni
1511 2439 1587 2502 mili-

316 2538 368 2612 tia,
397 2557 455 2620 qua
483 2536 644 2600 occasione
671 2555 764 2617 saepe
787 2536 824 2599 de
846 2536 906 2599 illis
929 2537 1020 2598 multa
1043 2535 1194 2614 dicuutur,
1224 2539 1462 2620 terminaturque
1485 2541 1587 2604 Oratio

315 2657 372 2722 per
404 2640 544 2720 hymnum
578 2638 799 2720 triumphalem,
831 2639 969 2702 Sanctus.
1013 2639 1096 2702 ‘l'alis
1130 2648 1177 2702 est
1203 2639 1427 2703 Praelationum
1457 2644 1585 2706 omniurn

317 2742 497 2804 Graecarum
520 2749 551 2803 et
573 2739 771 2803 Orientalium
793 2739 965 2820 dispositio,
994 2740 1109 2822 absque
1132 2740 1202 2814 ullo,
1233 2750 1443 2822 praeterquam
1466 2762 1503 2807 ex
1526 2763 1585 2808 ver·

315 2841 425 2904 horum
454 2841 551 2923 eopia,
579 2841 765 2916 discrimine,
789 2853 820 2905 et
841 2843 921 2923 quod
939 2861 1044 2906 omnes
1068 2844 1229 2923 gratiarum
1251 2843 1399 2906 actionem
1422 2846 1585 2920 continent,

317 2955 348 3007 et
375 2943 407 3004 in
438 2943 578 3024 hymnum
601 2943 811 3024 triumphalem
834 2945 984 3018 desinunt,
1013 2946 1130 3008 Latinis
1153 2964 1187 3008 ea
1211 2945 1242 3006 in
1263 2955 1350 3026 parte
1372 2945 1488 3011 similes
1512 2959 1585 3010 sunt.

316 3051 356 3106 nt
383 3045 509 3108 istorum
536 3046 594 3108 alia
624 3045 747 3109 omnino
775 3045 852 3108 ratio
882 3056 939 3110 est.
983 3047 1067 3108 Patet
1098 3047 1177 3110 eninr
1208 3065 1243 3109 ex
1267 3047 1334 3128 ipso
1357 3047 1475 3112 llisseli
1496 3050 1584 3113 reteri

317 3146 511 3226 Gregoriano,
543 3147 713 3226 singulares
740 3147 955 3220 Praelatioues,
983 3166 1044 3210 non
1072 3149 1161 3210 modo
1191 3149 1277 3210 lestis
1302 3151 1497 3232 praecipuis,
1529 3163 1584 3214 tuor

315 3248 471 3311 memoriis
493 3257 665 3312 sanctorum
687 3247 887 3321 celebrandis,
909 3250 962 3310 sed
985 3249 1150 3312 [lominicis
1171 3250 1308 3330 singulis,
1330 3250 1461 3332 aliisque
1483 3254 1585 3318 diebus

316 3349 413 3412 luisse
435 3349 611 3424 destinatas,
640 3352 671 3413 in
699 3349 809 3431 quihus
831 3351 869 3413 de
891 3351 1041 3431 mysteriis
1063 3351 1151 3433 ipsis,
1180 3371 1256 3432 quae
1279 3352 1337 3415 ritu
1360 3354 1481 3417 solenni
1505 3373 1583 3418 rece

314 3449 464 3524 lebantur,
494 3464 527 3514 ut
553 3452 645 3516 etiam
674 3452 711 3514 de
739 3460 910 3514 sanctorum
939 3453 1015 3514 actis
1043 3453 1186 3516 nonnulla
1214 3453 1434 3530 inserebantur,
1458 3456 1535 3522 adeo
1555 3467 1585 3518 ut

316 3551 492 3632 quotidiana
507 3569 603 3634 prope
618 3553 697 3616 loret
709 3553 929 3616 Praelationum
945 3555 1080 3616 mutatio.
1103 3556 1148 3618 Cl.
1164 3555 1238 3620 Cod.
1250 3556 1308 3618 Lit.
1324 3557 1348 3619 l.
1364 3547 1446 3637 pte
1457 3575 1506 3639 sq.
1520 3561 1583 3623 ttt.

316 3651 413 3718 hliam
442 3654 598 3734 utriusque
628 3653 789 3718 ecclcsiae.
805 3654 1037 3736 discrepantiam
1061 3658 1199 3736 agnoscit
1219 3657 1348 3722 Nealius'
1365 3658 1396 3719 in
1419 3660 1581 3740 prolixitate

316 3753 458 3817 orientali
480 3773 516 3816 ac
536 3754 681 3819 brevitate
692 3755 806 3818 Latina.
835 3752 1016 3819 Praesertim
1041 3759 1225 3822 recentiores
1248 3760 1581 3842 tetigit‘praelationes,

314 3875 385 3919 nam
413 3856 534 3920 llissale
562 3856 721 3921 Gothicum
756 3867 787 3920 et
813 3858 1001 3922 lloaarahum
1036 3858 1212 3939 longissime
1247 3862 1378 3924 excurrit
1410 3863 1581 3944 praetendo.

315 3957 477 4021 Praeterea
499 3959 648 4022 Sacerdos
669 3959 795 4022 Latinus
817 3975 891 4022 rooe
912 3961 993 4039 grad
1016 3979 1052 4024 nc
1073 3962 1186 4040 grande
1209 3963 1328 4026 sonanti
1343 3963 1486 4028 decantat
1499 3967 1580 4029 Prae-

316 4060 471 4134 lationem‚
494 4069 527 4124 ut
547 4060 585 4122 ah
607 4061 747 4123 omnihus
769 4061 867 4124 audiri
882 4063 989 4142 possit,
1012 4063 1144 4125 Graecus
1159 4065 1224 4126 eain
1239 4063 1368 4144 perlegit
1380 4069 1554 4146 μυστικῶς.

403 4161 487 4236 Quae
514 4161 653 4242 leguntur
681 4161 713 4224 in
734 4163 809 4226 hnc:
837 4155 971 4248 ᾅδοντα,
995 4165 1144 4244 βοῶντα,
1170 4159 1359 4248 κεκραγότα
1372 4163 1431 4230 καί
1451 4163 1582 4252 λέγοντα

316 4281 378 4325 noo
401 4263 561 4343 designaut
583 4273 712 4344 quatuor
732 4264 834 4326 mundi
857 4264 1015 4337 elenrentn,
1038 4277 1070 4328 nt
1091 4268 1244 4330 nonnullis
1260 4269 1381 4349 placuit,
1406 4287 1505 4350 neqtre
1520 4287 1577 4334 cae

316 4363 378 4427 lum
405 4363 436 4426 in
459 4376 588 4444 quatuor
608 4363 712 4445 plagas
734 4365 872 4439 divisum,
895 4367 948 4430 sed
971 4378 1108 4447 spectant
1130 4369 1166 4431 ad
1183 4369 1577 4450 quadritermesthoroltn.

316 4483 445 4545 quorum
468 4465 582 4529 mentio
604 4467 638 4528 lit
659 4465 690 4527 in
713 4467 871 4548 scriptura.
915 4469 1018 4550 ltaque
1040 4479 1123 4532 recte
1145 4469 1326 4534 Germanus:
1350 4465 1477 4558 ᾆὸαναά
1498 4469 1580 4538 tezo

317 4559 338 4632 ὁ
359 4556 472 4643 αἰετός·
497 4560 629 4649 pomerei
650 4561 740 4632 docta
761 4560 779 4632 ὁ
801 4569 897 4650 βοΐ-ς·
924 4564 1105 4654 κεκραγότα
1125 4562 1145 4636 o‘
1166 4564 1264 4636 λεών·
1292 4568 1349 4637 καί
1370 4569 1508 4660 λέγοντα
1526 4563 1581 4638 εἰν·

313 4665 469 4752 Sponsor.
