3368 5308
691 411 774 484 5251

102 595 148 680 ῦς
153 591 335 724 νεδφυτα
362 595 498 668 ίλαιιῦν
522 586 646 690 κύκλῳ
671 599 737 689 τῆς
760 591 940 692 τραπέζης
966 591 1212 670 αὐτῶνκαὶ
1239 591 1376 690 εὐαρε-

100 693 293 793 στήσαντες
317 691 478 772 ἐνώπιόν
504 715 586 781 σου,
612 691 833 822 λάμφουσιν
853 693 904 778 ὥς
925 701 1117 824 φωστῆρες
1137 692 1241 770 ἐν
1200 701 1366 824 ουρανηῖ,

100 803 136 874 ἐν
168 797 226 873 σοὶ
257 806 311 896 τῷ
344 794 473 893 Κυρίῳ
505 793 625 924 ἡμῶν,
658 797 748 891 μεθ’
787 789 833 871 οὗ
865 792 971 887 δόξα,
1003 795 1150 894 κράτος,
1183 797 1272 894 τιμή
1303 794 1367 871 καὶ

100 895 347 1030 τιροςκύνησις,
380 904 434 994 τῷ
462 893 657 1026 ἀνάρχφ
659 920 727 972 σου
761 896 876 996 πατρὶ
909 894 973 974 καὶ
1004 907 1060 996 τῷ
1093 897 1262 996 ζωοποιῷ
1296 922 1365 976 σσυ

99 998 288 1096 πνεύματι,
314 1008 386 1076 νῦν
410 997 474 1073 καὶ
500 997 571 1088 ἀεὶ,
595 997 659 1112 καὶ
684 1003 735 1084 εὶς
757 999 846 1084 τοῦς
870 1004 1011 1084 αἰῶνας
1036 1008 1115 1077 τῶν
1141 997 1301 1076 αλαίνων.

174 1113 298 1205 ’οκορ
300 1112 348 1196 δε
389 1094 517 1196 Ἀμήν

172 1215 210 1286 ‘0
234 1215 398 1298 nintnovog
455 1207 530 1276 Τοῦ
555 1199 699 1298 Κυρίου
725 1201 936 1299 δεηθιῦμεν.

355 1349 426 1420 Καὶ
446 1345 589 1419 ιεάλινὰ
612 1347 719 1480 ίιρεῦς
738 1351 798 1442 τήν
820 1348 916 1441 εὐχήν
937 1350 1106 1442 ἐκφύνως.

163 1453 361 1540 Ὁθεὸς
343 1484 364 1528 ο
389 1452 513 1582 ἅγιος,
534 1451 554 1527 6
580 1450 764 1538 πλάσας
748 1483 789 1529 εκ
809 1455 899 1551 χοὸς
914 1455 983 1531 τὸν
1000 1458 1221 1554 ἄνθρωπον,
1247 1481 1311 1528 και
1298 1453 1368 1530 ίκ

97 1565 157 1686 τής
178 1563 368 1684 ,πλευρᾶς
395 1555 514 1630 αὐτοῦ
546 1554 844 1652 ἀνοικοδομήσας
875 1563 1037 1686 φυναῖκα
1046 1615 1059 1648 ,
1092 1557 1157 1632 καὶ
1190 1553 1366 1646 συζεύξας

99 1659 194 1757 αύτῷ
226 1656 378 1757 βοηθίνν
411 1657 494 1732 κατ’
525 1657 655 1746 αὐτὸν,
689 1657 753 1732 διδι
786 1657 829 1732 τὸ
855 1659 974 1743 οὕτως
1000 1659 1146 1788 ἀρέσαι
1154 1665 1202 1756 τῇ
1228 1666 1275 1756 σῇ
1301 1687 1367 1752 με·

99 1758 315 1890 γρλειότητι,
345 1758 397 1856 μή
424 1754 544 1844 μόνον
570 1757 665 1834 εἶναι
690 1759 758 1838 τὸν
784 1761 1034 1888 ἄνθρωπον
1018 1760 1077 1835 επὶ
1102 1769 1167 1855 τῆς
1190 1769 1277 1886 γῆς,
1297 1760 1368 1836 αῦ-

99 1862 154 1947 τὸς
176 1863 240 1938 καὶ
266 1870 352 1950 νῦν,
379 1859 553 1949 δέσποτα,
590 1858 911 1944 ὲξαιτόστειλον
870 1891 941 1957 την
963 1859 1070 1959 χεῖρά
1098 1887 1168 1937 σου
1193 1859 1277 1946 ε’ξ’
1256 1861 1366 1962 αγίου

99 1961 372 2060 κατοικητηρίου
399 1987 499 2051 σου,
506 1959 570 2035 καὶ
597 1960 765 2058 ἅρμοσον
790 1963 859 2038 τὸν
884 1961 1024 2039 δοῦλόν
1049 1989 1130 2053 σου,
1154 1962 1278 2051 τόνδε,
1302 1963 1367 2039 καὶ

100 2065 161 2161 τὴν
184 2063 325 2161 δούλην
351 2088 434 2150 σου,
459 2060 630 2159 τήνδε,
610 2092 667 2138 οτι
692 2063 794 2191 τιαρὰ
821 2073 891 2141 σοῦ
909 2063 1109 2161 ἁρμόζεται
1127 2064 1241 2160 ἀνδρὶ
1258 2062 1366 2164 γυνή.

100 2163 285 2257 Σύζευξον
317 2163 455 2248 αὐτούς
487 2163 579 2240 ἐν
561 2164 818 2296 ομοφροσύνη.
860 2164 1119 2295 Στιφάνωσσν
1153 2167 1290 2250 αὐτούς
1316 2172 1367 2252 εἰς

101 2264 212 2366 σάρκα
237 2265 345 2366 μίαν,
368 2263 524 2366 χάρισαι
549 2266 678 2351 αῦτοῒς
702 2267 849 2366 καρπὸν
872 2268 1026 2358 κοιλίας,
1059 2267 1246 2353 εὐτεκνίας
1272 2265 1366 2345 ἁνιό-
1422 2287 1424 2290 ’

100 2376 234 2445 λαυσιν.

163 2504 247 2581 Ὅτι
276 2502 345 2578 σὸν
369 2501 413 2576 τὸ
439 2499 586 2599 κράτος,
612 2501 676 2577 καί
702 2512 771 2579 σοῦ
796 2505 899 2580 ἐστιν
922 2535 947 2602 η
930 2497 1152 2602 βασιλεία,
1177 2504 1280 2634 καλή
1265 2503 1367 2582 δύ-

100 2633 154 2698 μις
183 2607 248 2680 καὶ
287 2635 308 2702 η
294 2601 440 2694 ’δόξοη
473 2612 542 2679 τοῦ
568 2605 720 2702 πατρὸς,
752 2605 817 2679 καὶ
842 2614 911 2682 τοῦ
937 2607 1039 2697 υἱοῦ,
1072 2606 1230 2685 καὶτοῦ
1256 2607 1367 2712 ἁγίου

100 2705 314 2804 πνεύματος,
339 2712 413 2783 νῦν
437 2706 503 2781 καὶ
528 2705 598 2796 ἀεὶ,
622 2706 686 2782 καὶ
711 2711 762 2792 ε’λς
786 2707 875 2793 τοὺς
900 2713 1041 2793 αλιῦνας
1063 2719 1142 2784 τῶν
1168 2705 1331 2785 αῑιύνων.

174 2840 246 2909 Καὶ
266 2839 353 2926 μετὰ
372 2831 411 2909 τὸ
438 2834 524 2927 ἁμήν
545 2838 656 2926 λαβὼν
678 2836 730 2907 6‘
720 2838 827 2928 ιερεὺς
846 2840 889 2908 τὰ
908 2841 1077 2932 στέφανοι,
1090 2846 1111 2924 ¹)
1132 2840 1252 2932 στέφει
1273 2847 1369 2931 πρῶ-

100 2963 149 3008 τον
168 2942 226 3010 τὸν
248 2936 403 3030 νυμφίον,
426 2940 539 3027 λέγων.

174 3046 362 3143 Στίφεται
396 3042 577 3127 ὃδοῦλος
601 3051 669 3119 τοῦ
699 3047 817 3134 Θεοῦ,Ι
841 3043 861 3118 ὁ
888 3041 1006 3133 δεῖνα,
1040 3045 1108 3141 τὴν
1135 3041 1274 3141 δούλην
1299 3054 1368 3122 τοῦ

103 3147 199 3236 θεοῦ,
233 3145 360 3242 τήνδε,
396 3149 447 3228 είς
477 3144 520 3219 τὸ
555 3146 675 3242 ὄνομα
707 3153 776 3220 τοῦ
803 3145 955 3244 πατρὸς,
987 3146 1051 3220 καὶ
1076 3153 1144 3221 τοῦ
1169 3147 1269 3236 υἱοῦ,
1303 3147 1367 3221 καὶ

100 3255 160 3322 τοῦ
184 3249 297 3351 ἁγίου
323 3244 544 3343 πνεύματος.

394 3389 479 3465 Εἶτα
502 3395 621 3486 στίφει
640 3395 697 3464 καί
718 3396 778 3486 τήν
799 3392 931 3487 νύμφην
952 3397 1065 3484 λέγων.

175 3498 416 3598 Στὲφεται
396 3529 419 3596 η
452 3496 570 3597 δούλη
601 3508 670 3576 τοῦ
699 3498 860 3589 θεοῦ,
838 3529 862 3595 η
889 3498 1007 3590 δεινα,
1042 3499 1108 3576 τὸν
1134 3498 1273 3576 δοῦλον
1297 3509 1368 3576 τοῦ

103 3601 200 3728 Θερῦ,
232 3601 302 3678 τὸν
334 3600 454 3691 δεῖνα,
489 3605 539 3685 είς
571 3601 613 3676 τὸ
647 3603 768 3699 ὄνομα
800 3612 870 3677 τοῦ
903 3601 1053 3702 πατρὸς,
1086 3602 1151 3676 καὶ
1174 3612 1243 3678 τοῦ
1267 3604 1368 3694 υἱοῦ,

99 3703 157 3776 καὶ
179 3711 249 3779 τοῦ
277 3703 387 3806 ἁγίου
412 3700 633 3799 πνεύματος.

324 3847 411 3921 Εἶτα
431 3847 561 3940 εῦλογεῖ
583 3849 703 3934 αὐτοὺς
724 3852 805 3939 τρίς,
828 3853 931 3942 λέγων
955 3852 991 3923 ἐκ
1000 3849 1134 3942 τρίτου.

175 3952 312 4084 Κύριε,
360 3955 381 4031 6
426 3953 582 4039 663‘
561 3963 693 4053 ημῶν,
740 3953 830 4054 δόξῃ
877 3957 941 4032 καὶ
985 3964 1075 4053 τιμῇ
1124 3952 1367 4055 στεφάνωσον

101 4053 242 4141 αύτούς.

179 4330 204 4389 1)
231 4331 342 4382 Coronas
369 4331 491 4396 nuptiales
518 4331 591 4382 hodio
618 4331 682 4396 τρσδ
701 4333 806 4382 Graecos
832 4345 860 4382 en
877 4331 952 4382 olivas
971 4345 1047 4392 rsrnn,
1076 4329 1176 4380 candida
1195 4343 1364 4394 purpureaque

102 4417 145 4460 sets
163 4413 196 4472 (in
216 4417 331 4466 castitatis
349 4415 484 4480 symbolum
504 4425 526 4466 et
544 4417 691 4481 posteritatis
709 4415 825 4476 sangnine
843 4415 1013 4480 propagantia
1031 4413 1110 4478 spem)
1132 4412 1279 4464 circnmdttn
1297 4427 1365 4464 conr·

102 4505 232 4555 ponuntur:
259 4506 285 4548 nt
308 4499 392 4550 exindo
418 4501 460 4550 ntii
485 4501 553 4565 quasi
578 4499 684 4550 novettae
712 4499 827 4548 olivarum
853 4501 999 4549 enrrrnecturi
1019 4497 1197 4562 promittantur.
1234 4495 1260 4546 ln
1279 4497 1364 4548 Russin

102 4590 197 4631 coronas
221 4591 348 4645 argenteas
372 4583 408 4634 ιιΙ
432 4599 459 4634 ex
483 4584 530 4635 tlin
550 4584 648 4634 metallo
667 4583 799 4644 contectae,
822 4591 974 4634 asservantur
991 4584 1014 4633 in
1033 4581 1144 4633 ecclesiis
1162 4582 1185 4632 in
1206 4583 1366 4635 matrimoniis

103 4656 268 4718 benedicendis
285 4666 443 4720 adhibendae.
