3336 5302
945 435 1018 510 388

348 626 444 688 solum
473 623 674 686 occidentales
697 622 836 702 ignorant
857 622 910 684 sed
933 622 1009 685 adeo
1031 632 1140 694 sectae,
1171 621 1355 684 orthodoxae
1377 621 1522 684 ecclesiae
1541 641 1598 702 pro-

295 735 298 740 “
347 728 472 809 paginas
496 725 643 787 nesciunt.
673 724 776 804 Neque
799 731 896 784 tamen
919 723 997 804 quod
1018 729 1195 786 sconsueto
1211 741 1294 786 more
1309 723 1441 786 alienum
1456 732 1509 794 est,
1531 724 1597 803 quud

347 827 511 890 inauditum
542 836 572 887 et
599 806 782 896 inusitatum,
810 823 840 886 id
869 843 906 886 ne
936 833 1046 888 temme
1075 834 1107 887 et
1134 824 1355 909 inconsiderate
1377 824 1599 904 reprebendatur

345 929 392 992 rel
414 927 575 1002 reliciatur,
604 925 1024 1006 magnopere‘praridendum
1047 935 1103 988 est.
1124 926 1224 1000 Quod
1247 943 1313 988 cum
1336 924 1388 986 alii
1411 925 1598 1004 neglexerunt

346 1040 407 1091 tum
437 1028 574 1092 corellus
603 1026 715 1104 duglas
745 1026 781 1088 ad
811 1046 845 1088 se
875 1027 1026 1107 pertinere
1054 1026 1159 1099 noluit,
1187 1026 1237 1107 qui
1264 1026 1295 1088 iu
1324 1025 1373 1088 illa
1403 1027 1599 1107 particulamm

345 1131 567 1192 enumeratione
595 1127 775 1206 singularem
803 1129 881 1190 sacri
911 1127 1076 1208 paganismi
1105 1127 1193 1190 ritum
1216 1127 1414 1204 investigavit.
1459 1126 1599 1190 Subtiliter

345 1240 377 1293 ut
399 1231 477 1293 solet
498 1249 533 1292 ac
555 1229 657 1290 sobri·
675 1229 790 1290 Gnarus
812 1228 833 1288 l.
849 1245 875 1290 c.
898 1247 928 1308 p.
947 1231 1006 1292 119
1029 1228 1179 1290 rubricam
1195 1227 1353 1290 diiudicat:
1377 1227 1483 1299 „Circa
1498 1247 1596 1288 morem

344 1332 381 1394 ab
403 1330 539 1393 Ecclesia
562 1330 684 1402 Graeca,
714 1329 744 1390 in
774 1329 946 1390 ollerendis·
967 1349 1023 1392 una
1052 1349 1118 1392 cum
1142 1329 1254 1392 maiori
1271 1329 1407 1409 pluribus
1431 1329 1498 1390 aliis
1519 1329 1596 1407 parti·

344 1433 421 1495 culis
444 1431 643 1502 observatum,
667 1449 754 1512 quern
767 1431 913 1492 brcudius
936 1430 1035 1511 amplo
1058 1439 1089 1492 et
1110 1431 1227 1493 erudito
1243 1449 1382 1493 sermone
1398 1429 1449 1491 lib.
1462 1432 1491 1494 3.
1506 1430 1597 1508 capi.

344 1533 483 1605 illustrat,
512 1531 599 1594 nobis
627 1531 806 1611 compendio
834 1531 865 1592 in
888 1533 1062 1594 memoriam
1085 1533 1293 1604 revocandum,
1321 1531 1514 1608 Er'angelicae
1534 1530 1597 1608 legis

344 1633 523 1699 sacrilicium
547 1651 636 1697 uuum
660 1633 779 1713 quidem
804 1649 881 1705 esse,
905 1641 966 1694 tum
989 1653 1024 1694 ex
1045 1629 1183 1694 victimae
1206 1633 1332 1704 oblatae,
1354 1643 1415 1694 tum
1440 1651 1475 1692 ex
1497 1631 1595 1712 praeri-

343 1736 395 1815 pui
418 1734 590 1797 Sacerdotis
618 1734 726 1814 capito,
754 1735 813 1796 line
840 1753 911 1795 vero
940 1741 972 1797 et
993 1735 1110 1808 ellectu,
1140 1743 1173 1795 ut
1194 1737 1272 1815 quod
1296 1734 1511 1801 sacrificiorum
1532 1733 1596 1793 auti·

344 1855 469 1917 quorum
492 1836 694 1916 perfectiones
717 1843 839 1897 cunctas
861 1835 1087 1916 complectatur,
1110 1835 1263 1915 multiplex
1286 1835 1418 1906 omrriuo,
1449 1834 1595 1908 diversum-

343 1959 412 2020 que.
443 1938 481 2000 tlt
503 1937 581 2000 enim
605 1937 657 1998 illo
680 1936 758 1998 [leus
781 1954 880 1998 rerum
903 1936 1036 1998 omnium
1059 1946 1163 1998 auctor
1185 1936 1314 2016 lltrisque
1336 1937 1454 2008 colitur,
1475 1932 1596 2017 impro-

311 2055 313 2062 “
341 2035 433 2104 τικὸν
455 2049 510 2110 est,
533 2037 735 2108 honorarium,
759 2045 789 2099 el
811 2036 977 2098 holocausti
1001 2037 1105 2112 instar,
1137 2047 1230 2098 totum
1253 2037 1283 2098 in
1306 2037 1374 2098 eius
1394 2037 1534 2098 honorem
1555 2053 1595 2096 ce·

342 2141 400 2203 dit:
421 2148 454 2203 ut
477 2139 541 2200 eius
565 2139 748 2200 maiestatem
771 2126 906 2218 peccatis'
927 2139 1081 2200 hominum
1104 2137 1260 2210 irritatam,
1292 2138 1438 2218 placatam
1460 2137 1552 2199 reddit
1571 2143 1595 2196 et

341 2242 525 2312 benevolam,
549 2231 774 2324 ἱλασθητικὸν,
796 2239 1037 2320 propitiatorium
1050 2247 1106 2310 est,
1129 2239 1227 2302 hostia
1243 2239 1383 2301 nimirum
1400 2258 1454 2319 pro
1469 2247 1593 2320 peccato:

341 2352 375 2406 ut
401 2343 616 2404 beneficiorum
643 2341 709 2402 viee
738 2341 799 2402 lieo
828 2339 1019 2420 rependitur,
1048 2332 1273 2424 εὖχαριστικὸν
1300 2349 1361 2413 est,
1389 2341 1422 2402 in
1450 2340 1592 2419 gratiarum

341 2445 489 2507 actionem
512 2441 660 2517 oblatum3
684 2461 719 2503 ac
742 2436 861 2504 taum
884 2435 1101 2517 instaurabo,
1124 2459 1192 2503 cum
1214 2459 1250 2503 ea
1274 2441 1434 2504 caelestem
1451 2459 1532 2520 opem
1547 2440 1592 2499 im·

309 2589 314 2598 .
340 2545 493 2626 ploramus
522 2551 553 2605 et
574 2543 773 2622 assequimur.
816 2543 870 2606 llis
893 2543 994 2624 itaque
1022 2542 1133 2604 finibus
1165 2551 1195 2604 et
1216 2542 1331 2604 ellectis
1355 2552 1414 2604 tam
1437 2541 1522 2603 variis
1542 2559 1591 2601 unu

342 2645 489 2706 sacrillcio
512 2643 726 2721 significandis,
755 2637 961 2722 excogitarunt
982 2645 1036 2707 SS.
1059 2645 1116 2705 ΡΡ.
1138 2644 1349 2724 particularum
1372 2642 1590 2705 multitudinem:

341 2755 372 2808 et
398 2745 541 2805 maiorem
571 2746 690 2825 quidem
721 2745 851 2806 bostiam
881 2747 964 2825 quasi
994 2745 1201 2832 holocaustum
1224 2745 1254 2806 in
1277 2745 1330 2807 liei
1352 2727 1487 2824 “gloriam
1514 2753 1591 2804 tutan

342 2849 466 2921 cedere;
499 2847 659 2909 secundam
690 2855 719 2908 et
741 2865 852 2926 paucas
874 2847 958 2917 alias,
986 2847 1022 2907 ad
1046 2854 1145 2924 grates
1168 2846 1227 2926 ipsi
1250 2847 1459 2926 rependendas
1480 2864 1529 2926 pra
1550 2845 1590 2903 be·

341 2947 458 3010 noticiis
488 2948 633 3027 beiparae
664 2948 781 3026 virgini,
811 2948 983 3026 sanctisque
1017 2947 1155 3027 plurimis
1178 2947 1334 3010 exbibitis:
1364 2948 1439 3010 alias
1461 2949 1525 3010 item
1546 2963 1590 3024 pro

341 3047 415 3110 viris
442 3061 472 3110 et
499 3049 657 3124 defunctis,
689 3057 748 3110 tum
771 3050 801 3110 iu
825 3057 1014 3130 peccatorum
1038 3049 1248 3129 expiationem,
1277 3058 1338 3111 tum
1361 3048 1397 3111 ad
1421 3067 1494 3110 nora
1515 3047 1589 3108 bene

340 3149 407 3212 licia
436 3151 647 3230 consequenda
676 3151 790 3212 efferri:
822 3160 851 3212 et
879 3151 904 3212 si
933 3151 1008 3213 fines
1036 3151 1092 3212 bos
1121 3160 1246 3212 cunctos
1275 3169 1333 3212 una
1363 3151 1427 3213 sola
1455 3149 1545 3211 hostia
1564 3163 1589 3205 se

340 3250 515 3330 contingere
538 3268 629 3332 posse
651 3252 782 3314 conlldat
802 3251 938 3314 Ecclesia
961 3252 1174 3324 Occidentalis,
1197 3253 1283 3314 cuius
1302 3253 1450 3314 Sacerdos
1471 3251 1534 3312 dum
1554 3249 1589 3308 al·

341 3354 407 3426 lert,
430 3353 478 3413 bis
502 3354 658 3433 conceptis
681 3353 779 3416 verbis
803 3363 882 3416 orat:
904 3353 1031 3433 Suscipe
1054 3353 1301 3415 sanctal'rinitas
1317 3354 1395 3415 banc
1417 3352 1588 3415 oblationem,

341 3473 429 3536 quarn
457 3455 511 3516 tibi
541 3455 694 3516 oderimus
723 3456 761 3516 ob
792 3455 977 3525 memoriam,
1006 3464 1063 3516 etc.
1107 3454 1208 3516 Utrum
1232 3473 1301 3516 veru
1323 3455 1426 3534 plures
1448 3451 1588 3533 particulas

340 3575 552 3637 nonnunquam
581 3557 684 3618 eadem
708 3556 841 3618 Ecclesia
865 3554 1015 3626 obtulerit,
1045 3555 1125 3618 nulla
1149 3556 1264 3618 videtur
1286 3557 1403 3618 ratione
1426 3555 1587 3634 qeqaudunr:

341 3655 515 3719 Oblationes
538 3657 616 3719 eninr
647 3667 678 3719 ut
700 3658 801 3735 plures
824 3676 913 3738 saepe
936 3667 1169 3718 commemorant
1192 3657 1290 3718 Latini
1313 3657 1370 3718 ΡΡ.
1393 3666 1424 3719 et
1445 3658 1523 3718 Ordo
1542 3655 1587 3715 llo·

340 3777 448 3821 manus
472 3769 514 3820 tot
536 3758 617 3819 iubet
639 3777 656 3818 a
678 3759 878 3827 subdiaconis
902 3756 1015 3820 oblatas
1037 3758 1168 3838 disponi,
1198 3768 1271 3837 quot
1293 3759 1404 3819 luerint
1425 3757 1532 3838 pupulo
1549 3770 1586 3813 sa·

340 3860 400 3924 cris
428 3859 644 3940 participaturo
672 3859 876 3926 necessariae:
907 3879 944 3922 an
968 3879 1036 3922 vero
1068 3859 1107 3922 ita
1131 3859 1243 3922 luerint
1264 3859 1420 3922 ordinatae
1443 3868 1473 3922 ut
1494 3855 1585 3919 unaiu

308 3985 310 3990 ·
340 3961 437 4024 sancti
460 3959 557 4032 unius,
586 3961 709 4024 altera'
702 3981 731 4022 ru
754 3961 876 4050 alterius
899 3961 1044 4023 bonorem
1067 3962 1234 4034 aberretur,
1263 3961 1360 4022 nullus
1390 3979 1457 4022 cum
1478 3953 1586 4022 auctori·

341 4071 399 4124 tate
422 4061 538 4132 dixerit,
561 4063 614 4123 sed
637 4081 741 4124 omnes
765 4059 884 4124 simul
876 4081 906 4123 ru
930 4062 1104 4125 memoriam
1127 4063 1248 4134 Cbristi,
1271 4031 1305 4123 ll.
1328 4063 1467 4140 Virginis,
1488 4067 1585 4122 sancto

339 4182 403 4225 rum
427 4163 583 4236 bonorem,
605 4181 660 4242 pru
682 4163 814 4225 vivorum
838 4175 868 4225 et
889 4163 946 4225 vita
971 4166 1140 4227 iunctorum
1162 4162 1259 4225 salute
1274 4163 1422 4225 immolari
1439 4169 1585 4225 consuetas,

339 4275 386 4326 est
412 4264 634 4326 sentiendum.“
678 4265 715 4325 At
742 4264 822 4345 quod
849 4265 1011 4346 particulas
1038 4265 1105 4326 illas
1129 4263 1308 4326 sacrificium
1332 4253 1547 4348 ευχαριστικόν
1563 4263 1585 4316 cl

339 4358 556 4440 ἐπιτευτικόν,
584 4365 613 4426 id
644 4365 742 4427 minus
764 4373 845 4427 recte
867 4365 1031 4446 protulisse
1053 4365 1180 4426 videtur.
1225 4365 1351 4445 Propius
1375 4371 1411 4427 ad
1435 4381 1527 4428 verum
1546 4373 1584 4420 at·

340 4457 433 4528 c'essit
454 4467 590 4543 llingius.
634 4466 675 4528 Ex
698 4467 764 4528 eius
786 4467 864 4528 enim
888 4468 1036 4530 sententia
1057 4465 1271 4548 particularum
1293 4466 1450 4529 multitudo
1473 4461 1584 4526 indisso

340 4567 484 4628 cobocata
507 4567 657 4645 signifieat
678 4567 920 4630 communionem
935 4569 1113 4630 Sanctorum
1136 4577 1167 4630 ct
1188 4569 1328 4632 unionem
1345 4568 1584 4648 mysticamque

339 4665 419 4729 inter
446 4667 598 4732 Christum
627 4677 659 4731 et
684 4669 813 4731 Sanctus
841 4667 907 4730 eius
937 4669 1059 4732 omnino
1082 4687 1198 4746 omnes,
1226 4669 1278 4750 qui
1302 4670 1409 4732 fidaei
1432 4665 1582 4730 adbaerent
