3314 5304
671 413 744 488 353

156 596 260 671 XXV.
300 608 372 678 Καί
398 604 418 678 6
445 608 507 697 μὲν
535 606 641 697 ίερεύς
667 607 865 702 ἀποτίθησί
883 611 923 681 τὸ
951 610 1047 701 άγιον
1067 611 1230 703 ποτήριον
1252 613 1288 682 ἒν
1308 621 1349 706 τῇ
1434 609 1438 616 ’

82 707 152 802 ογίρ
171 709 336 802 τραπέζῃ·
360 710 418 780 τὸν
440 711 478 782 δὲ
499 707 595 800 άγιον
617 709 730 782 δίσκον
750 714 863 800 λαβὼν
884 710 954 783 ἀπὸ
976 720 1036 804 τῆς
1048 719 1109 782 τού
1123 713 1280 785 διακόνου
1293 740 1349 785 κε-

82 814 192 903 φαλῆς,
214 807 405 904 άποτίθησι
425 811 483 882 καί
505 809 606 881 αὐτὸν
625 819 666 906 τῇ
688 809 767 907 άγίηε
787 814 947 907 τραπέζῃ,
968 815 1088 903 λέγων·

149 915 193 994 Ὁ
218 912 418 1013 εὐσχήμων
428 913 584 1013 Ἰωσήφ·
614 917 687 992 ἀπὸ
712 924 780 992 τοῦ
808 915 919 1002 ξύλου
944 918 1121 996 καθελών
1145 917 1188 994 τὸ
1206 920 1349 1019 ἄχραν-

81 1014 140 1094 τόν
171 1042 242 1093 σου
276 1025 400 1114 σῶμα,
437 1014 583 1094 σινδόνι
615 1021 770 1118 καθαρᾷ
804 1014 949 1116 είλήσας
979 1019 1043 1095 καί
1076 1019 1274 1117 ἀρώμασιν
1306 1027 1348 1100 ἐν

82 1115 238 1216 μνήματι
263 1127 382 1217 καινῷ
407 1116 590 1216 κηδεύσας
616 1119 787 1195 ἀπέθετο.
816 1121 880 1195 Ἐν
904 1118 1014 1219 τάφῳ
1033 1131 1253 1220 σωματικῶς
1269 1133 1346 1200 κτλ.

79 1220 134 1306 Ὡς
158 1218 363 1321 ζωηφόρος,
390 1220 441 1306 ὥς
465 1219 694 1319 παραδείσου
721 1219 942 1321 ὥραιότερος
967 1221 1084 1308 όντως
1108 1223 1173 1298 καί
1203 1223 1347 1300 παστά-

84 1322 139 1406 δος
161 1318 281 1419 πάσης
312 1324 506 1422 βασιλικῆς
538 1321 797 1398 ἀναδίδεικται
828 1320 1099 1424 λαμπρότερος,
1133 1325 1293 1424 Χριστί,
1327 1327 1348 1404 6

83 1423 190 1524 τάφος
216 1448 300 1512 σου,
325 1423 471 1526 η”πηγίη
495 1432 562 1520 τῆς
585 1423 695 1522 ἡμῶν
720 1422 970 1510 ἀναστάσεως.

157 1550 241 1624 Εἶτα
261 1553 306 1622 τὰ
325 1553 387 1641 μὲν
406 1553 606 1642 καλύμματα
627 1549 711 1645 ἀρας
731 1552 801 1626 ἀπό
822 1582 859 1625 τε
880 1561 941 1625 τοῦ
961 1553 1053 1647 ἱεροῦ
1074 1553 1198 1641 δίσκου,
1219 1560 1277 1628 καί
1289 1567 1350 1638 τοῦ

85 1653 168 1744 ἆγίου
190 1653 365 1746 ποτηρίου,
387 1653 523 1745 τίθησιν
545 1657 580 1726 ἒν
602 1654 651 1726 ἑνί
667 1657 762 1746 μέρει
776 1663 835 1747 τῆς
848 1655 946 1746 ’ἀγίας
959 1657 1126 1750 τραπέζης
1139 1659 1198 1727 τὸν
1213 1659 1251 1729 δι’
1265 1655 1349 1751 ἀέρα

86 1753 145 1826 ἀπὸ
164 1765 229 1826 τῶν
249 1764 310 1827 τοῦ
333 1754 490 1827 διακόνου
512 1752 611 1846 κίμων
632 1757 753 1844 λαβὼν,
777 1759 835 1828 καί
855 1753 1028 1845 θυμιάσας
1049 1758 1207 1844 σκεπάζει
1229 1758 1272 1832 δι’
1290 1759 1350 1832 αὐ-

85 1865 136 1926 τοῦ
154 1859 196 1928 τὰ
216 1857 308 1947 άγια,
330 1859 451 1946 λέγων·

152 1960 194 2040 ‘0
218 1958 417 2059 εὐσχήμων
435 1960 590 2061 Ἰωσήφ·
615 1975 679 2057 ἕως
698 1983 769 2059 τοῦ,
799 1957 982 2059 κηδεύσας
1007 1963 1178 2039 ἀπέθετο.
1202 1978 1273 2048 Καί
1288 1979 1349 2048 λα.

85 2077 143 2162 nov
161 2078 217 2147 τὸν
238 2078 406 2164 θομιατὸν
428 2078 464 2148 ἔτι
484 2083 550 2145 τῶν
570 2085 630 2146 τοῦ
652 2075 807 2147 διακόνου
826 2085 954 2167 χειρῶν,
976 2083 1088 2170 θυμιᾷ
1108 2078 1150 2147 τὰ
1172 2077 1252 2170 ἅγια
1266 2081 1348 2168 τρίς,

87 2179 190 2265 λέγων·
227 2163 318 2240 Τότε
352 2165 572 2241 ἀνοίσουσιν
603 2163 661 2240 ἐπὶ
694 2165 737 2239 τὸ
769 2161 1044 2263 θυσιαστήριόν
1077 2191 1154 2260 σουΙ
1171 2165 1347 2265 μόσχους.

87 2280 147 2347 Καὶ
170 2277 322 2361 ἀποδούς
347 2280 406 2348 τὸν
432 2280 611 2366 θομιατόν,
639 2280 697 2349 καί
721 2278 870 2364 χαλάσας
896 2281 935 2350 τὸ
964 2279 1142 2371 φελάνιον,
1171 2280 1285 2364 κλίνας
1308 2309 1346 2352 τε

88 2380 138 2468 την
155 2382 301 2472 κεφαλὴν
323 2381 414 2470 λέγει
434 2383 522 2473 πρὸς
543 2382 601 2451 τὸν
623 2379 788 2452 διάκονον.

89 2629 208 2702 γαλύνατε
233 2633 282 2690 τύν
298 2629 405 2706 Κύριον
429 2633 483 2690 σύν
506 2635 570 2708 ίμολ
587 2639 635 2690 καλ
652 2631 813 2706 ὐψιίσωμεν
829 2633 860 2689 τὸ
879 2633 970 2705 ὄνομα
988 2638 1074 2690 αὐτοῦ
1090 2637 1138 2690 nn
1155 2635 1185 2691 τὸ
1197 2633 1270 2692 αὐτό
1289 2639 1346 2706 (hc.

90 2721 130 2783 24).
159 2721 216 2773 Καὶ
233 2720 311 2774 αὐτοὶ
328 2718 540 2793 ἀποκρίνονται·
564 2719 594 2775 τὸ
618 2723 728 2792 πνεῦμα
747 2715 829 2791 ἅγιον
847 2714 1022 2775 ἐπελεύσεται
1039 2723 1093 2776 κτλ.
1128 2723 1186 2773 Καὶ
1203 2717 1285 2782 αὐτὸς
1300 2725 1348 2777 λέ-

89 2819 135 2870 γει·
156 2801 237 2872 α’μίην,
262 2799 346 2876 ἀμὴν,
369 2804 478 2876 γένοιτό
494 2823 547 2877 μοι
562 2806 631 2858 κατὰ
648 2801 678 2857 τὸ
696 2806 770 2876 ῥῆμα
787 2803 867 2873 ὐμῶν
884 2807 931 2858 καλ
946 2810 1086 2875 μνησθείη
1104 2801 1218 2860 πάντων
1234 2801 1315 2877 ὐμῶν
1331 2801 1347 2862 6

93 2885 149 2946 Θεύς
163 2889 193 2942 έν
209 2891 240 2960 τῇ
255 2891 382 2958 βασιλείᾳ
399 2891 455 2942 τοῖν
471 2889 599 2964 οὐρανόν
616 2885 744 2955 πάντοτε,
762 2889 814 2941 νῦν
831 2890 878 2940 καλ
895 2887 947 2945 ἀεί.
978 2884 1009 2943 ‘0
1025 2885 1168 2950 διάκονος·
1193 2888 1347 2959 πληρώσω-

89 2987 134 3034 μεν
147 2973 199 3026 κτλ.
218 3001 249 3012 -
274 2976 304 3028 ΙΙ.
323 2979 350 3029 C.
375 2979 432 3029 von.
449 2978 507 3028 687.
543 2978 665 3028 Sacerdos
684 2983 739 3028 τετε
758 2977 863 3027 ῠλτιοοο
888 2979 1031 3042 λωροιτετιττ
1054 2973 1086 3027 έν
1108 2966 1202 3045 εἰρήνη
1226 2972 1347 3041 ἐπάρατε

91 3049 129 3114 τίς
144 3061 236 3128 χεῖρας
257 3051 338 3126 ἡμῶν
361 3061 400 3117 εἰς
416 3055 448 3110 τά
467 3057 534 3127 ἀγια
551 3059 599 3110 καλ
615 3056 753 3126 εὐλογεῖτε
771 3053 819 3109 τὸν
835 3053 956 3127 Κύριον·
980 3051 1129 3125 εὐλογησαι
1145 3071 1176 3110 σε
1195 3052 1299 3127 Κύριος
1316 3059 1347 3112 ίκ
1456 3092 1467 3108 .

91 3136 154 3190 Σιών
170 3139 183 3194 6
200 3135 317 3208 ποιήσας
334 3137 382 3196 τόν
399 3139 521 3212 οὐρανὸν
537 3143 585 3196 καλ
602 3139 651 3208 τὴν
666 3143 728 3210 γῆν,
746 3134 873 3206 πάντοτε,
891 3143 942 3193 νῦν
958 3141 1007 3193 καλ
1024 3137 1068 3192 ἀελ
1084 3141 1131 3192 καλ
1147 3142 1187 3201 είς
1204 3139 1267 3201 τούς
1277 3145 1345 3194 αλαλ-

91 3239 131 3282 τας
148 3227 199 3276 τοῖν
220 3219 340 3280 αίιόνων.
370 3221 401 3278 ‘0
424 3225 563 3287 διάκονος·
588 3218 671 3295 ἀμήν.
706 3217 775 3277 Είτα
799 3223 848 3278 τὸν
870 3223 953 3294 δγιον
976 3223 1074 3276 δίσκον
1097 3223 1145 3276 nn
1163 3227 1208 3290 τῆς
1224 3228 1348 3296 κορυφῆς

91 3307 160 3362 αὐτοῦ
175 3306 189 3364 6
206 3304 337 3370 διάκονος
352 3305 423 3380 μετὰ
439 3311 590 3382 προςευχῆς
605 3301 742 3380 λαμβάνει
758 3310 814 3361 κτλ.
841 3337 869 3347 -
890 3309 938 3360 καλ
955 3303 1086 3366 πολλάκις
1103 3311 1180 3362 τοῦτο
1198 3311 1347 3380 (μνησθείη

91 3387 178 3460 Κύριος
199 3391 213 3448 6
241 3391 310 3455 Θεός
333 3387 448 3448 πάντων
470 3391 550 3465 ὐμῶν
573 3395 638 3458 κτλ.)
663 3395 806 3462 λέγουσιν’,
829 3389 881 3451 ἕως
903 3391 1036 3464 πληρωθῇ
1058 3388 1076 3456 ἡ
1099 3387 1208 3462 μεγάλη
1232 3392 1346 3454 είςοδος.

93 3475 269 3550 Ηιερχόμενοι
287 3478 317 3532 δὲ
336 3483 375 3539 είς
391 3475 421 3533 τὸ
439 3474 521 3548 ἀγιον
537 3480 612 3550 βῆμα
629 3481 740 3547 λέγουσι
757 3476 818 3529 καθ’
839 3471 965 3537 ἑαυτούς·
983 3473 1169 3546 εὐλογημένος
1185 3476 1217 3529 έν
1227 3472 1345 3548 ὀνόματι

92 3563 190 3630 Κυρίου.
223 3557 292 3616 Εἶτα
317 3558 331 3618 6
356 3556 486 3622 διάκονος
508 3558 593 3615 πάλιν
620 3561 689 3634 πρὸς
712 3559 761 3614 τόν
782 3563 857 3628 ἱερέα
881 3559 930 3628 τὴν
946 3556 1072 3630 κεφαλὴν
1088 3555 1240 3620 ὐποκλίνας
1258 3563 1346 3632 λέγει·

92 3645 215 3712 μνήσθητί
228 3665 295 3718 μου,
313 3647 435 3700 δέσποτα
453 3645 524 3717 ἅγιε,
543 3648 580 3714 τῷ
597 3645 762 3717 ἁμαρτωλῷ.
796 3646 855 3697 Καὶ
872 3641 887 3700 6
905 3641 1007 3716 ἱερεύς·
1024 3650 1163 3714 μνησθείη
1181 3661 1233 3699 σου
1244 3643 1349 3718 Κύριος

93 3721 105 3778 6
121 3730 179 3790 Θεὸς
195 3729 225 3784 έν
242 3735 273 3804 τι]
288 3734 413 3800 βασιλείᾳ
430 3735 487 3788 κτλ,
524 3737 581 3786 Post
598 3736 787 3785 incensationem
806 3736 869 3786 ιετὶε
893 3761 925 3772 -
943 3725 958 3784 6
977 3723 1106 3789 διάκονος
1123 3732 1213 3802 θυμιᾷ
1230 3727 1263 3783 τὰ
1279 3726 1346 3801 άγια

94 3813 139 3878 ῖρὶί
152 3818 235 3884 λέγων
252 3812 352 3876 οὕτως·
370 3809 612 3886 ιἰγάθυνονΚύρτε
631 3815 663 3868 έν
681 3816 712 3887 τῇ
729 3813 841 3882 εὐδοκία
859 3829 911 3868 σου
928 3808 976 3878 τὴν
993 3809 1079 3866 Σιών.
1113 3807 1182 3866 Είτα
1201 3807 1347 3882 εὐχόμενοι

93 3893 128 3946 τό·
149 3893 161 3948 6
181 3897 247 3959 Θεὸς
270 3895 400 3967 ἱλάσθητί
420 3918 477 3970 μου
500 3901 556 3952 κτλ.
581 3901 744 3971 ἔμπροσθεν
766 3901 812 3966 τῆς
834 3896 916 3967 ἁγίας
932 3899 1064 3968 τραπέζης
1080 3900 1264 3972 προςκυνοῦσι
1282 3902 1346 3968 τρίς.

94 3981 139 4030 Καὶ
154 3977 166 4035 6
181 3983 233 4053 μὲν
249 3980 339 4054 ίερεύς
355 3985 471 4052 ἵσταται,
489 3979 503 4037 6
522 3984 552 4038 δὲ
570 3979 699 4043 διάκονος
717 3978 764 4048 τὴν
782 3981 887 4050 αὐχένα
904 3983 998 4042 κλίνας
1016 3979 1085 4052 πρὸς
1101 3981 1149 4034 τὸν
1166 3983 1241 4051 ίερέα
1258 3983 1347 4050 λέγει·

94 4050 156 4122 &Em
171 4064 237 4138 ὑπὲρ
255 4069 333 4138 ἐμοῦ,
351 4069 483 4122 δέσποτα.
507 4064 537 4122 ‘0
554 4068 583 4120 δὲ
602 4065 691 4138 λερεύς
707 4071 793 4136 λέγει·
812 4067 924 4136 πνεῦμα
941 4065 1023 4135 ἀγιον
1040 4068 1097 4120 κτλ.
1122 4061 1152 4118 '0
1168 4066 1198 4118 δὲ
1217 4059 1348 4125 διάκονος

94 4145 164 4214 ὶίγει·
182 4149 209 4205 τύ
226 4151 293 4206 αὐτὸ
311 4153 422 4222 πνεῦμα
439 4155 496 4206 κτλ.
513 4151 656 4224 μνήσθητί
669 4169 736 4224 μου,
754 4151 873 4205 δέσποτα
891 4150 962 4220 ἅγιε.
984 4145 1014 4204 Ι0
1030 4149 1060 4204 δὲ
1071 4147 1253 4224 λερεύςλέγει·
1271 4165 1346 4218 μνη-

95 4233 160 4300 σθείη
175 4251 224 4290 σου
241 4239 298 4292 κτλ.
332 4238 390 4290 Kal
406 4236 601 4310 προςκυνήσας
617 4236 725 4306 ἔρχεται
741 4234 773 4289 έν
791 4238 827 4303 τῷ
844 4231 960 4302 συνήθει
977 4230 1053 4302 τόπερ
1071 4235 1173 4302 λέγων·
1192 4228 1346 4304 πληρώσω-

94 4330 137 4382 μεν
150 4323 201 4376 κτλ.

165 4407 239 4460 Edilio
258 4411 344 4461 Veneto
363 4413 486 4474 vetustior,
505 4426 519 4460 τ
538 4409 616 4462 Gonro
636 4418 832 4472 οοωιοιωοιυιτ,
855 4416 936 4460 monet
954 4407 1118 4466 Sacerdotem,
1143 4420 1172 4456 no
1197 4405 1220 4455 in
1245 4405 1345 4456 circuilu

98 4499 191 4550 ”nonos
208 4495 230 4544 in
249 4496 339 4560 ιεοηιΙο
359 4496 465 4547 intentes
483 4495 545 4562 pede
572 4503 660 4557 ιτιιητι,
685 4494 728 4543 sed
747 4503 800 4545 οτεῑ
817 4493 971 4544 solummodo
990 4507 1034 4558 pro
1053 4491 1089 4541 Ιλτ.
1125 4489 1166 4538 Rs.
1190 4485 1223 4538 ἓν
1238 4477 1346 4557 μεγάλη

97 4567 174 4637 ῑίίὸδφ
197 4592 279 4642 preces
298 4581 375 4631 tondit
396 4597 442 4646 pro
467 4581 613 4646 λωρεττιοτε
636 4587 660 4630 ιι
683 4579 773 4629 romilio
798 4579 859 4642 είοτ,
884 4593 928 4643 pro
946 4584 1027 4630 ιτοειτ
1046 4576 1147 4640 synodo,
1171 4589 1217 4640 pro
1235 4573 1346 4626 omnibns

98 4651 219 4714 Chninionis
234 4665 382 4716 orthodoxis.
1133 4652 1137 4662 ’
