<?xml version="1.0" encoding="UTF-8"?>
<!DOCTYPE html PUBLIC "-//W3C//DTD XHTML 1.0 Transitional//EN"
    "http://www.w3.org/TR/xhtml1/DTD/xhtml1-transitional.dtd">
<html xmlns="http://www.w3.org/1999/xhtml" xml:lang="en" lang="en">
 <head>
  <title>
</title>
<meta http-equiv="Content-Type" content="text/html;charset=utf-8" />
  <meta name='ocr-system' content='tesseract 3.04.00' />
  <meta name='ocr-capabilities' content='ocr_page ocr_carea ocr_par ocr_line ocrx_word'/>
</head>
<body>
  <div class='ocr_page' id='page_1' title='image "./codexliturgicus04danigoog/codexliturgicus04danigoog_0122.png"; bbox 0 0 3378 5302; ppageno 0'>
   <div class='ocr_carea' id='block_1_1' title="bbox 691 450 756 524">
    <p class='ocr_par' dir='ltr' id='par_1_1' title="bbox 691 450 756 524">
     <span class='ocr_line' id='line_1_1' title="bbox 691 450 756 524; baseline -0.031 0"><span class='ocrx_word' id='word_1_1' title='bbox 691 450 756 524; x_wconf 91' lang='lat'><strong>111</strong></span> 
     </span>
    </p>
   </div>
   <div class='ocr_carea' id='block_1_2' title="bbox 84 614 1365 1224">
    <p class='ocr_par' dir='ltr' id='par_1_2' title="bbox 84 614 1365 1124">
     <span class='ocr_line' id='line_1_2' title="bbox 84 614 1365 732; baseline 0.007 -28"><span class='ocrx_word' id='word_1_2' title='bbox 84 628 155 704; x_wconf 78' lang='grc' dir='ltr'><strong>καὶ</strong></span> <span class='ocrx_word' id='word_1_3' title='bbox 190 623 404 724; x_wconf 70' lang='lat' dir='ltr'><strong>cincinnus</strong></span> <span class='ocrx_word' id='word_1_4' title='bbox 437 627 515 704; x_wconf 86' lang='grc' dir='ltr'><strong>καὶ</strong></span> <span class='ocrx_word' id='word_1_5' title='bbox 548 628 809 708; x_wconf 76' lang='grc' dir='ltr'><strong>ἀθανάτων</strong></span> <span class='ocrx_word' id='word_1_6' title='bbox 841 614 1000 711; x_wconf 53' lang='lat' dir='ltr'><strong>adaco*</strong></span> <span class='ocrx_word' id='word_1_7' title='bbox 1017 641 1211 732; x_wconf 81' lang='grc' dir='ltr'><strong><em>χειρῶν,</em></strong></span> <span class='ocrx_word' id='word_1_8' title='bbox 1246 637 1365 712; x_wconf 78' lang='grc' dir='ltr'><strong><em>ἀνα·</em></strong></span> 
     </span>
     <span class='ocr_line' id='line_1_3' title="bbox 84 729 1361 838; baseline 0.007 -34"><span class='ocrx_word' id='word_1_9' title='bbox 84 731 260 829; x_wconf 74' lang='grc' dir='ltr'><strong><em>βλέψας</em></strong></span> <span class='ocrx_word' id='word_1_10' title='bbox 302 733 368 814; x_wconf 80' lang='grc' dir='ltr'><strong>εὶς</strong></span> <span class='ocrx_word' id='word_1_11' title='bbox 407 729 490 806; x_wconf 76' lang='grc' dir='ltr'><strong>τὸν</strong></span> <span class='ocrx_word' id='word_1_12' title='bbox 531 731 757 828; x_wconf 78' lang='grc' dir='ltr'><strong><em>οὐρανὸν,</em></strong></span> <span class='ocrx_word' id='word_1_13' title='bbox 798 734 877 810; x_wconf 85' lang='grc' dir='ltr'><strong>καὶ</strong></span> <span class='ocrx_word' id='word_1_14' title='bbox 911 733 1164 822; x_wconf 81' lang='grc' dir='ltr'><strong><em>ἀναδείξας</em></strong></span> <span class='ocrx_word' id='word_1_15' title='bbox 1196 738 1268 812; x_wconf 77' lang='grc' dir='ltr'><strong><em>σοὶ</em></strong></span> <span class='ocrx_word' id='word_1_16' title='bbox 1300 748 1361 838; x_wconf 69' lang='lat' dir='ltr'><strong>eq*</strong></span> 
     </span>
     <span class='ocr_line' id='line_1_4' title="bbox 88 830 1362 938; baseline 0.008 -32"><span class='ocrx_word' id='word_1_17' title='bbox 88 837 173 930; x_wconf 80' lang='grc' dir='ltr'><strong>θεῷ</strong></span> <span class='ocrx_word' id='word_1_18' title='bbox 200 830 279 906; x_wconf 82' lang='grc' dir='ltr'><strong>καὶ</strong></span> <span class='ocrx_word' id='word_1_19' title='bbox 309 832 484 924; x_wconf 75' lang='grc' dir='ltr'><strong><em>Πατρὶ,</em></strong></span> <span class='ocrx_word' id='word_1_20' title='bbox 519 832 880 932; x_wconf 81' lang='grc' dir='ltr'><strong><em>εὐχαριστήσας,</em></strong></span> <span class='ocrx_word' id='word_1_21' title='bbox 915 833 1131 938; x_wconf 81' lang='grc' dir='ltr'><strong><em>ἁγιάσας,</em></strong></span> <span class='ocrx_word' id='word_1_22' title='bbox 1164 837 1362 930; x_wconf 79' lang='grc' dir='ltr'><strong><em>κλάσας,</em></strong></span> 
     </span>
     <span class='ocr_line' id='line_1_5' title="bbox 85 933 1361 1034; baseline 0.008 -27"><span class='ocrx_word' id='word_1_23' title='bbox 85 933 256 1010; x_wconf 76' lang='grc' dir='ltr'><em>ἔδωκεν</em></span> <span class='ocrx_word' id='word_1_24' title='bbox 280 934 398 1030; x_wconf 80' lang='grc' dir='ltr'><em>ἡμῖν</em></span> <span class='ocrx_word' id='word_1_25' title='bbox 423 941 522 1020; x_wconf 85' lang='grc' dir='ltr'><strong><em>τοῖς</em></strong></span> <span class='ocrx_word' id='word_1_26' title='bbox 548 935 694 1012; x_wconf 86' lang='grc' dir='ltr'><strong><em>αὐτοῦ</em></strong></span> <span class='ocrx_word' id='word_1_27' title='bbox 710 937 1047 1034; x_wconf 77' lang='grc' dir='ltr'><strong><em>μαθηταῖςκαὶ</em></strong></span> <span class='ocrx_word' id='word_1_28' title='bbox 1065 937 1361 1032; x_wconf 76' lang='grc' dir='ltr'><strong><em>ἀποστόλοις,</em></strong></span> 
     </span>
     <span class='ocr_line' id='line_1_6' title="bbox 86 1033 242 1124; baseline 0.026 -16"><span class='ocrx_word' id='word_1_29' title='bbox 86 1033 242 1124; x_wconf 71' lang='lat' dir='ltr'><strong>stude,</strong></span> 
     </span>
    </p>

    <p class='ocr_par' dir='ltr' id='par_1_3' title="bbox 517 1133 926 1224">
     <span class='ocr_line' id='line_1_7' title="bbox 517 1133 926 1224; baseline 0.012 -21"><span class='ocrx_word' id='word_1_30' title='bbox 517 1135 689 1224; x_wconf 81' lang='grc' dir='ltr'><strong><em>Λέγουσιν</em></strong></span> <span class='ocrx_word' id='word_1_31' title='bbox 711 1133 745 1205; x_wconf 78' lang='grc' dir='ltr'><strong>οἱ</strong></span> <span class='ocrx_word' id='word_1_32' title='bbox 767 1133 926 1208; x_wconf 79' lang='grc' dir='ltr'><strong><em>διάκονοι.</em></strong></span> 
     </span>
    </p>
   </div>
   <div class='ocr_carea' id='block_1_3' title="bbox 153 1237 1282 1340">
    <p class='ocr_par' dir='ltr' id='par_1_4' title="bbox 153 1237 1282 1340">
     <span class='ocr_line' id='line_1_8' title="bbox 153 1237 1282 1340; baseline 0.005 -28"><span class='ocrx_word' id='word_1_33' title='bbox 153 1241 237 1322; x_wconf 71' lang='grc' dir='ltr'><strong>Εἰς</strong></span> <span class='ocrx_word' id='word_1_34' title='bbox 264 1237 438 1337; x_wconf 81' lang='grc' dir='ltr'><strong><em>ἄφεσιν</em></strong></span> <span class='ocrx_word' id='word_1_35' title='bbox 464 1237 709 1337; x_wconf 78' lang='grc' dir='ltr'><strong><em>ἁμαρτιῶν</em></strong></span> <span class='ocrx_word' id='word_1_36' title='bbox 733 1238 811 1316; x_wconf 83' lang='grc' dir='ltr'><strong>καὶ</strong></span> <span class='ocrx_word' id='word_1_37' title='bbox 837 1245 901 1325; x_wconf 73' lang='grc' dir='ltr'><strong>εἰς</strong></span> <span class='ocrx_word' id='word_1_38' title='bbox 927 1241 1047 1340; x_wconf 80' lang='grc' dir='ltr'><em>ζωὴν</em></span> <span class='ocrx_word' id='word_1_39' title='bbox 1072 1237 1282 1320; x_wconf 70' lang='grc' dir='ltr'><strong><em>αἰώνιον.</em></strong></span> 
     </span>
    </p>
   </div>
   <div class='ocr_carea' id='block_1_4' title="bbox 87 1365 1360 1857">
    <p class='ocr_par' dir='ltr' id='par_1_5' title="bbox 87 1365 1360 1857">
     <span class='ocr_line' id='line_1_9' title="bbox 586 1365 845 1464; baseline 0 -24"><span class='ocrx_word' id='word_1_40' title='bbox 586 1365 672 1440; x_wconf 78' lang='grc' dir='ltr'><strong><em>Εἶτα</em></strong></span> <span class='ocrx_word' id='word_1_41' title='bbox 693 1371 845 1464; x_wconf 73' lang='grc' dir='ltr'><strong><em>ἐκφανεῖ.</em></strong></span> 
     </span>
     <span class='ocr_line' id='line_1_10' title="bbox 151 1467 1359 1576; baseline 0.005 -29"><span class='ocrx_word' id='word_1_42' title='bbox 151 1467 365 1572; x_wconf 75' lang='grc' dir='ltr'><em>Λάβετε,</em></span> <span class='ocrx_word' id='word_1_43' title='bbox 399 1471 587 1576; x_wconf 68' lang='grc' dir='ltr'><strong><em>φάγετε·</em></strong></span> <span class='ocrx_word' id='word_1_44' title='bbox 622 1473 761 1552; x_wconf 85' lang='grc' dir='ltr'><strong><em>τοῦτό</em></strong></span> <span class='ocrx_word' id='word_1_45' title='bbox 796 1505 886 1573; x_wconf 83' lang='grc' dir='ltr'><strong>μου</strong></span> <span class='ocrx_word' id='word_1_46' title='bbox 918 1477 1018 1554; x_wconf 76' lang='grc' dir='ltr'><strong><em>ἐστὶ</em></strong></span> <span class='ocrx_word' id='word_1_47' title='bbox 1043 1476 1094 1552; x_wconf 87' lang='grc' dir='ltr'><strong>τὸ</strong></span> <span class='ocrx_word' id='word_1_48' title='bbox 1121 1486 1274 1573; x_wconf 78' lang='grc' dir='ltr'><strong><em>σῶμα,</em></strong></span> <span class='ocrx_word' id='word_1_49' title='bbox 1309 1478 1359 1553; x_wconf 86' lang='grc' dir='ltr'><strong>τὸ</strong></span> 
     </span>
     <span class='ocr_line' id='line_1_11' title="bbox 87 1573 1360 1680; baseline 0.005 -32"><span class='ocrx_word' id='word_1_50' title='bbox 87 1573 192 1674; x_wconf 74' lang='grc' dir='ltr'><strong>ὑπὲρ</strong></span> <span class='ocrx_word' id='word_1_51' title='bbox 235 1574 371 1670; x_wconf 80' lang='grc' dir='ltr'>ὑμῶν</span> <span class='ocrx_word' id='word_1_52' title='bbox 405 1573 651 1674; x_wconf 73' lang='grc' dir='ltr'><strong><em>κλώμενοι</em></strong></span> <span class='ocrx_word' id='word_1_53' title='bbox 689 1577 767 1652; x_wconf 81' lang='grc' dir='ltr'><strong>καὶ</strong></span> <span class='ocrx_word' id='word_1_54' title='bbox 800 1575 1058 1676; x_wconf 76' lang='grc' dir='ltr'><strong><em>διδόμενον</em></strong></span> <span class='ocrx_word' id='word_1_55' title='bbox 1091 1584 1154 1663; x_wconf 73' lang='grc' dir='ltr'><strong>εἰς</strong></span> <span class='ocrx_word' id='word_1_56' title='bbox 1190 1582 1360 1680; x_wconf 79' lang='grc' dir='ltr'><strong><em>ἄφεσιν</em></strong></span> 
     </span>
     <span class='ocr_line' id='line_1_12' title="bbox 88 1675 789 1857; baseline 0.009 -109"><span class='ocrx_word' id='word_1_57' title='bbox 88 1675 339 1775; x_wconf 83' lang='grc' dir='ltr'><strong><em>ἁμαρτιῶν.</em></strong></span> <span class='ocrx_word' id='word_1_58' title='bbox 619 1759 680 1844; x_wconf 78' lang='lat'><strong>&#39;‘0</strong></span> <span class='ocrx_word' id='word_1_59' title='bbox 708 1773 789 1857; x_wconf 65' lang='grc' dir='ltr'><strong><em>λαός</em></strong></span> 
     </span>
    </p>
   </div>
   <div class='ocr_carea' id='block_1_5' title="bbox 145 1857 301 1959">
    <p class='ocr_par' dir='ltr' id='par_1_6' title="bbox 145 1857 301 1959">
     <span class='ocr_line' id='line_1_13' title="bbox 145 1857 301 1959; baseline 0.006 -23"><span class='ocrx_word' id='word_1_60' title='bbox 145 1857 301 1959; x_wconf 77' lang='grc' dir='ltr'><em>Ἀμήν.</em></span> 
     </span>
    </p>
   </div>
   <div class='ocr_carea' id='block_1_6' title="bbox 87 2079 1363 4770">
    <p class='ocr_par' dir='ltr' id='par_1_7' title="bbox 87 2079 1363 2404">
     <span class='ocr_line' id='line_1_14' title="bbox 87 2079 1363 2154; baseline 0.002 -21"><span class='ocrx_word' id='word_1_61' title='bbox 87 2083 159 2134; x_wconf 85' lang='lat' dir='ltr'><strong>obtutu</strong></span> <span class='ocrx_word' id='word_1_62' title='bbox 185 2087 279 2134; x_wconf 87' lang='lat' dir='ltr'><strong>minuta</strong></span> <span class='ocrx_word' id='word_1_63' title='bbox 299 2086 410 2136; x_wconf 84' lang='lat' dir='ltr'><strong>ridentur</strong></span> <span class='ocrx_word' id='word_1_64' title='bbox 434 2093 457 2135; x_wconf 90' lang='lat' dir='ltr'><strong>et</strong></span> <span class='ocrx_word' id='word_1_65' title='bbox 480 2085 571 2136; x_wconf 90' lang='lat' dir='ltr'><strong>nuliius</strong></span> <span class='ocrx_word' id='word_1_66' title='bbox 594 2090 725 2139; x_wconf 79' lang='lat' dir='ltr'><strong>momenti:</strong></span> <span class='ocrx_word' id='word_1_67' title='bbox 745 2115 779 2125; x_wconf 97' lang='lat'>-</span> <span class='ocrx_word' id='word_1_68' title='bbox 799 2084 937 2154; x_wconf 72' lang='grc' dir='ltr'><strong>μετέδωκε</strong></span> <span class='ocrx_word' id='word_1_69' title='bbox 960 2087 1017 2143; x_wconf 81' lang='grc' dir='ltr'><strong><em>τοῖς</em></strong></span> <span class='ocrx_word' id='word_1_70' title='bbox 1038 2079 1127 2152; x_wconf 76' lang='grc' dir='ltr'><strong><em>ἁγίοις</em></strong></span> <span class='ocrx_word' id='word_1_71' title='bbox 1150 2083 1197 2135; x_wconf 79' lang='lat' dir='ltr'><strong>ecl</strong></span> <span class='ocrx_word' id='word_1_72' title='bbox 1212 2087 1363 2154; x_wconf 76' lang='grc' dir='ltr'><strong><em>μακαρίοις</em></strong></span> 
     </span>
     <span class='ocr_line' id='line_1_15' title="bbox 88 2159 1360 2236; baseline 0.006 -22"><span class='ocrx_word' id='word_1_73' title='bbox 88 2164 161 2218; x_wconf 75' lang='grc' dir='ltr'><strong><em>αὑτοῦ</em></strong></span> <span class='ocrx_word' id='word_1_74' title='bbox 184 2167 330 2236; x_wconf 72' lang='grc' dir='ltr'><strong>μαθηταῖς</strong></span> <span class='ocrx_word' id='word_1_75' title='bbox 352 2165 401 2216; x_wconf 72' lang='grc' dir='ltr'><strong>καὶ</strong></span> <span class='ocrx_word' id='word_1_76' title='bbox 423 2159 595 2226; x_wconf 74' lang='grc' dir='ltr'><strong><em>ἀποστόλοις.</em></strong></span> <span class='ocrx_word' id='word_1_77' title='bbox 631 2172 719 2222; x_wconf 84' lang='lat' dir='ltr'><strong>Textos</strong></span> <span class='ocrx_word' id='word_1_78' title='bbox 742 2172 851 2235; x_wconf 77' lang='lat' dir='ltr'><strong>vulgatus</strong></span> <span class='ocrx_word' id='word_1_79' title='bbox 869 2181 947 2222; x_wconf 83' lang='lat' dir='ltr'><strong>seruet</strong></span> <span class='ocrx_word' id='word_1_80' title='bbox 964 2171 1117 2222; x_wconf 88' lang='lat' dir='ltr'><strong>traditionem</strong></span> <span class='ocrx_word' id='word_1_81' title='bbox 1135 2172 1302 2236; x_wconf 86' lang='lat' dir='ltr'><strong>apostolorum</strong></span> <span class='ocrx_word' id='word_1_82' title='bbox 1321 2171 1360 2222; x_wconf 88' lang='lat' dir='ltr'><strong>in·</strong></span> 
     </span>
     <span class='ocr_line' id='line_1_16' title="bbox 88 2251 1358 2323; baseline 0.005 -22"><span class='ocrx_word' id='word_1_83' title='bbox 88 2261 167 2315; x_wconf 68' lang='lat' dir='ltr'><strong>ueram</strong></span> <span class='ocrx_word' id='word_1_84' title='bbox 188 2261 213 2304; x_wconf 93' lang='lat' dir='ltr'><strong>et</strong></span> <span class='ocrx_word' id='word_1_85' title='bbox 230 2251 364 2303; x_wconf 74' lang='lat' dir='ltr'><strong>illibatam:</strong></span> <span class='ocrx_word' id='word_1_86' title='bbox 384 2255 504 2317; x_wconf 85' lang='lat' dir='ltr'><strong>sequioris</strong></span> <span class='ocrx_word' id='word_1_87' title='bbox 523 2257 607 2306; x_wconf 85' lang='lat' dir='ltr'><strong>aetatis</strong></span> <span class='ocrx_word' id='word_1_88' title='bbox 626 2257 765 2307; x_wconf 85' lang='lat' dir='ltr'><strong>membrana</strong></span> <span class='ocrx_word' id='word_1_89' title='bbox 784 2273 831 2307; x_wconf 88' lang='lat' dir='ltr'><strong>non</strong></span> <span class='ocrx_word' id='word_1_90' title='bbox 850 2265 940 2322; x_wconf 89' lang='lat' dir='ltr'><strong>potest,</strong></span> <span class='ocrx_word' id='word_1_91' title='bbox 958 2257 1016 2323; x_wconf 91' lang='lat' dir='ltr'><strong>quin</strong></span> <span class='ocrx_word' id='word_1_92' title='bbox 1034 2263 1132 2306; x_wconf 84' lang='lat' dir='ltr'><strong>sanctos</strong></span> <span class='ocrx_word' id='word_1_93' title='bbox 1151 2263 1174 2305; x_wconf 90' lang='lat' dir='ltr'><strong>et</strong></span> <span class='ocrx_word' id='word_1_94' title='bbox 1192 2255 1275 2308; x_wconf 86' lang='lat' dir='ltr'><strong>beatos</strong></span> <span class='ocrx_word' id='word_1_95' title='bbox 1294 2271 1358 2307; x_wconf 90' lang='lat' dir='ltr'><strong>non·</strong></span> 
     </span>
     <span class='ocr_line' id='line_1_17' title="bbox 88 2338 1202 2404; baseline 0.004 -18"><span class='ocrx_word' id='word_1_96' title='bbox 88 2347 147 2404; x_wconf 85' lang='lat' dir='ltr'><strong>expet</strong></span> <span class='ocrx_word' id='word_1_97' title='bbox 164 2339 299 2404; x_wconf 84' lang='lat' dir='ltr'><strong>apostolos</strong></span> <span class='ocrx_word' id='word_1_98' title='bbox 316 2339 339 2387; x_wconf 91' lang='lat' dir='ltr'><strong>in</strong></span> <span class='ocrx_word' id='word_1_99' title='bbox 359 2338 463 2388; x_wconf 75' lang='lat' dir='ltr'><strong>formula</strong></span> <span class='ocrx_word' id='word_1_100' title='bbox 481 2341 679 2391; x_wconf 80' lang='lat' dir='ltr'><strong>consecrationis.</strong></span> <span class='ocrx_word' id='word_1_101' title='bbox 715 2343 741 2392; x_wconf 80' lang='lat' dir='ltr'><strong>li.</strong></span> <span class='ocrx_word' id='word_1_102' title='bbox 760 2343 869 2404; x_wconf 77' lang='lat' dir='ltr'><strong>congruit</strong></span> <span class='ocrx_word' id='word_1_103' title='bbox 888 2341 1040 2392; x_wconf 89' lang='lat' dir='ltr'><strong>concorditer</strong></span> <span class='ocrx_word' id='word_1_104' title='bbox 1057 2355 1111 2390; x_wconf 86' lang='lat' dir='ltr'><strong>com</strong></span> <span class='ocrx_word' id='word_1_105' title='bbox 1129 2340 1202 2391; x_wconf 85' lang='lat' dir='ltr'><strong>edito.</strong></span> 
     </span>
    </p>

    <p class='ocr_par' dir='ltr' id='par_1_8' title="bbox 87 2423 1360 3416">
     <span class='ocr_line' id='line_1_18' title="bbox 160 2423 1358 2491; baseline 0.003 -18"><span class='ocrx_word' id='word_1_106' title='bbox 160 2423 217 2487; x_wconf 66' lang='lat' dir='ltr'><strong>Syr.</strong></span> <span class='ocrx_word' id='word_1_107' title='bbox 244 2423 305 2473; x_wconf 85' lang='lat' dir='ltr'><strong>Com</strong></span> <span class='ocrx_word' id='word_1_108' title='bbox 329 2430 409 2472; x_wconf 89' lang='lat' dir='ltr'><strong>autem</strong></span> <span class='ocrx_word' id='word_1_109' title='bbox 433 2423 591 2474; x_wconf 78' lang='lat' dir='ltr'><strong>voluntariam</strong></span> <span class='ocrx_word' id='word_1_110' title='bbox 617 2434 718 2476; x_wconf 90' lang='lat' dir='ltr'><strong>rnortern</strong></span> <span class='ocrx_word' id='word_1_111' title='bbox 738 2441 782 2491; x_wconf 88' lang='lat' dir='ltr'><strong>pro</strong></span> <span class='ocrx_word' id='word_1_112' title='bbox 802 2426 872 2476; x_wconf 89' lang='lat' dir='ltr'><strong>uobis</strong></span> <span class='ocrx_word' id='word_1_113' title='bbox 889 2425 1067 2490; x_wconf 85' lang='lat' dir='ltr'><strong>peccatoribus,</strong></span> <span class='ocrx_word' id='word_1_114' title='bbox 1091 2425 1145 2490; x_wconf 87' lang='lat' dir='ltr'><strong>ipae</strong></span> <span class='ocrx_word' id='word_1_115' title='bbox 1162 2426 1253 2490; x_wconf 86' lang='lat' dir='ltr'><strong>peccati</strong></span> <span class='ocrx_word' id='word_1_116' title='bbox 1272 2439 1358 2491; x_wconf 85' lang='lat' dir='ltr'><strong>expers</strong></span> 
     </span>
     <span class='ocr_line' id='line_1_19' title="bbox 87 2507 1360 2575; baseline 0.004 -19"><span class='ocrx_word' id='word_1_117' title='bbox 87 2517 238 2572; x_wconf 77' lang='lat' dir='ltr'><strong>suscepturus</strong></span> <span class='ocrx_word' id='word_1_118' title='bbox 256 2514 322 2557; x_wconf 87' lang='lat' dir='ltr'><strong>esset</strong></span> <span class='ocrx_word' id='word_1_119' title='bbox 340 2507 364 2556; x_wconf 89' lang='lat' dir='ltr'><strong>io</strong></span> <span class='ocrx_word' id='word_1_120' title='bbox 383 2515 453 2558; x_wconf 87' lang='lat' dir='ltr'><strong>nocte</strong></span> <span class='ocrx_word' id='word_1_121' title='bbox 470 2507 520 2570; x_wconf 88' lang='lat' dir='ltr'><strong>illa,</strong></span> <span class='ocrx_word' id='word_1_122' title='bbox 539 2509 563 2558; x_wconf 91' lang='lat' dir='ltr'><strong>iu</strong></span> <span class='ocrx_word' id='word_1_123' title='bbox 582 2524 628 2574; x_wconf 90' lang='lat' dir='ltr'><strong>qua</strong></span> <span class='ocrx_word' id='word_1_124' title='bbox 646 2518 746 2574; x_wconf 82' lang='lat' dir='ltr'><strong>propter</strong></span> <span class='ocrx_word' id='word_1_125' title='bbox 764 2509 846 2560; x_wconf 89' lang='lat' dir='ltr'><strong>mundi</strong></span> <span class='ocrx_word' id='word_1_126' title='bbox 864 2509 934 2560; x_wconf 84' lang='lat' dir='ltr'><strong>uitem</strong></span> <span class='ocrx_word' id='word_1_127' title='bbox 952 2517 976 2559; x_wconf 87' lang='lat' dir='ltr'><strong>et</strong></span> <span class='ocrx_word' id='word_1_128' title='bbox 987 2509 1089 2559; x_wconf 86' lang='lat' dir='ltr'><strong>salutum</strong></span> <span class='ocrx_word' id='word_1_129' title='bbox 1100 2509 1248 2570; x_wconf 84' lang='lat' dir='ltr'><strong>tradebatur,</strong></span> <span class='ocrx_word' id='word_1_130' title='bbox 1266 2511 1360 2575; x_wconf 86' lang='lat' dir='ltr'><strong>accepit</strong></span> 
     </span>
     <span class='ocr_line' id='line_1_20' title="bbox 89 2591 1359 2658; baseline 0.005 -18"><span class='ocrx_word' id='word_1_131' title='bbox 89 2607 163 2654; x_wconf 86' lang='lat' dir='ltr'><strong>panem</strong></span> <span class='ocrx_word' id='word_1_132' title='bbox 183 2593 209 2642; x_wconf 92' lang='lat' dir='ltr'><strong>iu</strong></span> <span class='ocrx_word' id='word_1_133' title='bbox 228 2599 337 2652; x_wconf 87' lang='lat' dir='ltr'><strong>sanctas,</strong></span> <span class='ocrx_word' id='word_1_134' title='bbox 356 2604 430 2656; x_wconf 83' lang='lat' dir='ltr'><strong>puras</strong></span> <span class='ocrx_word' id='word_1_135' title='bbox 447 2601 472 2643; x_wconf 88' lang='lat' dir='ltr'><strong>et</strong></span> <span class='ocrx_word' id='word_1_136' title='bbox 489 2591 655 2644; x_wconf 86' lang='lat' dir='ltr'><strong>immaculatas</strong></span> <span class='ocrx_word' id='word_1_137' title='bbox 673 2609 759 2644; x_wconf 87' lang='lat' dir='ltr'><strong>manue</strong></span> <span class='ocrx_word' id='word_1_138' title='bbox 777 2609 834 2644; x_wconf 81' lang='lat' dir='ltr'><strong>auos</strong></span> <span class='ocrx_word' id='word_1_139' title='bbox 853 2602 876 2644; x_wconf 91' lang='grc' dir='ltr'><strong>ιι</strong></span> <span class='ocrx_word' id='word_1_140' title='bbox 894 2594 1024 2645; x_wconf 87' lang='lat' dir='ltr'><strong>ostendens</strong></span> <span class='ocrx_word' id='word_1_141' title='bbox 1042 2594 1085 2644; x_wconf 91' lang='lat' dir='ltr'><strong>tibi</strong></span> <span class='ocrx_word' id='word_1_142' title='bbox 1105 2593 1168 2644; x_wconf 83' lang='lat' dir='ltr'><strong>Deua</strong></span> <span class='ocrx_word' id='word_1_143' title='bbox 1181 2595 1250 2644; x_wconf 85' lang='lat' dir='ltr'><strong>Pater</strong></span> <span class='ocrx_word' id='word_1_144' title='bbox 1269 2595 1359 2658; x_wconf 73' lang='lat' dir='ltr'><strong>gratias</strong></span> 
     </span>
     <span class='ocr_line' id='line_1_21' title="bbox 89 2675 1358 2743; baseline 0.003 -18"><span class='ocrx_word' id='word_1_145' title='bbox 89 2678 135 2737; x_wconf 78' lang='lat' dir='ltr'><strong>qiu,</strong></span> <span class='ocrx_word' id='word_1_146' title='bbox 151 2675 292 2737; x_wconf 78' lang='lat' dir='ltr'><strong>benedixit,</strong></span> <span class='ocrx_word' id='word_1_147' title='bbox 311 2676 475 2738; x_wconf 78' lang='lat' dir='ltr'><strong>sanctificarit,</strong></span> <span class='ocrx_word' id='word_1_148' title='bbox 494 2678 573 2740; x_wconf 70' lang='lat' dir='ltr'><strong>luerit,</strong></span> <span class='ocrx_word' id='word_1_149' title='bbox 591 2677 704 2742; x_wconf 73' lang='lat' dir='ltr'><strong>deditque</strong></span> <span class='ocrx_word' id='word_1_150' title='bbox 723 2678 849 2743; x_wconf 74' lang='lat' dir='ltr'><strong>discipulis</strong></span> <span class='ocrx_word' id='word_1_151' title='bbox 866 2679 917 2728; x_wconf 89' lang='lat' dir='ltr'><strong>suis</strong></span> <span class='ocrx_word' id='word_1_152' title='bbox 935 2679 1026 2728; x_wconf 82' lang='lat' dir='ltr'><strong>sanatis</strong></span> <span class='ocrx_word' id='word_1_153' title='bbox 1044 2678 1163 2743; x_wconf 89' lang='lat' dir='ltr'><strong>apostolis</strong></span> <span class='ocrx_word' id='word_1_154' title='bbox 1175 2679 1272 2729; x_wconf 85' lang='lat' dir='ltr'><strong>dicens:</strong></span> <span class='ocrx_word' id='word_1_155' title='bbox 1290 2679 1358 2730; x_wconf 83' lang='lat' dir='ltr'><strong>deri·</strong></span> 
     </span>
     <span class='ocr_line' id='line_1_22' title="bbox 90 2759 1360 2828; baseline 0.005 -20"><span class='ocrx_word' id='word_1_156' title='bbox 90 2761 129 2822; x_wconf 85' lang='lat' dir='ltr'><strong>pite</strong></span> <span class='ocrx_word' id='word_1_157' title='bbox 150 2769 175 2810; x_wconf 91' lang='lat' dir='ltr'><strong>et</strong></span> <span class='ocrx_word' id='word_1_158' title='bbox 194 2759 340 2810; x_wconf 82' lang='lat' dir='ltr'><strong>manducate</strong></span> <span class='ocrx_word' id='word_1_159' title='bbox 359 2775 387 2810; x_wconf 92' lang='lat' dir='ltr'><strong>ex</strong></span> <span class='ocrx_word' id='word_1_160' title='bbox 405 2776 441 2810; x_wconf 91' lang='lat' dir='ltr'><strong>eo.</strong></span> <span class='ocrx_word' id='word_1_161' title='bbox 478 2761 528 2812; x_wconf 86' lang='lat' dir='ltr'><strong>lice</strong></span> <span class='ocrx_word' id='word_1_162' title='bbox 547 2770 583 2812; x_wconf 89' lang='lat' dir='ltr'><strong>est</strong></span> <span class='ocrx_word' id='word_1_163' title='bbox 601 2777 690 2826; x_wconf 87' lang='lat' dir='ltr'><strong>corpus</strong></span> <span class='ocrx_word' id='word_1_164' title='bbox 708 2777 787 2812; x_wconf 88' lang='lat' dir='ltr'><strong>meum</strong></span> <span class='ocrx_word' id='word_1_165' title='bbox 807 2763 871 2827; x_wconf 92' lang='lat' dir='ltr'><strong>quod</strong></span> <span class='ocrx_word' id='word_1_166' title='bbox 890 2778 934 2828; x_wconf 84' lang='lat' dir='ltr'><strong>pro</strong></span> <span class='ocrx_word' id='word_1_167' title='bbox 953 2763 1020 2813; x_wconf 82' lang='lat' dir='ltr'><strong>robis</strong></span> <span class='ocrx_word' id='word_1_168' title='bbox 1038 2770 1062 2812; x_wconf 88' lang='grc' dir='ltr'><strong>ιι</strong></span> <span class='ocrx_word' id='word_1_169' title='bbox 1080 2777 1124 2827; x_wconf 90' lang='lat' dir='ltr'><strong>pro</strong></span> <span class='ocrx_word' id='word_1_170' title='bbox 1142 2763 1223 2813; x_wconf 88' lang='lat' dir='ltr'><strong>multis</strong></span> <span class='ocrx_word' id='word_1_171' title='bbox 1241 2763 1360 2826; x_wconf 74' lang='lat' dir='ltr'><strong>inungitur</strong></span> 
     </span>
     <span class='ocr_line' id='line_1_23' title="bbox 90 2845 1359 2911; baseline 0.006 -18"><span class='ocrx_word' id='word_1_172' title='bbox 90 2845 223 2895; x_wconf 85' lang='lat' dir='ltr'><strong>ettraditur</strong></span> <span class='ocrx_word' id='word_1_173' title='bbox 241 2845 267 2894; x_wconf 89' lang='lat' dir='ltr'><strong>io</strong></span> <span class='ocrx_word' id='word_1_174' title='bbox 285 2846 455 2896; x_wconf 84' lang='lat' dir='ltr'><strong>remissionem</strong></span> <span class='ocrx_word' id='word_1_175' title='bbox 474 2855 627 2910; x_wconf 87' lang='lat' dir='ltr'><strong>peccatorum</strong></span> <span class='ocrx_word' id='word_1_176' title='bbox 646 2855 669 2897; x_wconf 89' lang='grc' dir='ltr'><strong>ιι</strong></span> <span class='ocrx_word' id='word_1_177' title='bbox 687 2848 710 2896; x_wconf 88' lang='lat' dir='ltr'><strong>iu</strong></span> <span class='ocrx_word' id='word_1_178' title='bbox 729 2848 799 2897; x_wconf 84' lang='lat' dir='ltr'><strong>vitam</strong></span> <span class='ocrx_word' id='word_1_179' title='bbox 817 2855 948 2898; x_wconf 86' lang='lat' dir='ltr'><strong>aeternam.</strong></span> <span class='ocrx_word' id='word_1_180' title='bbox 984 2845 1099 2911; x_wconf 86' lang='lat' dir='ltr'><strong>Populus.</strong></span> <span class='ocrx_word' id='word_1_181' title='bbox 1124 2848 1207 2898; x_wconf 76' lang='lat' dir='ltr'><strong>Amen.</strong></span> <span class='ocrx_word' id='word_1_182' title='bbox 1242 2847 1359 2900; x_wconf 81' lang='lat' dir='ltr'><strong>Similiter</strong></span> 
     </span>
     <span class='ocr_line' id='line_1_24' title="bbox 90 2929 1357 2998; baseline 0.004 -20"><span class='ocrx_word' id='word_1_183' title='bbox 90 2939 134 2991; x_wconf 86' lang='lat' dir='ltr'><strong>pust</strong></span> <span class='ocrx_word' id='word_1_184' title='bbox 156 2943 260 2980; x_wconf 84' lang='lat' dir='ltr'><strong>eeeuam</strong></span> <span class='ocrx_word' id='word_1_185' title='bbox 285 2930 366 2980; x_wconf 78' lang='lat' dir='ltr'><strong>sinum</strong></span> <span class='ocrx_word' id='word_1_186' title='bbox 390 2931 413 2979; x_wconf 94' lang='lat' dir='ltr'><strong>iu</strong></span> <span class='ocrx_word' id='word_1_187' title='bbox 432 2929 506 2980; x_wconf 84' lang='lat' dir='ltr'><strong>culice</strong></span> <span class='ocrx_word' id='word_1_188' title='bbox 531 2945 592 2996; x_wconf 90' lang='lat' dir='ltr'><strong>aqua</strong></span> <span class='ocrx_word' id='word_1_189' title='bbox 617 2932 721 2981; x_wconf 86' lang='lat' dir='ltr'><strong>miscens</strong></span> <span class='ocrx_word' id='word_1_190' title='bbox 740 2931 829 2993; x_wconf 78' lang='lat' dir='ltr'><strong>gratim</strong></span> <span class='ocrx_word' id='word_1_191' title='bbox 845 2931 900 2993; x_wconf 81' lang='lat' dir='ltr'><strong>egit,</strong></span> <span class='ocrx_word' id='word_1_192' title='bbox 924 2931 1054 2992; x_wconf 86' lang='lat' dir='ltr'><strong>benedixit,</strong></span> <span class='ocrx_word' id='word_1_193' title='bbox 1072 2931 1227 2981; x_wconf 82' lang='lat' dir='ltr'><strong>sanctificarit</strong></span> <span class='ocrx_word' id='word_1_194' title='bbox 1244 2933 1357 2998; x_wconf 83' lang='lat' dir='ltr'><strong>deditque</strong></span> 
     </span>
     <span class='ocr_line' id='line_1_25' title="bbox 91 3013 1358 3080; baseline 0.003 -16"><span class='ocrx_word' id='word_1_195' title='bbox 91 3013 206 3080; x_wconf 78' lang='lat' dir='ltr'><strong>discipulis</strong></span> <span class='ocrx_word' id='word_1_196' title='bbox 225 3015 279 3065; x_wconf 87' lang='lat' dir='ltr'><strong>auis</strong></span> <span class='ocrx_word' id='word_1_197' title='bbox 298 3015 388 3064; x_wconf 85' lang='lat' dir='ltr'><strong>sanctis</strong></span> <span class='ocrx_word' id='word_1_198' title='bbox 405 3014 528 3078; x_wconf 77' lang='lat' dir='ltr'><strong>Apostolis</strong></span> <span class='ocrx_word' id='word_1_199' title='bbox 546 3015 644 3065; x_wconf 88' lang='lat' dir='ltr'><strong>diceus:</strong></span> <span class='ocrx_word' id='word_1_200' title='bbox 667 3015 773 3080; x_wconf 79' lang='lat' dir='ltr'><strong>decipite</strong></span> <span class='ocrx_word' id='word_1_201' title='bbox 790 3023 814 3065; x_wconf 90' lang='lat' dir='ltr'><strong>et</strong></span> <span class='ocrx_word' id='word_1_202' title='bbox 832 3015 906 3065; x_wconf 89' lang='lat' dir='ltr'><strong>bibite</strong></span> <span class='ocrx_word' id='word_1_203' title='bbox 924 3029 952 3064; x_wconf 87' lang='lat' dir='ltr'><strong>ax</strong></span> <span class='ocrx_word' id='word_1_204' title='bbox 970 3029 999 3065; x_wconf 89' lang='lat' dir='ltr'><strong>co</strong></span> <span class='ocrx_word' id='word_1_205' title='bbox 1017 3030 1110 3066; x_wconf 92' lang='lat' dir='ltr'><strong>omnes.</strong></span> <span class='ocrx_word' id='word_1_206' title='bbox 1145 3015 1190 3066; x_wconf 88' lang='lat' dir='ltr'><strong>llio</strong></span> <span class='ocrx_word' id='word_1_207' title='bbox 1206 3023 1243 3066; x_wconf 88' lang='lat' dir='ltr'><strong>est</strong></span> <span class='ocrx_word' id='word_1_208' title='bbox 1260 3019 1358 3080; x_wconf 78' lang='lat' dir='ltr'><strong>sanquis</strong></span> 
     </span>
     <span class='ocr_line' id='line_1_26' title="bbox 91 3098 1358 3163; baseline 0.002 -15"><span class='ocrx_word' id='word_1_209' title='bbox 91 3111 146 3148; x_wconf 82' lang='lat' dir='ltr'><strong>neas</strong></span> <span class='ocrx_word' id='word_1_210' title='bbox 171 3101 226 3149; x_wconf 85' lang='lat' dir='ltr'><strong>ocri</strong></span> <span class='ocrx_word' id='word_1_211' title='bbox 250 3098 397 3158; x_wconf 87' lang='lat' dir='ltr'><strong>testamenti,</strong></span> <span class='ocrx_word' id='word_1_212' title='bbox 422 3099 462 3162; x_wconf 91' lang='lat' dir='ltr'><strong>qni</strong></span> <span class='ocrx_word' id='word_1_213' title='bbox 488 3113 532 3163; x_wconf 90' lang='lat' dir='ltr'><strong>pro</strong></span> <span class='ocrx_word' id='word_1_214' title='bbox 550 3099 617 3148; x_wconf 85' lang='lat' dir='ltr'><strong>uobis</strong></span> <span class='ocrx_word' id='word_1_215' title='bbox 636 3107 659 3149; x_wconf 88' lang='lat' dir='ltr'><strong>et</strong></span> <span class='ocrx_word' id='word_1_216' title='bbox 675 3114 720 3163; x_wconf 88' lang='lat' dir='ltr'><strong>pro</strong></span> <span class='ocrx_word' id='word_1_217' title='bbox 740 3100 822 3150; x_wconf 86' lang='lat' dir='ltr'><strong>multis</strong></span> <span class='ocrx_word' id='word_1_218' title='bbox 840 3099 970 3150; x_wconf 78' lang='lat' dir='ltr'><strong>effunditur</strong></span> <span class='ocrx_word' id='word_1_219' title='bbox 987 3107 1011 3150; x_wconf 92' lang='lat' dir='ltr'><strong>et</strong></span> <span class='ocrx_word' id='word_1_220' title='bbox 1028 3101 1130 3150; x_wconf 87' lang='lat' dir='ltr'><strong>traditur</strong></span> <span class='ocrx_word' id='word_1_221' title='bbox 1147 3099 1171 3148; x_wconf 94' lang='lat' dir='ltr'><strong>iu</strong></span> <span class='ocrx_word' id='word_1_222' title='bbox 1189 3100 1358 3150; x_wconf 75' lang='lat' dir='ltr'><strong>remissionem</strong></span> 
     </span>
     <span class='ocr_line' id='line_1_27' title="bbox 91 3182 1357 3248; baseline 0.003 -18"><span class='ocrx_word' id='word_1_223' title='bbox 91 3191 234 3242; x_wconf 78' lang='lat' dir='ltr'><strong>peecatorum</strong></span> <span class='ocrx_word' id='word_1_224' title='bbox 255 3182 320 3231; x_wconf 90' lang='lat' dir='ltr'><strong>etin</strong></span> <span class='ocrx_word' id='word_1_225' title='bbox 339 3183 409 3232; x_wconf 85' lang='lat' dir='ltr'><strong>uitam</strong></span> <span class='ocrx_word' id='word_1_226' title='bbox 429 3190 560 3234; x_wconf 86' lang='lat' dir='ltr'><strong>aeternam.</strong></span> <span class='ocrx_word' id='word_1_227' title='bbox 592 3184 643 3234; x_wconf 87' lang='lat' dir='ltr'><strong>iloc</strong></span> <span class='ocrx_word' id='word_1_228' title='bbox 661 3184 731 3233; x_wconf 88' lang='lat' dir='ltr'><strong>iscite</strong></span> <span class='ocrx_word' id='word_1_229' title='bbox 750 3188 773 3234; x_wconf 86' lang='lat' dir='ltr'><strong>in</strong></span> <span class='ocrx_word' id='word_1_230' title='bbox 794 3199 871 3233; x_wconf 86' lang='lat' dir='ltr'><strong>meam</strong></span> <span class='ocrx_word' id='word_1_231' title='bbox 890 3185 1162 3235; x_wconf 80' lang='lat' dir='ltr'><strong>commemorationem:</strong></span> <span class='ocrx_word' id='word_1_232' title='bbox 1192 3185 1357 3248; x_wconf 88' lang='lat' dir='ltr'><strong>quotiescum·</strong></span> 
     </span>
     <span class='ocr_line' id='line_1_28' title="bbox 91 3265 1357 3330; baseline 0.003 -16"><span class='ocrx_word' id='word_1_233' title='bbox 91 3279 128 3327; x_wconf 87' lang='lat' dir='ltr'><strong>que</strong></span> <span class='ocrx_word' id='word_1_234' title='bbox 144 3267 207 3316; x_wconf 88' lang='lat' dir='ltr'><strong>euim</strong></span> <span class='ocrx_word' id='word_1_235' title='bbox 228 3279 317 3330; x_wconf 88' lang='lat' dir='ltr'><strong>panem</strong></span> <span class='ocrx_word' id='word_1_236' title='bbox 336 3265 400 3315; x_wconf 87' lang='lat' dir='ltr'><strong>bunc</strong></span> <span class='ocrx_word' id='word_1_237' title='bbox 419 3267 572 3317; x_wconf 83' lang='lat' dir='ltr'><strong>comederitis</strong></span> <span class='ocrx_word' id='word_1_238' title='bbox 591 3267 661 3317; x_wconf 88' lang='lat' dir='ltr'><strong>etde</strong></span> <span class='ocrx_word' id='word_1_239' title='bbox 680 3268 755 3318; x_wconf 84' lang='lat' dir='ltr'><strong>calice</strong></span> <span class='ocrx_word' id='word_1_240' title='bbox 773 3267 819 3318; x_wconf 88' lang='lat' dir='ltr'><strong>boo</strong></span> <span class='ocrx_word' id='word_1_241' title='bbox 836 3267 954 3327; x_wconf 87' lang='lat' dir='ltr'><strong>biberitis,</strong></span> <span class='ocrx_word' id='word_1_242' title='bbox 972 3275 1074 3317; x_wconf 89' lang='lat' dir='ltr'><strong>mortem</strong></span> <span class='ocrx_word' id='word_1_243' title='bbox 1094 3281 1170 3318; x_wconf 83' lang='lat' dir='ltr'><strong>meam</strong></span> <span class='ocrx_word' id='word_1_244' title='bbox 1182 3269 1357 3320; x_wconf 84' lang='lat' dir='ltr'><strong>annunciabitis</strong></span> 
     </span>
     <span class='ocr_line' id='line_1_29' title="bbox 90 3351 828 3416; baseline 0.003 -18"><span class='ocrx_word' id='word_1_245' title='bbox 90 3357 110 3398; x_wconf 88' lang='grc' dir='ltr'><strong>ιι</strong></span> <span class='ocrx_word' id='word_1_246' title='bbox 122 3351 326 3402; x_wconf 75' lang='grc' dir='ltr'><strong><em>ιιιοιιιοιίοοιιο</em></strong></span> <span class='ocrx_word' id='word_1_247' title='bbox 346 3363 423 3400; x_wconf 89' lang='lat' dir='ltr'><strong>meam</strong></span> <span class='ocrx_word' id='word_1_248' title='bbox 442 3351 614 3416; x_wconf 84' lang='lat' dir='ltr'><strong>protitebimiui</strong></span> <span class='ocrx_word' id='word_1_249' title='bbox 633 3353 711 3404; x_wconf 90' lang='lat' dir='ltr'><strong>donec</strong></span> <span class='ocrx_word' id='word_1_250' title='bbox 728 3353 828 3402; x_wconf 76' lang='lat' dir='ltr'><strong>ueniam.</strong></span> 
     </span>
    </p>

    <p class='ocr_par' dir='ltr' id='par_1_9' title="bbox 90 3435 1358 4248">
     <span class='ocr_line' id='line_1_30' title="bbox 162 3435 1358 3500; baseline 0.002 -14"><span class='ocrx_word' id='word_1_251' title='bbox 162 3437 217 3500; x_wconf 75' lang='lat' dir='ltr'><strong>Syri</strong></span> <span class='ocrx_word' id='word_1_252' title='bbox 236 3443 260 3484; x_wconf 88' lang='lat' dir='ltr'><strong>et</strong></span> <span class='ocrx_word' id='word_1_253' title='bbox 271 3435 403 3484; x_wconf 70' lang='lat' dir='ltr'><strong>Maronites</strong></span> <span class='ocrx_word' id='word_1_254' title='bbox 421 3450 476 3485; x_wconf 86' lang='lat' dir='ltr'><strong>eum</strong></span> <span class='ocrx_word' id='word_1_255' title='bbox 494 3435 595 3486; x_wconf 85' lang='lat' dir='ltr'><strong>ecclesia</strong></span> <span class='ocrx_word' id='word_1_256' title='bbox 615 3437 720 3486; x_wconf 85' lang='lat' dir='ltr'><strong>Romanu</strong></span> <span class='ocrx_word' id='word_1_257' title='bbox 740 3437 813 3486; x_wconf 87' lang='lat' dir='ltr'><strong>iuncti</strong></span> <span class='ocrx_word' id='word_1_258' title='bbox 832 3437 894 3486; x_wconf 88' lang='lat' dir='ltr'><strong>banc</strong></span> <span class='ocrx_word' id='word_1_259' title='bbox 907 3435 996 3485; x_wconf 86' lang='lat' dir='ltr'><strong>babent</strong></span> <span class='ocrx_word' id='word_1_260' title='bbox 1006 3435 1201 3486; x_wconf 82' lang='lat' dir='ltr'><strong>consecrationis</strong></span> <span class='ocrx_word' id='word_1_261' title='bbox 1212 3435 1358 3488; x_wconf 77' lang='lat' dir='ltr'><strong>formulam:</strong></span> 
     </span>
     <span class='ocr_line' id='line_1_31' title="bbox 90 3517 1358 3585; baseline 0.002 -17"><span class='ocrx_word' id='word_1_262' title='bbox 90 3517 202 3570; x_wconf 76' lang='lat' dir='ltr'><strong>Extollens</strong></span> <span class='ocrx_word' id='word_1_263' title='bbox 221 3533 305 3570; x_wconf 83' lang='lat' dir='ltr'><strong>rocem</strong></span> <span class='ocrx_word' id='word_1_264' title='bbox 325 3519 413 3584; x_wconf 88' lang='lat' dir='ltr'><strong>aeeipit</strong></span> <span class='ocrx_word' id='word_1_265' title='bbox 431 3521 534 3570; x_wconf 90' lang='lat' dir='ltr'><strong>bostiam</strong></span> <span class='ocrx_word' id='word_1_266' title='bbox 552 3529 576 3569; x_wconf 89' lang='grc' dir='ltr'><strong>ιι</strong></span> <span class='ocrx_word' id='word_1_267' title='bbox 593 3521 663 3572; x_wconf 85' lang='lat' dir='ltr'><strong>dicit:</strong></span> <span class='ocrx_word' id='word_1_268' title='bbox 682 3521 708 3570; x_wconf 90' lang='lat' dir='ltr'><strong>ln</strong></span> <span class='ocrx_word' id='word_1_269' title='bbox 728 3521 766 3572; x_wconf 85' lang='lat' dir='ltr'><strong>die</strong></span> <span class='ocrx_word' id='word_1_270' title='bbox 785 3520 835 3581; x_wconf 90' lang='lat' dir='ltr'><strong>illa,</strong></span> <span class='ocrx_word' id='word_1_271' title='bbox 859 3535 921 3585; x_wconf 86' lang='lat' dir='ltr'><strong>qnae</strong></span> <span class='ocrx_word' id='word_1_272' title='bbox 939 3520 1072 3585; x_wconf 77' lang='lat' dir='ltr'><strong>praecessit</strong></span> <span class='ocrx_word' id='word_1_273' title='bbox 1088 3520 1228 3584; x_wconf 84' lang='lat' dir='ltr'><strong>passionem</strong></span> <span class='ocrx_word' id='word_1_274' title='bbox 1245 3520 1297 3570; x_wconf 88' lang='lat' dir='ltr'><strong>eius</strong></span> <span class='ocrx_word' id='word_1_275' title='bbox 1316 3531 1358 3571; x_wconf 88' lang='lat' dir='ltr'><strong>ac·</strong></span> 
     </span>
     <span class='ocr_line' id='line_1_32' title="bbox 91 3604 1358 3670; baseline 0.002 -17"><span class='ocrx_word' id='word_1_276' title='bbox 91 3607 144 3667; x_wconf 77' lang='lat' dir='ltr'><strong>cepit</strong></span> <span class='ocrx_word' id='word_1_277' title='bbox 161 3617 247 3669; x_wconf 85' lang='lat' dir='ltr'><strong>pacem</strong></span> <span class='ocrx_word' id='word_1_278' title='bbox 265 3605 291 3654; x_wconf 86' lang='lat' dir='ltr'><strong>iu</strong></span> <span class='ocrx_word' id='word_1_279' title='bbox 310 3617 396 3654; x_wconf 88' lang='lat' dir='ltr'><strong>manna</strong></span> <span class='ocrx_word' id='word_1_280' title='bbox 414 3619 471 3654; x_wconf 82' lang='lat' dir='ltr'><strong>suas</strong></span> <span class='ocrx_word' id='word_1_281' title='bbox 488 3613 585 3662; x_wconf 84' lang='lat' dir='ltr'><strong>sanetas</strong></span> <span class='ocrx_word' id='word_1_282' title='bbox 603 3613 625 3655; x_wconf 88' lang='grc' dir='ltr'><strong>ιι</strong></span> <span class='ocrx_word' id='word_1_283' title='bbox 644 3604 741 3655; x_wconf 84' lang='lat' dir='ltr'><strong>elevatis</strong></span> <span class='ocrx_word' id='word_1_284' title='bbox 759 3605 836 3656; x_wconf 86' lang='lat' dir='ltr'><strong>oculis</strong></span> <span class='ocrx_word' id='word_1_285' title='bbox 854 3606 906 3654; x_wconf 86' lang='lat' dir='ltr'><strong>sais</strong></span> <span class='ocrx_word' id='word_1_286' title='bbox 923 3605 953 3656; x_wconf 90' lang='lat' dir='ltr'><strong>ad</strong></span> <span class='ocrx_word' id='word_1_287' title='bbox 965 3605 999 3656; x_wconf 87' lang='lat' dir='ltr'><strong>Te</strong></span> <span class='ocrx_word' id='word_1_288' title='bbox 1011 3606 1085 3656; x_wconf 79' lang='lat' dir='ltr'><strong>baum</strong></span> <span class='ocrx_word' id='word_1_289' title='bbox 1103 3612 1197 3670; x_wconf 84' lang='lat' dir='ltr'><strong>petrem</strong></span> <span class='ocrx_word' id='word_1_290' title='bbox 1215 3619 1286 3656; x_wconf 88' lang='lat' dir='ltr'><strong>suom</strong></span> <span class='ocrx_word' id='word_1_291' title='bbox 1304 3619 1358 3656; x_wconf 91' lang='lat' dir='ltr'><strong>om·</strong></span> 
     </span>
     <span class='ocr_line' id='line_1_33' title="bbox 91 3687 1357 3755; baseline 0.004 -20"><span class='ocrx_word' id='word_1_292' title='bbox 91 3688 240 3751; x_wconf 84' lang='lat' dir='ltr'><strong>uipoteutem,</strong></span> <span class='ocrx_word' id='word_1_293' title='bbox 258 3687 312 3737; x_wconf 83' lang='lat' dir='ltr'><strong>Tibi</strong></span> <span class='ocrx_word' id='word_1_294' title='bbox 331 3689 420 3750; x_wconf 77' lang='lat' dir='ltr'><strong>gratias</strong></span> <span class='ocrx_word' id='word_1_295' title='bbox 438 3689 495 3752; x_wconf 74' lang='lat' dir='ltr'><strong>egit,</strong></span> <span class='ocrx_word' id='word_1_296' title='bbox 513 3689 641 3750; x_wconf 89' lang='lat' dir='ltr'><strong>benedixit,</strong></span> <span class='ocrx_word' id='word_1_297' title='bbox 659 3689 814 3739; x_wconf 78' lang='lat' dir='ltr'><strong>sanctificarit</strong></span> <span class='ocrx_word' id='word_1_298' title='bbox 832 3689 951 3750; x_wconf 74' lang='lat' dir='ltr'><strong>etfregit,</strong></span> <span class='ocrx_word' id='word_1_299' title='bbox 975 3689 1087 3754; x_wconf 81' lang='lat' dir='ltr'><strong>deditque</strong></span> <span class='ocrx_word' id='word_1_300' title='bbox 1105 3690 1232 3755; x_wconf 85' lang='lat' dir='ltr'><strong>discipulis</strong></span> <span class='ocrx_word' id='word_1_301' title='bbox 1250 3691 1301 3740; x_wconf 87' lang='lat' dir='ltr'><strong>suis</strong></span> <span class='ocrx_word' id='word_1_302' title='bbox 1319 3690 1357 3740; x_wconf 84' lang='lat' dir='ltr'><strong>di-</strong></span> 
     </span>
     <span class='ocr_line' id='line_1_34' title="bbox 91 3773 1358 3840; baseline 0.002 -20"><span class='ocrx_word' id='word_1_303' title='bbox 91 3787 150 3821; x_wconf 81' lang='lat' dir='ltr'><strong>sens:</strong></span> <span class='ocrx_word' id='word_1_304' title='bbox 171 3773 222 3823; x_wconf 87' lang='lat' dir='ltr'><strong>lloc</strong></span> <span class='ocrx_word' id='word_1_305' title='bbox 240 3779 278 3823; x_wconf 88' lang='lat' dir='ltr'><strong>est</strong></span> <span class='ocrx_word' id='word_1_306' title='bbox 302 3787 391 3837; x_wconf 87' lang='lat' dir='ltr'><strong>corpus</strong></span> <span class='ocrx_word' id='word_1_307' title='bbox 410 3787 499 3824; x_wconf 87' lang='lat' dir='ltr'><strong>meum.</strong></span> <span class='ocrx_word' id='word_1_308' title='bbox 533 3773 563 3824; x_wconf 83' lang='lat' dir='ltr'><strong>Et</strong></span> <span class='ocrx_word' id='word_1_309' title='bbox 581 3775 648 3838; x_wconf 90' lang='lat' dir='ltr'><strong>ponit</strong></span> <span class='ocrx_word' id='word_1_310' title='bbox 667 3773 835 3824; x_wconf 85' lang='lat' dir='ltr'><strong>eucharistiam</strong></span> <span class='ocrx_word' id='word_1_311' title='bbox 854 3773 1044 3836; x_wconf 71' lang='lat' dir='ltr'><strong>superbiarum,</strong></span> <span class='ocrx_word' id='word_1_312' title='bbox 1063 3789 1124 3836; x_wconf 73' lang='lat' dir='ltr'><strong>peno</strong></span> <span class='ocrx_word' id='word_1_313' title='bbox 1139 3776 1212 3826; x_wconf 87' lang='lat' dir='ltr'><strong>ileotit</strong></span> <span class='ocrx_word' id='word_1_314' title='bbox 1230 3783 1253 3824; x_wconf 88' lang='grc' dir='ltr'><strong>ιι</strong></span> <span class='ocrx_word' id='word_1_315' title='bbox 1271 3775 1358 3840; x_wconf 86' lang='lat' dir='ltr'><strong>accipit</strong></span> 
     </span>
     <span class='ocr_line' id='line_1_35' title="bbox 91 3855 1357 3923; baseline 0.003 -19"><span class='ocrx_word' id='word_1_316' title='bbox 91 3855 184 3908; x_wconf 74' lang='lat' dir='ltr'><strong>Calicem</strong></span> <span class='ocrx_word' id='word_1_317' title='bbox 202 3873 232 3907; x_wconf 91' lang='lat' dir='ltr'><strong>ac</strong></span> <span class='ocrx_word' id='word_1_318' title='bbox 249 3857 323 3908; x_wconf 87' lang='lat' dir='ltr'><strong>dicit:</strong></span> <span class='ocrx_word' id='word_1_319' title='bbox 340 3857 419 3908; x_wconf 89' lang='lat' dir='ltr'><strong>Simili</strong></span> <span class='ocrx_word' id='word_1_320' title='bbox 437 3867 516 3908; x_wconf 89' lang='lat' dir='ltr'><strong>autem</strong></span> <span class='ocrx_word' id='word_1_321' title='bbox 536 3858 607 3908; x_wconf 86' lang='lat' dir='ltr'><strong>medo</strong></span> <span class='ocrx_word' id='word_1_322' title='bbox 626 3867 754 3923; x_wconf 83' lang='lat' dir='ltr'><strong>postquem</strong></span> <span class='ocrx_word' id='word_1_323' title='bbox 775 3865 933 3908; x_wconf 77' lang='lat' dir='ltr'><strong>coenaverunt</strong></span> <span class='ocrx_word' id='word_1_324' title='bbox 950 3860 1042 3922; x_wconf 85' lang='lat' dir='ltr'><strong>accepit</strong></span> <span class='ocrx_word' id='word_1_325' title='bbox 1059 3858 1083 3908; x_wconf 95' lang='lat' dir='ltr'><strong>in</strong></span> <span class='ocrx_word' id='word_1_326' title='bbox 1103 3873 1189 3910; x_wconf 85' lang='lat' dir='ltr'><strong>manus</strong></span> <span class='ocrx_word' id='word_1_327' title='bbox 1206 3873 1264 3908; x_wconf 89' lang='lat' dir='ltr'><strong>suaa</strong></span> <span class='ocrx_word' id='word_1_328' title='bbox 1282 3872 1357 3923; x_wconf 86' lang='lat' dir='ltr'><strong>puras</strong></span> 
     </span>
     <span class='ocr_line' id='line_1_36' title="bbox 91 3941 1357 4008; baseline 0.002 -18"><span class='ocrx_word' id='word_1_329' title='bbox 91 3955 166 4003; x_wconf 88' lang='lat' dir='ltr'><strong>purum</strong></span> <span class='ocrx_word' id='word_1_330' title='bbox 191 3941 257 3992; x_wconf 87' lang='lat' dir='ltr'><strong>bane</strong></span> <span class='ocrx_word' id='word_1_331' title='bbox 275 3941 376 3992; x_wconf 84' lang='lat' dir='ltr'><strong>calicem</strong></span> <span class='ocrx_word' id='word_1_332' title='bbox 395 3949 418 3992; x_wconf 88' lang='lat' dir='ltr'><strong>at</strong></span> <span class='ocrx_word' id='word_1_333' title='bbox 436 3943 525 4004; x_wconf 75' lang='lat' dir='ltr'><strong>qratiaa</strong></span> <span class='ocrx_word' id='word_1_334' title='bbox 543 3942 584 3992; x_wconf 92' lang='lat' dir='ltr'><strong>tibi</strong></span> <span class='ocrx_word' id='word_1_335' title='bbox 603 3943 659 4004; x_wconf 75' lang='lat' dir='ltr'><strong>egit,</strong></span> <span class='ocrx_word' id='word_1_336' title='bbox 682 3942 802 3994; x_wconf 80' lang='lat' dir='ltr'><strong>benedixit</strong></span> <span class='ocrx_word' id='word_1_337' title='bbox 819 3951 843 3992; x_wconf 90' lang='lat' dir='ltr'><strong>ot</strong></span> <span class='ocrx_word' id='word_1_338' title='bbox 860 3943 1014 3994; x_wconf 81' lang='lat' dir='ltr'><strong>sauctiiieauit</strong></span> <span class='ocrx_word' id='word_1_339' title='bbox 1032 3943 1145 4008; x_wconf 86' lang='lat' dir='ltr'><strong>deditque</strong></span> <span class='ocrx_word' id='word_1_340' title='bbox 1163 3942 1288 4006; x_wconf 87' lang='lat' dir='ltr'><strong>discipulis</strong></span> <span class='ocrx_word' id='word_1_341' title='bbox 1305 3943 1357 3992; x_wconf 87' lang='lat' dir='ltr'><strong>anis</strong></span> 
     </span>
     <span class='ocr_line' id='line_1_37' title="bbox 91 4025 1356 4092; baseline 0.002 -18"><span class='ocrx_word' id='word_1_342' title='bbox 91 4025 176 4078; x_wconf 81' lang='lat' dir='ltr'><strong>diceus:</strong></span> <span class='ocrx_word' id='word_1_343' title='bbox 198 4026 316 4092; x_wconf 83' lang='lat' dir='ltr'><strong>decipite,</strong></span> <span class='ocrx_word' id='word_1_344' title='bbox 340 4025 415 4076; x_wconf 88' lang='lat' dir='ltr'><strong>bibite</strong></span> <span class='ocrx_word' id='word_1_345' title='bbox 439 4041 466 4076; x_wconf 88' lang='lat' dir='ltr'><strong>ex</strong></span> <span class='ocrx_word' id='word_1_346' title='bbox 488 4041 516 4076; x_wconf 93' lang='lat' dir='ltr'><strong>eo</strong></span> <span class='ocrx_word' id='word_1_347' title='bbox 541 4041 634 4086; x_wconf 87' lang='lat' dir='ltr'><strong>omnes,</strong></span> <span class='ocrx_word' id='word_1_348' title='bbox 659 4027 697 4076; x_wconf 89' lang='lat' dir='ltr'><strong>bic</strong></span> <span class='ocrx_word' id='word_1_349' title='bbox 721 4034 758 4076; x_wconf 84' lang='lat' dir='ltr'><strong>ast</strong></span> <span class='ocrx_word' id='word_1_350' title='bbox 781 4026 844 4076; x_wconf 88' lang='lat' dir='ltr'><strong>euim</strong></span> <span class='ocrx_word' id='word_1_351' title='bbox 869 4027 929 4076; x_wconf 87' lang='lat' dir='ltr'><strong>calix</strong></span> <span class='ocrx_word' id='word_1_352' title='bbox 946 4027 1070 4088; x_wconf 73' lang='lat' dir='ltr'><strong>sanguinis</strong></span> <span class='ocrx_word' id='word_1_353' title='bbox 1088 4029 1135 4078; x_wconf 90' lang='lat' dir='ltr'><strong>mei</strong></span> <span class='ocrx_word' id='word_1_354' title='bbox 1153 4027 1207 4076; x_wconf 85' lang='lat' dir='ltr'><strong>novi</strong></span> <span class='ocrx_word' id='word_1_355' title='bbox 1225 4033 1249 4076; x_wconf 91' lang='lat' dir='ltr'><strong>et</strong></span> <span class='ocrx_word' id='word_1_356' title='bbox 1265 4025 1356 4076; x_wconf 85' lang='lat' dir='ltr'><strong>aeterni</strong></span> 
     </span>
     <span class='ocr_line' id='line_1_38' title="bbox 91 4108 1356 4175; baseline 0.004 -18"><span class='ocrx_word' id='word_1_357' title='bbox 91 4108 236 4174; x_wconf 75' lang='lat' dir='ltr'><strong>Testamenti,</strong></span> <span class='ocrx_word' id='word_1_358' title='bbox 262 4112 404 4175; x_wconf 67' lang='lat' dir='ltr'><strong>mysterium</strong></span> <span class='ocrx_word' id='word_1_359' title='bbox 430 4111 485 4162; x_wconf 88' lang='lat' dir='ltr'><strong>iidei</strong></span> <span class='ocrx_word' id='word_1_360' title='bbox 510 4112 550 4175; x_wconf 90' lang='lat' dir='ltr'><strong>qui</strong></span> <span class='ocrx_word' id='word_1_361' title='bbox 568 4126 612 4174; x_wconf 88' lang='lat' dir='ltr'><strong>pro</strong></span> <span class='ocrx_word' id='word_1_362' title='bbox 632 4111 698 4162; x_wconf 83' lang='lat' dir='ltr'><strong>uobis</strong></span> <span class='ocrx_word' id='word_1_363' title='bbox 718 4119 741 4160; x_wconf 89' lang='lat' dir='ltr'><strong>et</strong></span> <span class='ocrx_word' id='word_1_364' title='bbox 758 4125 802 4174; x_wconf 84' lang='lat' dir='ltr'><strong>pro</strong></span> <span class='ocrx_word' id='word_1_365' title='bbox 821 4111 904 4162; x_wconf 86' lang='lat' dir='ltr'><strong>multis</strong></span> <span class='ocrx_word' id='word_1_366' title='bbox 922 4112 1051 4162; x_wconf 86' lang='lat' dir='ltr'><strong>ellouditor</strong></span> <span class='ocrx_word' id='word_1_367' title='bbox 1068 4112 1091 4162; x_wconf 90' lang='lat' dir='ltr'><strong>in</strong></span> <span class='ocrx_word' id='word_1_368' title='bbox 1109 4111 1279 4162; x_wconf 86' lang='lat' dir='ltr'><strong>remissionem</strong></span> <span class='ocrx_word' id='word_1_369' title='bbox 1296 4124 1356 4174; x_wconf 83' lang='lat' dir='ltr'><strong>pet-</strong></span> 
     </span>
     <span class='ocr_line' id='line_1_39' title="bbox 91 4203 195 4248; baseline 0.058 -6"><span class='ocrx_word' id='word_1_370' title='bbox 91 4203 195 4248; x_wconf 70' lang='lat' dir='ltr'><strong>ultrum.</strong></span> 
     </span>
    </p>

    <p class='ocr_par' dir='ltr' id='par_1_10' title="bbox 90 4278 1357 4770">
     <span class='ocr_line' id='line_1_40' title="bbox 164 4278 1357 4344; baseline 0.001 -14"><span class='ocrx_word' id='word_1_371' title='bbox 164 4279 217 4344; x_wconf 75' lang='lat' dir='ltr'><strong>Cpr.</strong></span> <span class='ocrx_word' id='word_1_372' title='bbox 243 4279 289 4339; x_wconf 83' lang='lat' dir='ltr'><strong>oui</strong></span> <span class='ocrx_word' id='word_1_373' title='bbox 307 4293 363 4329; x_wconf 89' lang='lat' dir='ltr'><strong>cum</strong></span> <span class='ocrx_word' id='word_1_374' title='bbox 380 4286 468 4343; x_wconf 86' lang='lat' dir='ltr'><strong>sponte</strong></span> <span class='ocrx_word' id='word_1_375' title='bbox 485 4279 559 4330; x_wconf 92' lang='lat' dir='ltr'><strong>homo</strong></span> <span class='ocrx_word' id='word_1_376' title='bbox 578 4280 655 4330; x_wconf 87' lang='lat' dir='ltr'><strong>laetus</strong></span> <span class='ocrx_word' id='word_1_377' title='bbox 673 4280 827 4330; x_wconf 88' lang='lat' dir='ltr'><strong>inmensura</strong></span> <span class='ocrx_word' id='word_1_378' title='bbox 846 4280 950 4330; x_wconf 85' lang='lat' dir='ltr'><strong>bumana</strong></span> <span class='ocrx_word' id='word_1_379' title='bbox 969 4281 1090 4341; x_wconf 79' lang='lat' dir='ltr'><strong>erexisset,</strong></span> <span class='ocrx_word' id='word_1_380' title='bbox 1114 4293 1162 4330; x_wconf 89' lang='lat' dir='ltr'><strong>uon</strong></span> <span class='ocrx_word' id='word_1_381' title='bbox 1180 4286 1261 4330; x_wconf 86' lang='lat' dir='ltr'><strong>lamen</strong></span> <span class='ocrx_word' id='word_1_382' title='bbox 1279 4278 1357 4343; x_wconf 73' lang='lat' dir='ltr'><strong>gloria</strong></span> 
     </span>
     <span class='ocr_line' id='line_1_41' title="bbox 90 4363 1357 4428; baseline 0.004 -18"><span class='ocrx_word' id='word_1_383' title='bbox 90 4377 126 4410; x_wconf 84' lang='lat' dir='ltr'><strong>saa</strong></span> <span class='ocrx_word' id='word_1_384' title='bbox 142 4365 269 4416; x_wconf 84' lang='lat' dir='ltr'><strong>destitutus</strong></span> <span class='ocrx_word' id='word_1_385' title='bbox 288 4371 335 4424; x_wconf 87' lang='lat' dir='ltr'><strong>est,</strong></span> <span class='ocrx_word' id='word_1_386' title='bbox 354 4377 433 4428; x_wconf 89' lang='lat' dir='ltr'><strong>neque</strong></span> <span class='ocrx_word' id='word_1_387' title='bbox 451 4363 596 4414; x_wconf 83' lang='lat' dir='ltr'><strong>diuinitatem</strong></span> <span class='ocrx_word' id='word_1_388' title='bbox 615 4377 684 4414; x_wconf 89' lang='lat' dir='ltr'><strong>suam</strong></span> <span class='ocrx_word' id='word_1_389' title='bbox 702 4363 790 4426; x_wconf 84' lang='lat' dir='ltr'><strong>amisit,</strong></span> <span class='ocrx_word' id='word_1_390' title='bbox 808 4364 853 4414; x_wconf 88' lang='lat' dir='ltr'><strong>aad</strong></span> <span class='ocrx_word' id='word_1_391' title='bbox 870 4364 906 4414; x_wconf 84' lang='lat' dir='ltr'><strong>uel</strong></span> <span class='ocrx_word' id='word_1_392' title='bbox 924 4379 978 4415; x_wconf 89' lang='lat' dir='ltr'><strong>cum</strong></span> <span class='ocrx_word' id='word_1_393' title='bbox 997 4365 1134 4416; x_wconf 88' lang='lat' dir='ltr'><strong>incarnatus</strong></span> <span class='ocrx_word' id='word_1_394' title='bbox 1153 4371 1198 4424; x_wconf 87' lang='lat' dir='ltr'><strong>eat,</strong></span> <span class='ocrx_word' id='word_1_395' title='bbox 1222 4364 1287 4414; x_wconf 89' lang='lat' dir='ltr'><strong>idem</strong></span> <span class='ocrx_word' id='word_1_396' title='bbox 1305 4371 1357 4416; x_wconf 90' lang='lat' dir='ltr'><strong>erat</strong></span> 
     </span>
     <span class='ocr_line' id='line_1_42' title="bbox 91 4447 1356 4514; baseline 0.006 -21"><span class='ocrx_word' id='word_1_397' title='bbox 91 4447 186 4510; x_wconf 77' lang='lat' dir='ltr'><strong>rubum,</strong></span> <span class='ocrx_word' id='word_1_398' title='bbox 215 4449 338 4514; x_wconf 85' lang='lat' dir='ltr'><strong>sapientia</strong></span> <span class='ocrx_word' id='word_1_399' title='bbox 362 4455 387 4497; x_wconf 90' lang='grc' dir='ltr'><strong>ιι</strong></span> <span class='ocrx_word' id='word_1_400' title='bbox 410 4447 482 4498; x_wconf 84' lang='lat' dir='ltr'><strong>rietus</strong></span> <span class='ocrx_word' id='word_1_401' title='bbox 511 4447 553 4498; x_wconf 75' lang='lat' dir='ltr'><strong>net</strong></span> <span class='ocrx_word' id='word_1_402' title='bbox 580 4449 657 4499; x_wconf 80' lang='lat' dir='ltr'><strong>Patria</strong></span> <span class='ocrx_word' id='word_1_403' title='bbox 682 4449 822 4499; x_wconf 88' lang='lat' dir='ltr'><strong>naturaliter</strong></span> <span class='ocrx_word' id='word_1_404' title='bbox 846 4457 870 4498; x_wconf 89' lang='lat' dir='ltr'><strong>et</strong></span> <span class='ocrx_word' id='word_1_405' title='bbox 892 4447 1090 4510; x_wconf 84' lang='lat' dir='ltr'><strong>substantialiter,</strong></span> <span class='ocrx_word' id='word_1_406' title='bbox 1113 4455 1137 4498; x_wconf 86' lang='lat' dir='ltr'><strong>et</strong></span> <span class='ocrx_word' id='word_1_407' title='bbox 1165 4448 1266 4500; x_wconf 85' lang='lat' dir='ltr'><strong>iormam</strong></span> <span class='ocrx_word' id='word_1_408' title='bbox 1294 4451 1356 4500; x_wconf 83' lang='lat' dir='ltr'><strong>scuti</strong></span> 
     </span>
     <span class='ocr_line' id='line_1_43' title="bbox 91 4532 1356 4599; baseline 0.003 -19"><span class='ocrx_word' id='word_1_409' title='bbox 91 4543 128 4588; x_wconf 79' lang='lat' dir='ltr'><strong>tec</strong></span> <span class='ocrx_word' id='word_1_410' title='bbox 144 4533 218 4586; x_wconf 86' lang='lat' dir='ltr'><strong>salute</strong></span> <span class='ocrx_word' id='word_1_411' title='bbox 237 4541 262 4586; x_wconf 88' lang='lat' dir='ltr'><strong>et</strong></span> <span class='ocrx_word' id='word_1_412' title='bbox 280 4534 327 4584; x_wconf 86' lang='lat' dir='ltr'><strong>rita</strong></span> <span class='ocrx_word' id='word_1_413' title='bbox 346 4537 430 4584; x_wconf 86' lang='lat' dir='ltr'><strong>nostra</strong></span> <span class='ocrx_word' id='word_1_414' title='bbox 448 4534 563 4599; x_wconf 86' lang='lat' dir='ltr'><strong>suscepit.</strong></span> <span class='ocrx_word' id='word_1_415' title='bbox 590 4533 634 4584; x_wconf 86' lang='lat' dir='ltr'><strong>llic</strong></span> <span class='ocrx_word' id='word_1_416' title='bbox 651 4533 714 4584; x_wconf 90' lang='lat' dir='ltr'><strong>enim</strong></span> <span class='ocrx_word' id='word_1_417' title='bbox 737 4541 792 4584; x_wconf 86' lang='lat' dir='ltr'><strong>ante</strong></span> <span class='ocrx_word' id='word_1_418' title='bbox 809 4532 940 4584; x_wconf 84' lang='lat' dir='ltr'><strong>salutarem</strong></span> <span class='ocrx_word' id='word_1_419' title='bbox 957 4547 1026 4583; x_wconf 87' lang='lat' dir='ltr'><strong>snam</strong></span> <span class='ocrx_word' id='word_1_420' title='bbox 1044 4532 1182 4597; x_wconf 85' lang='lat' dir='ltr'><strong>passionem</strong></span> <span class='ocrx_word' id='word_1_421' title='bbox 1200 4533 1294 4598; x_wconf 88' lang='lat' dir='ltr'><strong>accepit</strong></span> <span class='ocrx_word' id='word_1_422' title='bbox 1311 4549 1356 4598; x_wconf 94' lang='lat' dir='ltr'><strong>pa-</strong></span> 
     </span>
     <span class='ocr_line' id='line_1_44' title="bbox 91 4616 1356 4682; baseline 0.005 -20"><span class='ocrx_word' id='word_1_423' title='bbox 91 4627 136 4666; x_wconf 84' lang='lat' dir='ltr'><strong>sen</strong></span> <span class='ocrx_word' id='word_1_424' title='bbox 156 4619 179 4670; x_wconf 93' lang='lat' dir='ltr'><strong>iu</strong></span> <span class='ocrx_word' id='word_1_425' title='bbox 202 4625 303 4670; x_wconf 84' lang='lat' dir='ltr'><strong>sanctas</strong></span> <span class='ocrx_word' id='word_1_426' title='bbox 328 4631 414 4668; x_wconf 87' lang='lat' dir='ltr'><strong>manus</strong></span> <span class='ocrx_word' id='word_1_427' title='bbox 437 4632 494 4668; x_wconf 85' lang='lat' dir='ltr'><strong>suas</strong></span> <span class='ocrx_word' id='word_1_428' title='bbox 518 4625 542 4668; x_wconf 91' lang='lat' dir='ltr'><strong>et</strong></span> <span class='ocrx_word' id='word_1_429' title='bbox 564 4618 684 4669; x_wconf 80' lang='lat' dir='ltr'><strong>benedixit</strong></span> <span class='ocrx_word' id='word_1_430' title='bbox 703 4625 726 4668; x_wconf 89' lang='lat' dir='ltr'><strong>et</strong></span> <span class='ocrx_word' id='word_1_431' title='bbox 743 4617 814 4680; x_wconf 75' lang='lat' dir='ltr'><strong>tregit</strong></span> <span class='ocrx_word' id='word_1_432' title='bbox 831 4618 977 4682; x_wconf 84' lang='lat' dir='ltr'><strong>tradensque</strong></span> <span class='ocrx_word' id='word_1_433' title='bbox 994 4616 1120 4681; x_wconf 85' lang='lat' dir='ltr'><strong>discipulis</strong></span> <span class='ocrx_word' id='word_1_434' title='bbox 1137 4617 1188 4667; x_wconf 85' lang='lat' dir='ltr'><strong>sais</strong></span> <span class='ocrx_word' id='word_1_435' title='bbox 1207 4618 1279 4668; x_wconf 89' lang='lat' dir='ltr'><strong>dixit:</strong></span> <span class='ocrx_word' id='word_1_436' title='bbox 1304 4618 1356 4668; x_wconf 85' lang='lat' dir='ltr'><strong>linc</strong></span> 
     </span>
     <span class='ocr_line' id='line_1_45' title="bbox 91 4701 1355 4770; baseline -0.001 -16"><span class='ocrx_word' id='word_1_437' title='bbox 91 4708 121 4748; x_wconf 71' lang='grc' dir='ltr'><strong>ιιι</strong></span> <span class='ocrx_word' id='word_1_438' title='bbox 135 4718 219 4770; x_wconf 82' lang='lat' dir='ltr'><strong>eorpus</strong></span> <span class='ocrx_word' id='word_1_439' title='bbox 235 4718 331 4767; x_wconf 91' lang='lat' dir='ltr'><strong>meum,</strong></span> <span class='ocrx_word' id='word_1_440' title='bbox 351 4702 416 4768; x_wconf 88' lang='lat' dir='ltr'><strong>quod</strong></span> <span class='ocrx_word' id='word_1_441' title='bbox 433 4718 476 4756; x_wconf 83' lang='lat' dir='ltr'><strong>tos</strong></span> <span class='ocrx_word' id='word_1_442' title='bbox 493 4711 517 4757; x_wconf 92' lang='grc' dir='ltr'><strong>ιι</strong></span> <span class='ocrx_word' id='word_1_443' title='bbox 535 4703 625 4756; x_wconf 91' lang='lat' dir='ltr'><strong>multos</strong></span> <span class='ocrx_word' id='word_1_444' title='bbox 642 4703 726 4756; x_wconf 76' lang='lat' dir='ltr'><strong>fideles</strong></span> <span class='ocrx_word' id='word_1_445' title='bbox 744 4711 874 4768; x_wconf 83' lang='lat' dir='ltr'><strong>praeparet</strong></span> <span class='ocrx_word' id='word_1_446' title='bbox 891 4703 921 4754; x_wconf 91' lang='lat' dir='ltr'><strong>ad</strong></span> <span class='ocrx_word' id='word_1_447' title='bbox 938 4703 1008 4754; x_wconf 83' lang='lat' dir='ltr'><strong>uitam</strong></span> <span class='ocrx_word' id='word_1_448' title='bbox 1026 4701 1288 4754; x_wconf 84' lang='lat' dir='ltr'><strong>saeculiaaecuiorum.</strong></span> <span class='ocrx_word' id='word_1_449' title='bbox 1307 4703 1355 4754; x_wconf 82' lang='lat' dir='ltr'><strong>l&#39;o·</strong></span> 
     </span>
    </p>
   </div>
   <div class='ocr_carea' id='block_1_7' title="bbox 0 0 1699 5302">
    <p class='ocr_par' dir='ltr' id='par_1_11' title="bbox 0 0 1699 5302">
     <span class='ocr_line' id='line_1_46' title="bbox 0 0 1699 5302; baseline 0 0"><span class='ocrx_word' id='word_1_450' title='bbox 0 0 1699 5302; x_wconf 95' lang='lat' dir='ltr'><strong> </strong></span> 
     </span>
    </p>
   </div>
  </div>
 </body>
</html>
