3416 5290
697 431 771 506 685

100 608 272 702 οφραγίζει
292 616 398 680 ταῦτα
420 609 458 694 ἐξ
477 606 676 702 ἀμφοτέρων
695 617 762 682 τῶν
782 618 892 701 μερῶν
910 613 967 683 καί
989 610 1102 703 ῥίπτει
1123 605 1209 680 αύτὰ
1229 633 1372 699 σταυρο-

101 717 197 796 ειδῶς
219 711 268 795 εἰς
288 711 347 803 τὴν
368 709 465 802 δγίαν
486 710 655 800 τράπεζαν
674 715 732 784 καί
753 715 896 806 φέρουσι
914 715 955 784 τὸ
973 713 1109 803 χλιαρὸν
1130 711 1220 802 ύδοιρ
1239 710 1297 780 καί
1310 715 1371 780 τοῦ

100 813 255 885 διαεόνου
282 812 446 898 εἰπόντος,
477 821 547 884 Τοῶ
568 813 696 903 Κυρίου
719 820 902 908 δεηδῶμεν,
931 812 951 885 6
979 811 1148 904 ἀρχιερεύς
1173 809 1285 894 κλίνας
1312 811 1372 902 τὴν

98 917 254 1007 κεφαλὴν,
277 915 453 1002 ἐπεύχεται
472 917 513 985 τὸ
533 914 622 1006 ύδωρ
643 925 819 1004 μυστικῶς,
840 918 898 988 καί
913 919 998 1005 μετὰ
1012 919 1072 1008 την
1086 913 1271 1007 ἰπφώνησιν
1293 911 1372 983 ἰπι-

96 1019 164 1104 χέει
189 1018 229 1088 τδ
256 1015 346 1108 ὕδωρ
370 1019 443 1106 τρίς
463 1017 524 1088 ἰπί
544 1025 604 1108 τῆς
623 1021 790 1112 τραπέζης
809 1019 923 1108 λέγων,
950 1017 1012 1099 Εἰς
1032 1019 1071 1087 τδ
1092 1011 1200 1104 ὄνομα
1220 1022 1281 1086 τού
1301 1041 1371 1086 πα-

98 1119 173 1208 τρὸς
197 1119 257 1190 καί
282 1127 343 1189 τοῦ
369 1117 444 1190 υῖοῶ
469 1121 528 1190 καί
547 1127 608 1188 τού
630 1117 726 1208 άγίου
747 1117 947 1207 πνεύματος.
980 1117 1094 1209 Ἀμήν.
1137 1119 1209 1188 Καὶ
1230 1117 1289 1189 διδ
1309 1124 1370 1187 τοῦ

97 1219 293 1305 διαχυθέντος
313 1219 436 1303 ύδατσς
454 1222 539 1308 μετὰ
561 1228 627 1290 τῶν
649 1221 875 1292 ἐπιτιθέντων
895 1221 1013 1311 νίτρων
1035 1219 1189 1291 ένπλύνει
1209 1221 1269 1312 τὴν
1289 1218 1371 1310 τρά-

96 1323 209 1406 πεζαν,
243 1317 316 1392 εἶτα
347 1323 519 1412 σπογγίζει
551 1320 653 1414 αὐτὴν
682 1325 767 1411 μετὰ
798 1331 864 1392 τῶν
894 1330 1016 1394 καινῶν
1047 1322 1212 1413 σπόγγων,
1245 1322 1303 1392 τόν
1332 1323 1371 1392 δί

95 1419 198 1506 κίονα,
223 1421 269 1504 ῶς
288 1425 333 1514 μὴ
357 1425 537 1512 δυνάμενος
557 1431 632 1506 ταῖς
650 1428 743 1514 χερσὶ
757 1423 948 1514 σπογγίσαι,
972 1423 1126 1494 δεπλύνει
1140 1449 1176 1492 τε
1191 1425 1247 1494 καί
1260 1446 1369 1513 σπογ-

95 1522 176 1611 γίζει
195 1525 283 1612 μετὰ
302 1531 363 1595 τοῦ
384 1524 542 1614 σπόγγου.
576 1523 630 1594 Ἕν
650 1528 688 1596 δέ
709 1532 755 1618 τῷ
782 1526 940 1614 γίνεσθαι
966 1533 1072 1594 ταῦτα
1099 1525 1264 1616 φάλλεται
1284 1523 1304 1596 6
1327 1533 1368 1596 83

94 1625 241 1714 ψαλμός.
282 1623 338 1708 Ὡς
365 1624 522 1719 άγαπητὰ
542 1628 586 1696 τὰ
606 1625 803 1720 σκηνώματά
825 1651 897 1695 σου.
942 1626 1043 1694 Μετὰ
1065 1628 1102 1695 δὲ
1122 1628 1181 1716 τὴν
1202 1624 1369 1697 άπόλυσιν

94 1727 148 1794 ααί
181 1725 447 1816 άποσπόγγισιν,
482 1728 615 1812 δοξάζει
646 1727 665 1798 6
694 1725 862 1817 οἰρχιερεύς
889 1727 993 1816 λόγων
1020 1727 1177 1818 έκφώνως
1196 1728 1293 1812 Δόξα
1320 1735 1369 1820 τῷ

98 1833 171 1918 Θεῷ
198 1825 294 1919 ἡμῶν
320 1829 369 1911 εἰς
395 1830 473 1911 τούς
501 1830 636 1912 αἰῶνας.
677 1825 762 1900 Rha
789 1828 953 1916 λαμβάνει
979 1826 1088 1914 βιαίαν
1109 1823 1221 1918 (ἤγουν
1242 1831 1368 1914 νεανίαν)

94 1930 303 2020 ροδοστάμου
327 1932 386 2001 καί
412 1931 556 2016 ἰπιχέων
581 1931 700 2001 πλύνει
726 1933 785 2022 τὴν
813 1929 909 2019 ἆγίαν
929 1929 1098 2018 τράπεζαν
1118 1931 1175 2000 καῖ
1197 1931 1369 2020 σπαγγίζει

92 2034 175 2116 μετά
203 2039 270 2102 τῶν
299 2030 521 2119 άντιμινσίων.
567 2032 702 2104 Τούτων
723 2035 905 2124 γενομένων
926 2030 1115 2125 ψάλλουσιν
1137 2031 1185 2113 εἰς
1205 2025 1286 2122 ἦχον
1305 2039 1370 2120 βα-

95 2134 160 2221 ρύν,
187 2135 239 2217 τὸ,
264 2132 421 2216 Ῥανιιεῖς
445 2161 488 2222 με
515 2133 662 2225 ύσσώπῳ
682 2137 739 2204 καί
758 2133 1071 2226 καθαρισθὴσομαι,
1094 2137 1231 2216 πλυνεῖς
1249 2159 1293 2221 με
1312 2135 1370 2204 καί

93 2231 177 2325 ύπίρ
198 2233 295 2320 χιόνα
316 2235 597 2327 λευκανδὴσομαι.
640 2231 725 2306 Εἶτα
747 2235 880 2319 δοξάζει
900 2234 919 2306 6
943 2234 1120 2325 ἀρχιερεύς,
1143 2236 1256 2325 λέγων.
1299 2233 1367 2306 166-

94 2337 232 2429 λογητὸς
252 2336 271 2408 6
296 2339 382 2420 Θεδς
401 2337 495 2429 ἡμῶν
516 2337 662 2406 πάντοτε
682 2345 738 2406 νεῖν
758 2337 816 2406 καί
836 2335 891 2406 άεί
910 2339 968 2408 καί
989 2337 1038 2419 εἰς
1058 2340 1137 2418 τούς
1157 2333 1282 2418 αἰῶνας
1301 2343 1369 2405 τῶν

97 2435 235 2508 αἰώνων.
266 2434 347 2511 Εἶτα
367 2439 531 2529 λαμβάνει
551 2440 591 2507 τὸ
613 2433 744 2528 οἰγγεῖσν
764 2447 825 2508 τοῶ
846 2437 942 2529 άγίου
963 2438 1069 2528 μύρου
1091 2438 1148 2509 καί
1169 2447 1229 2508 τοῦ
1252 2437 1369 2510 διακό-

94 2564 151 2608 νου
173 2543 337 2630 λίγοντος,
359 2541 573 2629 Πρόσχωμεν,
596 2538 614 2610 6
637 2537 805 2630 ἀρχιερεύς
825 2543 969 2628 ἰπιχίων
989 2548 1030 2633 τῇ
1051 2538 1131 2630 άγία
1151 2541 1299 2635 τραπέζῃ
1312 2543 1369 2611 λέ-

93 2665 143 2729 γει
162 2643 235 2732 τρῖς
255 2645 305 2726 τὸ,
329 2641 536 2736 Ἀλληλούῖα,
566 2641 676 2734 ώςπερ
697 2643 755 2714 καί
776 2645 837 2714 έπί
856 2651 917 2714 τοῦ
937 2642 1181 2731 βαπτίσματος.
1224 2646 1295 2712 Καὶ
1315 2640 1366 2712 δι’

94 2741 196 2814 αὐτοῦ
227 2752 323 2816 ποιεῖ
354 2747 515 2834 σταυροὺς
546 2753 644 2834 τρεῖς,
676 2747 779 2832 μέσον
811 2745 871 2814 ένα
900 2747 958 2815 καί
986 2743 1054 2814 δύω
1084 2741 1292 2832 ἑκατέρωθεν
1310 2747 1369 2814 καί

93 2840 226 2937 άλείφει
253 2854 294 2936 τῇ
321 2846 407 2934 χειρί
434 2850 492 2916 διὰ
518 2853 585 2915 τῶν
610 2855 711 2936 τριῶν
733 2845 865 2916 ἐκείνων
885 2855 1034 2934 σταυρῶν
1056 2852 1170 2916 πᾶσαν
1190 2848 1249 2936 τὴν
1271 2844 1369 2936 ἁγίαν

91 2945 270 3033 τράπεζαν,
298 2953 394 3015 ποιεῖ
421 2949 459 3016 δὲ
483 2949 542 3016 καί
566 2947 729 3033 σταυροὺς
755 2946 804 3028 εἰς
829 2947 888 3014 εδν
914 2945 1009 3016 κίονα
1035 2954 1094 3036 τῆς
1121 2947 1288 3037 τραπέζης
1317 2943 1366 3014 δι’

92 3045 197 3115 αὐτοῦ
216 3048 274 3117 καί
295 3046 466 3135 σπαγγίζει
486 3045 656 3132 μετὰτῶν
678 3043 892 3132 άντιμινσίων
912 3047 972 3136 τὴν
985 3043 1083 3134 άγίαν
1096 3046 1274 3131 τράπεζαν.
1296 3047 1368 3114 Καὶ

89 3145 219 3216 τούτων
238 3149 419 3239 γινομένων
440 3147 608 3240 ψάλλουσι
630 3144 648 3216 6
673 3155 732 3218 1³2
756 3148 901 3240 ψαλμὸς,
921 3145 1008 3216 Ἰδού
1030 3148 1069 3237 δὴ
1086 3148 1119 3215 τί
1139 3149 1250 3218 καλὸν.
1280 3143 1366 3218 Εἶτα

91 3247 183 3336 λέγει
210 3248 228 3320 6
259 3248 426 3340 ἀρχιερεύς
452 3247 626 3340 ἰκφώνως,
654 3247 749 3332 Δόξα
775 3254 823 3338 τῷ
851 3250 956 3335 πατρί
983 3250 1040 3317 καί
1068 3255 1115 3338 τρῖ
1144 3247 1206 3340 υἰρῖ
1232 3251 1291 3319 καί
1317 3255 1365 3340 τῷ

92 3347 176 3440 άγίῳ
205 3350 381 3437 πνεύματι,
409 3357 465 3419 νῦν
490 3351 547 3419 καί
567 3348 631 3433 εἰεί,
659 3352 716 3420 καί
738 3349 787 3431 εἰς
808 3350 886 3432 τούς
908 3350 1032 3431 αἰῶνας
1052 3359 1117 3420 τῶν
1140 3349 1280 3432 αἰώνων,
1307 3352 1366 3420 καί

91 3451 141 3532 τὸ,
163 3450 259 3534 Δόξα
279 3475 345 3535 σοι,
368 3449 446 3539 ἁγία
470 3453 584 3541 Τριάς,
606 3449 736 3533 όθεδς
762 3449 864 3544 ημῶν,
892 3451 976 3536 δόξα
997 3476 1053 3522 σοι
1074 3449 1123 3533 εἰς
1142 3453 1222 3534 τούς
1243 3451 1368 3534 αἰῶνας

92 3559 158 3620 τῶν
186 3551 325 3622 αἰώνων.
367 3549 452 3624 Εἶτα
478 3555 516 3624 δέ
544 3553 593 3636 εἰς
620 3555 681 3635 τὰς
705 3555 870 3641 τέσσαρας
895 3561 956 3644 τῆς
983 3556 1149 3646 τραπέζης
1175 3552 1297 3644 γωνίας
1323 3555 1366 3624 τὰ

91 3653 283 3745 τέσσαραι
265 3653 450 3746 υφάσματα
475 3655 653 3747 ἰπιτίδησι
680 3657 758 3736 τοὺς
778 3657 943 3744 τέσσαρας
960 3654 1196 3744 εὐαγγελιστάς
1215 3681 1367 3725 τετυπω-

92 3755 262 3841 μένους”
240 3781 365 3842 εχονεα,
395 3784 414 3848 η
445 3757 533 3844 μόνα
560 3759 602 3826 τὰ
629 3754 779 3843 ὀνόματα
807 3753 926 3838 αἰτῶν,
954 3754 1066 3848 ἢάνύ
1090 3755 1197 3826 αύτῶν
1218 3757 1366 3846 τέσσαρα

92 3857 210 3945 χαρτία
237 3861 450 3947 προςκολλῶν
475 3865 582 3927 ταῦτα
607 3860 692 3945 μετὰ
719 3883 778 3948 της
804 3855 1053 3948 κηρομαστίχης.
1096 3854 1182 3928 Εἶτα
1202 3859 1366 3946 λαμβάνει

95 3959 133 4028 τὸ
160 3957 335 4048 λεγόμενον
356 3956 589 4050 κατασάρκιον,
619 3951 659 4029 ού
679 3967 720 4051 τῇ
739 3959 886 4052 τραπέζῃ
909 3960 1177 4050 έφαπλουμέναυ,
1207 3961 1366 4046 δεσμσῦν-
1428 4049 1435 4060 ι

94 4085 151 4130 ται
173 4061 207 4132 οῖ
229 4067 356 4148 σχοῖνοι
377 4064 601 4149 σταυροειδῶς
620 4059 841 4131 ὑποκάτωθεν
862 4069 922 4151 τῆς
943 4059 1039 4150 άγίας
1058 4063 1225 4152 τραπέζης
1246 4059 1294 4142 εἰς
1307 4061 1366 4130 τὸν

95 4159 197 4245 κίονα,
227 4164 261 4232 ἰν
288 4162 357 4254 ὅσῳ
386 4163 423 4233 δί
450 4170 557 4231 ταῦτα
583 4161 731 4251 γίνονται
756 4163 925 4253 ψάλλεται
947 4163 984 4244 ἐξ
1003 4160 1203 4252 ἀμφοτέρων
1223 4167 1289 4230 τῶν
1307 4187 1366 4248 χο-

97 4269 161 4348 ρῶν
183 4261 202 4334 6
227 4271 284 4334 1³1
308 4266 454 4358 ψαλμδς,
476 4262 662 4356 Μνήσόητι
682 4263 797 4353 Κύριε,
820 4271 881 4333 τοῦ
901 4264 1023 4352 Δαβίδ.
1046 4266 1116 4332 Καὶ
1136 4261 1256 4332 τούτου
1278 4267 1366 4353 πλη-

96 4364 257 4450 ρουμένου
279 4365 368 4455 λέγει
389 4364 408 4436 6
430 4363 608 4455 οἰρχιερεὺς.
635 4363 730 4448 Δόξα
750 4371 798 4456 τῷ
822 4369 897 4457 Θεῷ
920 4365 969 4448 εἰς
987 4366 1066 4446 τοίς
1088 4363 1221 4446 αἰῶνας.
1250 4361 1365 4454 Ἀμην.

98 4466 198 4534 Μετὰ
220 4467 257 4535 δι’
278 4474 384 4536 ταῦτα
404 4467 604 4554 νιπτόμενος
623 4467 685 4550 τδς
703 4473 815 4557 χεῖρας
835 4465 872 4537 έν
885 4495 951 4537 τινι
972 4463 1092 4556 άγγείῳ
1112 4463 1250 4556 καινῷῆ
1266 4468 1301 4536 έν
1316 4471 1364 4556 τῷ

96 4565 300 4659 χωνευτηρίῳ
322 4567 403 4650 ώςτε
423 4569 577 4663 μηδόλως
598 4569 779 4660 ἐκχυθῆναι
798 4568 928 4652 ἔξωθεν
948 4566 1028 4638 ούδί
1048 4568 1168 4659 ρανίδα
1186 4567 1268 4655 μίαν
1280 4571 1366 4656 μετά

97 4668 238 4761 μεγάλης
265 4667 439 4758 εὐλαβείας
464 4672 522 4743 καί
542 4677 717 4762 προςοχῆς,
743 4669 914 4764 μανδηλίηι
934 4695 971 4740 τε
991 4675 1094 4760 ναινηῖ
1115 4669 1238 4754 ταύτας
1258 4695 1367 4760 σπογ·
