3336 5302
926 423 1001 498 418

242 697 247 704 Ι
323 599 487 691 Σῶματος
505 603 564 674 καὶ
584 606 752 690 Αἵματος,
777 602 823 696 μή
844 631 889 693 με
909 601 1132 696 έξουόενιόσης
1153 599 1225 673 άπὸ
1244 609 1306 674 τού
1327 610 1389 674 σού
1409 601 1588 694 προςάπου,

325 701 552 794 όάμέτρητον
575 703 658 790 ἔχων
678 707 717 776 τὸ
737 707 824 795 μέγα
846 704 949 789 όλιος.

411 805 474 888 Εἰς
497 808 557 897 τὴν
585 806 793 898 Μετάληψιν
818 814 885 876 τῶν
911 806 1127 898 ύγιασμότων
1153 831 1226 889 σον,
1258 813 1334 890 πῶς
1360 804 1587 878 άνσιύυσθῶό

324 905 480 992 άνάξιοςς
502 909 561 978 ἐάν
581 909 644 999 γάρ
664 907 822 1000 τολμήσω
842 933 900 980 σοι
919 913 1121 999 προςελθεῖν
1142 909 1201 978 σὺν
1221 915 1295 991 τοῖς
1315 905 1435 992 άξόυις,
1466 907 1590 993 όγιτύν

325 1035 369 1098 με
390 1011 526 1099 έλέγχει,
547 1009 601 1080 ότι
623 1007 683 1080 ούκ
704 1006 778 1080 ἔστι
797 1019 858 1080 τού
874 1010 1036 1094 Δείπνου,
1057 1011 1115 1080 καὶ
1134 1008 1330 1099 κατάκρισιν
1349 1008 1589 1102 προξενήσωτῇ

324 1110 596 1202 πολυαμαριήτην
621 1137 687 1200 μου
714 1120 821 1204 ψυχῇ·
851 1111 1041 1203 καθάρισον
1068 1110 1174 1202 Κύριε
1200 1111 1258 1182 τὸν
1287 1109 1395 1204 ῥύπον
1415 1120 1476 1202 τῆς
1495 1121 1590 1203 ψυχῆς

326 1239 403 1300 μου,
424 1213 483 1283 καὶ
502 1212 612 1284 σῶσόν
630 1238 674 1300 με
696 1210 742 1294 ῶς
763 1212 1020 1305 φιλάνθρωπος.

417 1311 485 1384 Ούκ
506 1313 577 1401 cipri
599 1313 720 1397 ἱκανὸς,
742 1319 906 1386 Δέσποτα
928 1313 1044 1406 Κύριε,
1065 1318 1122 1384 ἵνα
1142 1312 1297 1407 εἶςέλθης
1317 1311 1385 1384 ύπὸ
1407 1315 1467 1407 τὴν
1487 1317 1589 1404 στέγην

274 1477 287 1496 ,
320 1423 388 1506 τῆς
408 1423 517 1506 ψυχῆς
536 1439 619 1502 μου·
641 1413 713 1485 ἀλλ’
736 1417 857 1507 ἐπειδὴ
877 1415 993 1503 βούλει
1014 1417 1066 1500 σύ,
1099 1413 1146 1499 ῶς
1166 1415 1425 1507 φιλάνθρωπος,
1446 1415 1590 1487 circeio&

327 1515 416 1606 spot,
443 1523 581 1608 θαρρῶν
609 1519 851 1606 προςέρχομαι·
878 1517 1023 1600 κελεύεις
1049 1515 1251 1588 όναπετύσω
1278 1519 1340 1600 τὰς
1359 1517 1480 1600 πύλας,
1501 1513 1589 1600 troi

327 1619 430 1708 μόνος
452 1617 723 1712 ἐδημιούργησας,
750 1621 808 1689 καὶ
829 1619 954 1712 εἰςέργη
975 1621 1061 1707 μετὰ
1082 1620 1347 1712 φιλανθρωπίας
1367 1618 1413 1702 ῶς
1433 1621 1589 1710 πέφυκας·

328 1721 465 1814 ιόςέρχη,
494 1723 551 1792 καὶ
578 1721 736 1814 φωτίζεις
756 1721 815 1790 τὸν
835 1721 1067 1808 έσκοτισμένον
1085 1747 1152 1809 μου
1174 1719 1343 1809 λογισμόν.
1365 1722 1530 1804 Πιστεύω,
1553 1719 1590 1803 ῶς

328 1833 433 1895 τοῦτο
455 1821 628 1914 ποιήσεις·
655 1821 695 1892 ού
723 1825 786 1912 γὰρ
813 1823 947 1914 Πόρνην
976 1821 1231 1913 προςελθούσόν
1258 1847 1315 1894 σοι
1341 1825 1428 1910 μετὰ
1457 1823 1589 1914 δακρύω

329 1923 511 2018 άπέφυγες,
534 1923 613 1994 eride*
632 1924 783 2016 Τιλώνην
805 1923 978 2011 άπεβάλου
995 1923 1257 2016 μετανοήσαντα,
1281 1922 1360 1994 orici
1372 1927 1512 2018 Λῃστὴν
1525 1927 1590 1996 irrr-

328 2025 447 2117 γνόντα
474 2029 534 2116 τὴν
554 2025 738 2096 Βασιλείαν
765 2051 825 2095 σου
854 2023 1056 2110 άπεόύωξας,
1085 2020 1163 2097 ούόὲ
1183 2026 1336 2120 Διῶκτην
1355 2027 1590 2119 μετανοήσαντα

326 2131 506 2211 κατέλιπες
531 2123 552 2198 ὃ
579 2122 628 2216 ἦν.
661 2126 765 2198 Ἀλλὰ
792 2127 871 2210 τούς
897 2126 966 2197 ύπό
996 2136 1056 2219 τῆς
1075 2127 1256 2216 μετανοίας
1275 2153 1332 2198 σοι
1353 2135 1591 2218 προςσγθὲνιας

328 2231 491 2314 ἅπαντας,
520 2229 555 2301 ἐν
580 2238 629 2321 τῷ
649 2237 738 2320 χορῷ
759 2238 824 2298 τῶν
845 2239 913 2300 σῶν
934 2228 1043 2321 φίλων
1062 2230 1256 2314 κατέταξας,
1286 2227 1305 2300 ὁ
1326 2230 1430 2317 μόνος
1450 2229 1590 2320 ὑπάρχων

329 2331 548 2425 εὐλογημένος
567 2331 725 2414 πάντοτε,
746 2340 815 2414 νῦν,
837 2334 894 2402 καὶ
916 2331 966 2413 εἷς
984 2333 1064 2414 τοὺς
1085 2329 1294 2421 ἀπεράντους
1315 2331 1450 2415 αἰῶνας.
1470 2331 1573 2421 Ἀμην.

418 2435 466 2504 Τό
487 2433 591 2521 Σῶμά
620 2458 681 2503 σου
708 2435 748 2502 τό
763 2433 888 2522 ‘upton
917 2431 1032 2521 Κύριε,
1063 2431 1170 2522 Ἰησοῦ
1192 2435 1320 2524 Χριστέ
1348 2433 1367 2503 ό
1391 2435 1479 2516 Θεὸς
1502 2433 1589 2525 ἡμῶν,

213 2529 218 2544 ’
329 2535 458 2626 γένοιτό
479 2562 540 2622 μοι
562 2535 611 2615 εἰς
632 2535 717 2625 ζωὴν
738 2533 885 2617 αἰώνιον,
913 2536 1029 2605 καὶτὸ
1050 2529 1153 2622 Αῖμά
1174 2561 1235 2606 σου
1257 2537 1295 2605 τό
1318 2535 1430 2622 τόμιον
1451 2535 1500 2618 εἰς
1519 2533 1589 2626 όφι-
1651 2595 1652 2612 ,

328 2663 383 2708 σιν
405 2635 585 2726 ἁμαρτιῶν.
609 2639 748 2708 Γόνοιτο
770 2638 809 2706 δέ
828 2662 890 2722 μοι
910 2634 930 2726 ἡ
954 2634 1158 2726 Εὐχαριστίο
1180 2635 1262 2728 αύτη
1285 2635 1334 2719 εἷς
1346 2639 1462 2728 χαράν,
1483 2635 1590 2726 ύγιόαν,

328 2741 386 2809 καὶ
409 2737 622 2830 εὐφροσύνην,
643 2738 701 2807 καὶ
722 2739 758 2808 έν
778 2745 818 2829 τῇ
839 2745 971 2830 φοβερᾷ
988 2740 1049 2808 καὶ
1070 2738 1209 2830 δευτέρᾳ
1231 2737 1360 2810 etstan
1381 2764 1443 2809 σου
1465 2735 1590 2822 όξίωυόν

328 2865 372 2926 με
392 2841 451 2910 τὸν
473 2837 670 2928 ἁμαρτωλὸν
690 2848 808 2932 στῆναι
830 2840 866 2909 ἐκ
888 2843 1006 2922 δεξιῶν
1032 2849 1092 2931 τῆς
1112 2849 1173 2930 σῆς
1193 2840 1313 2932 Δόξης,
1335 2839 1527 2931 πρεςβεόαις
1543 2845 1591 2928 τῆς

330 2941 570 3030 Παναχράντσυ
592 2966 653 3011 σου
674 2943 825 3033 Μητρὸς,
846 2943 904 3014 καὶ
925 2941 1061 3013 πάντων
1081 2950 1147 3011 τῶν
1164 2939 1293 3030 Ἁγίων.
1313 2939 1428 3034 Ἀμήν.

417 3066 504 3140 Quod
534 3067 570 3128 od
601 3075 791 3145 aegrotorum
814 3066 1055 3130 communionem
1079 3067 1154 3130 hoec
1176 3067 1346 3129 adnotando
1368 3078 1451 3131 sunt.
1494 3071 1588 3144 Aegro·

329 3179 427 3231 torum
453 3167 745 3250 praesanctificatum
768 3186 875 3248 penem
899 3188 959 3231 non
982 3171 1040 3232 nisi
1063 3168 1157 3233 semei
1180 3169 1211 3230 in
1233 3187 1311 3232 enno
1334 3169 1410 3231 teria
1426 3171 1494 3232 Vin
1510 3183 1587 3230 coena

330 3269 449 3333 Domini
473 3278 661 3332 consecrant.
698 3273 886 3333 Asseriatnm
910 3272 989 3333 hunc
1012 3282 1042 3334 et
1063 3271 1353 3351 praesanctificatum
1377 3289 1495 3351 panem,
1517 3285 1588 3332 sacro

330 3373 476 3452 sanguine
499 3372 657 3434 intinctum
680 3381 787 3433 vocant
808 3364 1105 3458 παρακαταθήκην,
1128 3373 1266 3434 viaticum
1283 3373 1414 3452 aegrotis
1427 3373 1587 3452 sepositum.

329 3475 367 3537 tr
394 3492 464 3535 vero
495 3473 649 3556 deinceps,
678 3491 746 3536 oum
769 3473 879 3536 infirmi
901 3473 933 3534 in
955 3473 1052 3537 exitus
1076 3474 1159 3544 horo,
1183 3473 1290 3536 viatico
1318 3473 1515 3538 eucharistiae
1535 3491 1588 3534 mu·

331 3575 451 3646 nicode,
474 3575 651 3654 porticulum
674 3585 840 3644 assumunt.
863 3575 933 3637 vino
950 3575 1101 3638 communi
1117 3585 1305 3656 respergunt,
1329 3586 1362 3638 ut
1376 3578 1492 3658 sopitae
1507 3585 1534 3638 et
1547 3593 1587 3636 ex·

330 3675 461 3738 siccatos
485 3677 639 3754 sanguinis
661 3676 779 3756 species
803 3677 888 3757 quusi
911 3677 949 3740 do
972 3696 1050 3738 noro
1073 3676 1250 3740 exsuscitari
1273 3689 1304 3738 et
1315 3696 1470 3758 emergere
1484 3679 1587 3739 videon·

331 3787 388 3839 tur.
434 3779 572 3840 Ceterum
601 3780 647 3840 vix
676 3789 744 3857 eget
772 3779 991 3853 observatione,
1022 3779 1234 3841 communione
1257 3779 1370 3842 Graece
1400 3778 1504 3844 saitem
1524 3779 1586 3840 irim

330 3877 519 3961 aliquatenus
548 3881 790 3962 appropinquare
819 3881 857 3942 ad
887 3881 1089 3962 sumptionem
1117 3882 1298 3943 sacrementi
1331 3881 1387 3942 sub
1410 3901 1468 3944 nna
1491 3879 1585 3961 specie.

332 3981 411 4044 Sane
440 4001 510 4044 vero
539 3981 598 4044 hoc
626 3983 852 4046 concedendum
882 3993 939 4058 est,
968 3999 1107 4060 magnum
1136 3985 1284 4046 interesse
1313 3983 1496 4047 discriminis
1521 3983 1586 4042 inter

331 4083 544 4148 eurcharistinm
566 4085 810 4157 Protestuntium,
838 4085 889 4166 qui
918 4085 1026 4148 bibunt
1053 4106 1070 4150 ε
1097 4083 1193 4148 calice
1219 4085 1320 4148 vinum
1343 4094 1544 4148 consecratum
1561 4087 1585 4142 et

331 4185 524 4260 Graecorum,
546 4184 712 4249 bucceliam
734 4187 812 4249 socri
840 4186 927 4266 penis
956 4187 1025 4249 rino
1054 4203 1141 4249 sacro
1169 4186 1321 4248 madidum
1352 4179 1584 4269 accipientium-¹)

341 4349 640 4365 .-‚.-..-.-........

418 4442 446 4501 li
466 4442 594 4492 Fornulos
618 4441 800 4494 distributorioe
826 4445 889 4510 opud
907 4444 1005 4507 Syros
1023 4442 1157 4492 lucebitis:
1181 4442 1215 4493 tu
1241 4443 1402 4509 expiationem
1421 4441 1550 4492 dotietoruro
1566 4439 1583 4480 τί

332 4527 500 4578 remissionem
518 4535 672 4592 peccatorem
691 4528 715 4577 io
735 4534 837 4592 utroquo
854 4529 961 4579 εεεευλυ.
987 4527 1157 4593 Respondetnr
1174 4530 1258 4580 Amen.
1275 4527 1341 4579 utta:
1361 4519 1582 4592 conposuerunt

328 4608 427 4660 nomini
446 4613 521 4662 nostri
539 4612 594 4662 Ιετο
613 4612 703 4664 Christi
721 4611 790 4663 rirtor
809 4613 850 4664 tibi
870 4616 894 4664 io
911 4615 1004 4664 renium
1023 4612 1166 4664 deiictorunt
1184 4614 1395 4664 intromissionem
1413 4615 1552 4677 psocrtornu
1563 4601 1581 4648 it

332 4701 434 4758 utroque
452 4695 558 4748 esconio.
593 4697 661 4748 iiie:
680 4697 775 4748 Fratres
794 4699 841 4748 mei
859 4699 960 4763 recipite
978 4713 1068 4764 eorpus
1086 4696 1138 4761 iiiii,
1164 4696 1250 4749 cirmrt
1268 4693 1379 4749 ecclesio.
1415 4683 1583 4748 othtrannu-
