3394 5308
748 465 770 536 5
815 420 817 424 ,

135 647 362 712 carminantur.
370 645 392 724 ¹)
440 643 551 725 lugere,
573 644 716 708 ecelesiae
739 665 812 711 suae
833 647 954 729 ingenio
976 651 1052 714 male
1072 652 1221 717 intellecto
1244 673 1279 718 ac
1299 669 1400 737 spreta

134 747 392 811 eruditissimorum
415 743 632 810 Catholicorum
654 748 804 840 doctrina,
828 769 933 814 omnes
956 771 1031 832 quae
1044 753 1136 818 hodic
1151 756 1285 820 obtinent
1299 759 1400 822 rubri-

133 869 175 914 tas
195 849 230 911 ad
250 847 443 930 apostohmm
465 847 683 912 institutionem
705 853 817 914 reterre
839 862 993 916 conantur.
1045 855 1109 931 llis,
1138 857 1165 920 si
1186 859 1341 938 apostolos
1363 861 1401 923 ab

134 950 267 1013 hodierno
282 949 342 1012 rito
358 949 535 1014 discessisse
550 951 716 1027 crederent,
740 961 770 1015 et
784 954 844 1035 ipsi
858 955 987 1034 apostoli
1001 957 1124 1020 notandi
1145 959 1326 1023 viderentur.
1358 962 1398 1024 Ut

134 1063 233 1116 taceam
254 1052 434 1132 Aethiopum
456 1053 690 1134 simplicitatem,
714 1053 820 1134 quihus
844 1064 926 1118 extra
947 1056 1163 1122 dubitationem
1185 1069 1241 1136 est,
1264 1062 1398 1144 liturgias

134 1156 257 1236 ipsorum
272 1173 290 1217 a
304 1153 424 1217 Christo
441 1154 572 1217 etbeata
588 1155 707 1236 Virgine
729 1155 825 1219 literis
848 1176 916 1222 esse
938 1159 1124 1240 consignatas
1147 1161 1308 1236 (Rohertus
1331 1163 1399 1228 Sala

131 1257 161 1318 ad
179 1257 277 1318 Bonae
298 1255 336 1316 tt.
358 1255 399 1330 L,
422 1255 445 1317 1.
474 1275 499 1318 c.
517 1256 558 1318 IX
580 1260 611 1334 ἦ.
627 1259 656 1322 6.
674 1261 727 1334 7.),
754 1277 810 1321 nec
830 1259 919 1322 hodie
947 1279 1074 1340 prorsus
1101 1264 1248 1326 extinctus
1276 1264 1398 1328 illorum

129 1357 438 1438 lipperromanismus,
462 1359 512 1438 qui
530 1359 561 1421 S.
573 1359 694 1422 Petrum
709 1359 899 1440 Apostolum,
922 1362 1047 1436 amictu,
1070 1362 1149 1438 alhs,
1173 1365 1306 1444 cingulo,
1329 1385 1396 1428 ma-

130 1461 221 1540 nipulo
244 1468 275 1522 et
303 1459 403 1522 casula
430 1458 565 1522 indutum
592 1459 700 1524 lauant
726 1461 847 1524 missam
875 1461 1089 1539 celebrantem,
1126 1484 1165 1527 ne
1191 1483 1249 1529 una
1277 1468 1397 1547 quidem

129 1561 255 1624 hodierni
284 1560 413 1624 blissalis
441 1561 556 1624 literula
587 1562 815 1642 praetermissa:
848 1563 918 1626 nisi·
935 1566 1012 1628 sorte
1040 1567 1224 1642 concedunt,
1259 1568 1289 1630 S.
1312 1569 1394 1632 Petri

127 1681 227 1726 nomen
248 1663 281 1725 in
303 1661 424 1725 Csnorm
444 1662 578 1726 nondum
601 1681 669 1726 esse
691 1673 964 1728 commemoratum.

201 1765 268 1826 Non
301 1765 403 1826 minus
436 1783 453 1825 a
487 1782 557 1827 vero
594 1763 747 1841 aberrant,
787 1769 837 1846 qui
870 1768 902 1830 iu
935 1768 1060 1830 alterum
1095 1786 1228 1831 errorem
1263 1770 1397 1834 incidunt

127 1862 410 1950 λειτουργομάχων.
444 1867 613 1928 Relormata
634 1866 750 1928 indoles
773 1868 819 1930 vel
834 1869 972 1930 Puritana
994 1871 1052 1931 fert
1074 1870 1262 1949 apertissime
1284 1873 1395 1936 rituum

127 1987 156 2030 ac
174 1969 419 2031 caerimoniarum
440 1975 636 2042 contemtum,
660 1967 781 2030 omniuo
806 1968 915 2044 omnia,
938 1988 1012 2049 quae
1036 1971 1066 2032 in
1090 1971 1169 2033 cultu
1188 1972 1289 2034 divino
1311 1973 1394 2052 psal-

126 2089 184 2132 mos
205 2071 294 2144 istos,
318 2088 489 2132 sermonem
511 2087 545 2132 ac
559 2088 693 2132 mensam
708 2070 977 2149 transgrediuntur,
1000 2070 1059 2132 alto
1079 2071 1238 2152 supercilio
1261 2072 1395 2153 despicit

124 2171 195 2251 Ergo
216 2172 397 2234 Reformstis
419 2169 592 2234 doctoribus
614 2171 688 2233 nihil
709 2171 864 2234 ridebatur
883 2171 1115 2246 intolerabilius,
1148 2173 1222 2236 nihil
1250 2174 1394 2254 apostolis

124 2274 281 2354 indignius,
316 2291 404 2354 mam
432 2273 691 2336 sanctissimorum
719 2273 852 2336 virorum
886 2273 1032 2336 industria
1065 2275 1164 2355 posita
1191 2276 1222 2338 in
1250 2275 1394 2356 liturgicis

124 2376 291 2456 praeceptis,
313 2375 491 2455 praesertim
513 2376 544 2438 in
566 2375 781 2438 eucharisticis.
818 2375 856 2437 Ut
877 2376 1077 2438 recentiorum
1099 2383 1265 2456 temporum
1289 2385 1395 2442 testem

126 2479 253 2552 aiteram,
287 2478 362 2540 haec
383 2476 473 2539 habet
492 2477 711 2540 Reimoldus
741 2476 806 2551 (llic
829 2475 1022 2556 angeblicben
1039 2478 1268 2558 Apostolischon
1289 2479 1393 2542 Litus-

124 2579 184 2658 gieo
203 2599 271 2642 vom
294 2579 651 2642 historisch-hritiscben
674 2578 862 2660 Standpunht
881 2577 1054 2642 batrachtet.
1098 2578 1275 2659 Heidelberg
1300 2581 1393 2657 1831)

123 2700 149 2760 p.
164 2685 220 2746 31:
250 2681 343 2754 „Wos
373 2701 457 2746 sauss
479 2699 551 2743 mon
572 2699 634 2744 oon
657 2683 757 2745 diesen
780 2681 935 2744 Mttnnern
961 2681 1088 2754 denhem
1122 2701 1209 2744 nenn
1237 2686 1279 2744 ste
1311 2682 1395 2746 nicht

123 2785 212 2846 durch
232 2785 320 2846 Licde
346 2803 388 2846 zn
416 2783 513 2844 ihrem
539 2783 703 2864 gottltchen
729 2783 853 2846 Meister
879 2783 945 2844 und
972 2783 1070 2846 durch
1099 2783 1152 2844 dos
1179 2782 1265 2844 Werlt
1292 2783 1393 2855 solist,

122 2903 202 2948 noan
224 2903 260 2947 er
281 2888 325 2947 sa'e
347 2885 537 2947 onserloren
558 2885 623 2946 und
644 2885 771 2964 hernsen
793 2884 883 2956 hotta,
907 2882 1094 2964 hr'nldngliclt
1115 2884 1292 2964 ongesencrt
1315 2903 1394 2946 ner-

122 2987 172 3048 den
201 2985 349 3059 lonntcn,
383 2987 518 3050 sondern
542 2987 695 3067 desurper
719 2985 787 3046 ihre
808 2984 949 3064 Znslncht
979 3004 1021 3046 zu
1043 2988 1152 3056 einans,
1191 2986 1235 3048 his
1264 2987 1325 3064 cers
1348 2987 1394 3048 die

121 3087 237 3151 lleinste
253 3089 337 3150 Linr'e
359 3087 581 3167 adpezr'rlcelten
601 3091 636 3148 in
657 3091 824 3167 eintdna'ger
844 3085 1034 3148 Wiederlcehr
1056 3087 1102 3148 die
1117 3085 1210 3148 Stnne
1232 3088 1395 3151 hetdnhcn·

121 3191 171 3251 den
198 3192 271 3253 oder
300 3191 502 3252 ermrtdenden
528 3189 618 3251 littus
645 3188 772 3250 nahmen
806 3195 979 3250 mnssten.“
1033 3205 1063 3266 p.
1082 3191 1137 3250 15:
1172 3187 1253 3260 „leh
1288 3187 1393 3266 teigne

120 3291 203 3364 niclt,
227 3292 299 3353 dors
322 3309 352 3353 er
374 3291 477 3370 ndtha'p
498 3291 562 3354 und
582 3289 721 3351 nrttzliclt
742 3293 794 3360 sei,
827 3288 930 3350 zrtmol
953 3289 1000 3350 bei
1018 3293 1182 3366 prosseren
1205 3288 1391 3362 Gemetnden,

120 3397 176 3454 eane
198 3394 264 3454 dem
287 3391 386 3456 Get'ste
409 3393 458 3454 des
483 3391 724 3454 Christenthums
752 3389 816 3450 und
843 3393 945 3450 acinon
973 3391 1078 3450 reinen
1100 3387 1317 3450 institutiones
1338 3409 1390 3470 ge-

117 3501 211 3557 ndrse
236 3495 401 3573 Ordnnnp,
435 3497 500 3556 eine
525 3497 648 3575 gemisse
669 3491 862 3572 liethensolpc
890 3491 953 3551 rand
982 3496 1109 3551 dussere
1132 3489 1309 3570 Gestnltunp
1337 3492 1392 3553 der

117 3595 407 3674 gottesdr'enstlichen
427 3599 643 3676 gemeinsomen
669 3593 828 3674 Uehnnpen
855 3589 1069 3672 einzusathren.
1118 3591 1198 3653 dher
1225 3610 1296 3654 anon
1323 3591 1391 3654 thnt

118 3697 169 3758 den
188 3696 337 3778 Apostcln
357 3715 400 3760 zu
421 3697 481 3758 ciel
502 3695 583 3760 libre
604 3697 678 3758 oder
700 3695 847 3757 Schmocb
867 3713 916 3765 on,
950 3711 1037 3755 wenn
1057 3710 1129 3754 aton
1150 3692 1240 3755 ihnen
1261 3703 1393 3756 zntrout

118 3799 187 3860 oder
209 3817 271 3860 zur
293 3797 367 3862 bost
389 3797 462 3878 lept,
497 3798 567 3859 does
590 3801 648 3868 ste,
681 3798 728 3858 die
757 3799 842 3858 canen
870 3799 938 3857 neit
965 3794 1097 3856 hdhcren
1119 3793 1314 3874 Stondpnnlct
1342 3794 1390 3856 ols

118 3901 168 3962 den
191 3905 276 3964 einer
299 3899 421 3962 blossen
444 3897 588 3960 ra'tucllen
602 3897 788 3978 Ahn'clttnnp
811 3897 926 3968 hatten,
956 3899 988 3957 in
1010 3899 1103 3957 einem
1125 3899 1260 3974 einzipen
1276 3897 1390 3976 Gepcn-

116 4003 227 4074 nonde,
250 3999 387 4064 ndmlr'oh
408 3999 472 4062 dem
494 3999 563 4062 leil.
585 3998 794 4068 Ahendmohle‚
823 3997 984 4079 gleichsam
1004 4001 1058 4058 mit
1080 4000 1175 4058 einem
1195 3996 1390 4076 Propronnne

181 4219 206 4280 ll
223 4219 382 4270 heraldotios
400 4219 417 4269 l.
434 4236 454 4271 c.
473 4235 497 4285 p.
507 4219 556 4270 xtt
575 4221 688 4282 „Scimus
706 4220 823 4283 quosdam
847 4217 899 4269 zelo
917 4217 961 4268 sed
980 4218 1093 4270 scientiae
1112 4215 1288 4268 ecclesiasticas
1305 4231 1387 4278 vacuo,

117 4303 143 4352 de
160 4307 264 4370 conquir
283 4305 334 4355 illis
351 4305 438 4354 otttciis
455 4319 540 4369 parom
559 4303 686 4355 commode
704 4303 832 4364 iudicasse,
859 4311 882 4353 ct
906 4309 995 4353 motata
1013 4317 1062 4352 noo
1080 4315 1156 4366 pauco
1174 4301 1198 4349 io
1216 4301 1282 4352 noris
1301 4303 1390 4354 sditio-

116 4388 189 4439 uibus.
225 4389 281 4440 sair
298 4390 347 4438 imo
366 4397 421 4439 soto
439 4404 515 4440 sonos
534 4405 581 4440 noo
600 4391 631 4440 ita
649 4387 739 4439 multos
757 4389 792 4438 vir
808 4401 917 4438 sommae
935 4387 1064 4450 dignitatis,
1084 4385 1206 4434 literrrom
1225 4384 1388 4436 literatorum·

116 4487 159 4536 qus
182 4475 263 4524 tentor
287 4473 389 4524 eximios
413 4474 456 4524 sed
479 4474 538 4524 nihil
563 4475 641 4526 minos
666 4487 736 4538 qoam
755 4471 907 4536 Theologns,
934 4473 974 4538 qui
998 4470 1107 4520 llisssles
1126 4469 1286 4520 Mozarahicos
1311 4470 1387 4520 libror

117 4571 213 4620 quornm
232 4558 381 4624 exemplaris
399 4573 453 4610 rora
471 4567 522 4609 tom
540 4566 616 4621 erent,
633 4559 772 4609 rarissimos
790 4559 905 4619 effecerit,
923 4557 979 4606 dum
998 4569 1083 4605 omnes
1101 4570 1161 4620 quos
1180 4556 1323 4619 conquirere
1341 4570 1387 4618 po·

117 4647 175 4694 terat
191 4645 296 4695 dammis
317 4643 462 4708 absumeret,
480 4651 556 4708 ratos,
575 4659 617 4697 eos
634 4652 728 4698 emtore
746 4643 871 4696 erroribus
889 4643 944 4708 quia
961 4640 1093 4692 homonem
1112 4641 1210 4692 missum
1227 4640 1299 4691 verbo
1317 4645 1388 4690 tenos

116 4725 200 4780 inillis
217 4743 267 4781 oon
285 4728 449 4795 reperiebat.“
