3394 5308
921 417 969 488 28

381 604 445 667 lem
456 618 528 666 vero
539 605 710 672 cenninus
720 611 810 684 agunt
824 604 1083 684 aperiunturque,
1095 601 1121 664 si
1137 581 1256 682 possint
1270 614 1380 666 cornua
1395 578 1588 667 commorere

308 705 528 787 disputationis.
572 690 694 787 Origerii
716 705 819 768 cusos
842 688 960 777 obiecit,
991 704 1155 767 sevidisse
1177 701 1254 784 apud
1277 702 1470 783 Presbyteros
1493 703 1585 766 Chri-

307 807 421 870 stianae
444 807 607 888 Religionis
629 805 778 870 volumina
799 805 923 869 barbara
945 806 1124 869 continentia
1147 804 1377 874 Daemoniorum
1411 805 1530 868 nomina
1554 813 1589 868 et

308 909 493 990 praestigias,
517 907 697 990 addiditque,
719 907 767 971 his
789 905 1025 989 precationihrrs,'
1041 927 1117 988 quas
1134 905 1302 988 Presbyteri
1325 907 1355 969 in
1378 907 1436 970 iliis
1452 907 1586 969 relumi-

307 1009 396 1074 nr‘bus
426 1010 579 1085 haberent,
606 1010 680 1072 nihii
707 1009 779 1072 boni
808 1009 916 1082 inesse,
949 1011 1002 1077 sed
1025 1010 1123 1071 omnia
1145 1008 1316 1072 bominibus
1346 1009 1443 1071 noxie.
1487 1009 1586 1072 Porro

305 1128 341 1179 ee
375 1112 503 1174 obiectio
531 1130 593 1174 non
621 1120 684 1175 erat
711 1112 748 1173 de
775 1111 859 1174 tibris
895 1111 988 1174 sacris
1025 1131 1079 1173 sou
1108 1110 1276 1183 Canonicis,
1306 1127 1373 1171 eum
1395 1112 1479 1192 prius
1502 1110 1587 1175 Celsi

308 1213 422 1275 obiecta
451 1221 553 1276 contra
577 1228 635 1276 'eos
664 1213 757 1275 libros
787 1213 915 1287 dituerit,
945 1213 998 1276 sed
1027 1213 1063 1274 de
1092 1211 1176 1274 tibris
1204 1212 1409 1292 precationum
1433 1213 1484 1292 qui
1504 1213 1586 1292 apud

308 1315 503 1389 (inditiones,
522 1333 584 1377 non
608 1334 711 1378 omnes
735 1314 787 1376 sed
810 1315 892 1377 solos
907 1314 1102 1394 Presbyteros
1125 1313 1290 1381 exstabant.
1319 1313 1380 1375 Nec
1400 1311 1586 1376 libros'hae-

308 1417 469 1478 reticerem
497 1417 651 1478 hominum
682 1436 698 1479 u
721 1409 807 1477 Celso
835 1415 981 1489 obiectos,
1009 1417 1059 1495 qui
1081 1432 1136 1494 per
1156 1415 1257 1495 priora
1279 1405 1394 1477 sheouia
1415 1413 1586 1500 innumeris

308 1519 438 1580 Deorum
467 1518 657 1599 genealogiis,
691 1516 798 1598 quibus
822 1527 852 1580 et
872 1516 996 1579 barbara
1018 1515 1225 1578 adtribuebaot
1245 1515 1375 1591 nomina,
1407 1516 1470 1578 suis
1493 1516 1587 1580 etiam

306 1619 475 1699 praestigiis
506 1619 664 1701 pravisque
697 1617 830 1680 moribus
852 1617 1051 1681 Christianum
1073 1635 1181 1680 nomen
1211 1600 1338 1679 ethnicis
1360 1617 1585 1699 ignominosum

306 1719 479 1794 reddebant,
507 1722 591 1784 facite
613 1720 732 1784 coniicit
752 1721 967 1794 Assemennos,
994 1719 1080 1800 'quod
1104 1710 1248 1800 Origenes
1269 1719 1351 1781 nulio
1373 1720 1493 1799 negotio
1516 1735 1588 1783 earn

307 1822 504 1886 dbieeticnem
526 1821 713 1897 declinasset,
736 1820 871 1902 negando
894 1822 967 1884 tales
989 1822 1090 1912 libros·
1105 1821 1182 1902 apud
1197 1839 1284 1886 verae
1299 1817 1482 1884 Christianae
1498 1819 1586 1886 Reii-

306 1925 404 2004 gionis
425 1925 555 1988 cuttores
577 1939 706 2004 unquam
717 1925 875 1999 exstitisse,
898 1924 976 2004 quod
993 1940 1052 1985 non
1065 1924 1141 1998 tecit,
1159 1923 1212 1985 sed
1226 1905 1301 1984 baec
1314 1923 1493 2002 respondet:
1516 1923 1587 1991 Noe

305 2025 384 2088 ttte'e
404 2045 463 2108 pro
487 2037 568 2090 certo
591 2024 798 2108 cdfimnemus,
821 2030 943 2120 auperti
963 2024 1050 2106 prod,
1067 2031 1120 2106 pei
1138 2030 1203 2087 men
1217 2025 1388 2117 qu'stieno
1407 2043 1467 2106 per
1481 2024 1587 2089 desem

307 2128 411 2189 colunt
439 2127 550 2198 Dmeen,
584 2131 747 2208 vivuntque
779 2131 867 2190 iente
899 2131 963 2188 eius
995 2126 1190 2206 compedium,
1224 2126 1408 2205 solemnibus
1437 2127 1586 2208 precibus
1682 2161 1683 2188 r

306 2231 600 2310 (προμαχθείσαις
622 2219 742 2308 εὐχαῖς)
775 2239 892 2292 etentes
915 2240 1007 2290 noctu
1029 2239 1058 2291 et
1078 2229 1213 2294 ritterdic
1235 2247 1289 2290 nec
1308 2232 1403 2308 mepte
1424 2246 1479 2290 nec
1498 2227 1586 2291 Dee·
1682 2241 1683 2256 ¹

306 2332 442 2393 monibus
466 2337 528 2392 sint
550 2331 799 2410 eopupnabiirs.“
821 2329 936 2403 Quibus
957 2329 1057 2391 verbis
1074 2329 1187 2392 eoiiutis
1198 2347 1264 2391 cum
1275 2329 1445 2394 obiectione
1460 2310 1537 2391 Celsi
1554 2339 1587 2394 et

306 2446 371 2496 cum
399 2431 437 2492 iia
460 2448 535 2511 quae
553 2432 647 2494 babet
672 2432 819 2511 Origenes
841 2433 922 2493 bom.
937 2431 975 2493 vt
998 2431 1028 2492 in
1050 2422 1206 2494 terentiane
1226 2451 1256 2512 p.
1272 2433 1310 2494 21
1339 2431 1503 2493 lucutentei
1526 2450 1586 2512 ap·

304 2531 430 2612 parebit,
464 2531 639 2612 Origenis
671 2551 761 2598 aero
795 2530 917 2595 libros
944 2533 1172 2612 Liturgieos
1204 2530 1374 2612 scriptos
1407 2551 1508 2605 esse,
1544 2534 1585 2596 in

305 2633 442 2714 quibus
471 2634 654 2696 formulae
683 2643 812 2697 certae
839 2635 1117 2715 precationum,
1146 2633 1277 2714 quales
1299 2633 1487 2723 collectae
1510 2634 1585 2696 bo-

306 2736 366 2798 die
389 2736 517 2798 solent
533 2737 686 2811 audire,
708 2737 1011 2798 continerentur.
1298 2722 1301 2731 '

389 2837 426 2899 Ut
455 2838 524 2916 quid
544 2832 600 2900 n'os
629 2837 791 2902 sentiamus
814 2825 1198 2918 aperiamus,'redeuudum
1222 2845 1268 2898 est
1289 2837 1324 2899 ad
1347 2837 1446 2900 locum
1469 2825 1584 2915 bastin,

304 3075 343 3125 die
366 3075 435 3124 mehr
458 3075 533 3126 durch
558 3075 786 3126 dieWonderbrait
809 3076 858 3129 uud
882 3070 925 3128 das
943 3073 1145 3139 Tugcndbeispiei
1171 3074 1207 3124 eis
1234 3074 1309 3130 durch
1329 3075 1375 3126 deo
1394 3077 1494 3126 Verreth
1515 3078 1584 3128 ihrer

303 3159 447 3210 Kenumisse
471 3160 510 3210 die
533 3160 664 3222 potilicheu
681 3161 837 3215 Wehrlreiten
860 3160 1026 3224 eerbreiieten,
1050 3175 1078 3208 so
1104 3160 1163 3233 hehe
1186 3160 1239 3210 sich
1258 3160 1296 3209 die
1313 3159 1520 3229 Notbn’endigieit
1539 3163 1586 3212 der

303 3242 437 3303 s'chrittlieb
455 3247 666 3308 autgereiehueten
686 3245 775 3298 Gebete
793 3245 879 3308 brettis
898 3245 1011 3295 horror.ss
1047 3245 1189 3308 Zozugebeo
1208 3246 1247 3305 ist,
1266 3245 1323 3294 dese
1340 3245 1379 3294 die
1398 3247 1582 3309 apostotieehen

303 3329 497 3391 deustitrrtieuen
521 3331 578 3391 „bei
602 3331 645 3380 der
662 3329 802 3392 Ertbeiluog
826 3329 869 3380 der
893 3330 996 3392 heiligen
1015 3329 1123 3391 Weiben,
1149 3330 1198 3382 und
1216 3329 1271 3380 dem
1289 3329 1424 3394 dieseopier
1442 3331 1512 3393 lange
1532 3333 1583 3382 und
1682 3347 1683 3364 ¹

303 3415 498 3478 mannichtaitige
517 3415 605 3466 Gebete
624 3415 786 3477 nuttribren“;
805 3415 876 3466 siiein
896 3415 1025 3465 historieeh
1044 3415 1075 3467 ist
1093 3413 1158 3464 nicht
1176 3413 1316 3477 dargetbnn,
1335 3415 1391 3465 dass
1410 3415 1476 3465 diese
1490 3417 1585 3468 Gebete

304 3500 335 3547 im
355 3497 378 3546 2.
397 3498 445 3548 und
464 3497 672 3548 steorunndern
691 3499 828 3548 rortranden
848 3513 966 3560 genesen,
985 3500 1130 3560 wenipstene
1148 3499 1327 3562 ouigezeirhnet
1344 3499 1442 3549 worden
1460 3500 1525 3561 sind,
1544 3503 1583 3552 in-

304 3581 358 3630 dem
377 3581 415 3630 die
435 3581 627 3632 constitutionem
647 3583 707 3632 auch
726 3598 770 3632 eus
788 3581 842 3632 dem
857 3582 885 3631 4.
904 3583 952 3631 und
971 3581 1093 3632 &Siculo
1112 3583 1235 3634 Elemente
1254 3585 1277 3634 in
1296 3585 1347 3634 sieb
1366 3585 1508 3634 schliessen.
1532 3587 1581 3638 Ge·

303 3673 363 3714 setzt
382 3665 447 3724 uber,
466 3665 509 3715 der
534 3663 674 3728 iiterpische
694 3667 760 3715 Ritus
779 3667 843 3716 bitte
862 3667 893 3715 im
912 3666 936 3716 2.
955 3667 1002 3716 und
1022 3665 1045 3716 ³.
1063 3668 1239 3718 tnhrhundene
1257 3669 1293 3718 eit
1311 3670 1393 3721 mebre
1411 3669 1519 3720 Stunden
1537 3685 1581 3733 ge·

303 3751 402 3800 dauert:
423 3765 451 3800 so
470 3755 577 3800 moseten
596 3750 672 3800 selbst
690 3749 728 3802 die
747 3749 912 3812 urgelebrtem
932 3767 975 3801 aua
990 3751 1047 3801 dem
1060 3747 1175 3804 Ehebette
1192 3754 1236 3804 rut
1252 3753 1297 3805 den
1307 3753 1418 3804 Thronos
1430 3755 1581 3816 erbohenen‚

304 3833 432 3885 torsteher
449 3834 492 3884 der
511 3834 799 3897 Christenrersammiunp
818 3835 875 3896 „die
894 3835 979 3898 langen
999 3837 1089 3888 Gebete
1107 3837 1210 3891 beiden
1228 3837 1374 3899 serotinieo,
1399 3838 1438 3888 die
1456 3841 1581 3892 verschie-

303 3919 380 3979 denen
400 3917 513 3968 tor-metu
532 3919 569 3970 bei
588 3919 635 3970 den
652 3919 824 3976 Sacrameoten
844 3919 891 3970 und
912 3919 1102 3972 Ordinationhn“
1123 3907 1262 3987 etesdpreb
1281 3922 1388 3986 renunes
1400 3923 1523 3984 ttersegrn
1541 3925 1580 3974 ib-

302 4019 354 4054 rem
379 4003 552 4054 Gedaehtnisee
576 4003 699 4066 ottmthtig
717 4005 761 4054 tici
777 4006 915 4068 einpripcu,
941 4006 1029 4056 descen
1047 4007 1113 4056 tir-atr
1132 4007 1156 4056 in
1174 4005 1218 4056 der
1236 4007 1331 4057 antikeu
1350 4007 1401 4058 zen
1418 4015 1517 4072 presset
1535 4023 1580 4070 ge-

302 4103 382 4137 wesen
402 4089 440 4156 ist,
465 4087 500 4136 ais
525 4089 549 4136 in
567 4089 611 4138 der
629 4088 768 4140 modernen.
804 4089 898 4140 Gerade
916 4089 999 4140 soiche
1018 4090 1124 4154 Minuer,
1150 4089 1188 4140 die
1207 4090 1272 4143 nicht
1289 4091 1313 4140 in
1332 4091 1441 4140 sotertes
1459 4089 1579 4142 Widerie-

302 4185 365 4234 gunp
389 4167 540 4224 odiutlieber
564 4171 704 4238 lrrthirmer,
726 4173 793 4224 nicht
812 4175 834 4223 in
853 4173 980 4227 zieriichet
999 4175 1046 4224 und
1064 4174 1219 4226 wortreicher
1236 4175 1420 4238 Vertheidigung
1438 4176 1481 4225 der
1499 4174 1579 4227 Suehe

302 4257 345 4306 der
363 4255 487 4324 thrbeit
503 4256 627 4320 productio
645 4273 733 4318 waren,
752 4259 866 4310 besasseo
885 4274 925 4309 um
944 4271 972 4308 ec
991 4259 1059 4320 mehr
1077 4249 1263 4320 thigteit,die
1281 4261 1425 4322 „gebetmen
1444 4261 1578 4312 Forme1n¹‘

302 4341 442 4403 auswendip
457 4355 485 4390 ru
504 4340 595 4390 lernen.
631 4341 683 4390 Und
702 4341 766 4392 batte
783 4344 834 4393 sich
853 4344 916 4394 beim
937 4343 1057 4406 Hersagen
1076 4332 1203 4393 denselbeu
1222 4345 1301 4406 „euch
1316 4345 1362 4394 ‘dos
1380 4345 1579 4410 receptarun-
1682 4339 1683 4360 ¹

301 4426 353 4476 nise
371 4425 463 4486 rerirrt,
482 4433 593 4497 enutrire
608 4425 661 4478 dies
680 4441 718 4475 um
737 4441 765 4475 so
783 4428 889 4491 weniger
906 4429 943 4477 ein
962 4441 1060 4490 presses
1078 4425 1185 4489 {inmuni
1204 4443 1323 4491 genesen,
1343 4429 1379 4478 als
1397 4430 1422 4480 in
1440 4429 1579 4482 Momentert

301 4509 543 4578 hereinhrechender,
563 4511 700 4561 ethnischcr
717 4510 849 4575 Drengsaie
866 4513 907 4564 die
923 4509 1034 4564 Bischdie
1052 4511 1084 4562 ito
1102 4511 1225 4576 flersagen
1245 4513 1288 4563 der
1305 4513 1460 4576 liturpischen
1473 4515 1577 4569 Gebets-

301 4595 404 4647 termole
423 4597 508 4657 pervisa
527 4596 624 4648 eitmais
643 4595 718 4648 durch
736 4597 883 4662 Ungltubipe
902 4606 1001 4660 gestent,
1021 4598 1068 4648 und
1087 4597 1125 4648 die
1143 4597 1229 4649 Florht
1243 4610 1274 4648 au
1293 4599 1411 4662 erpreiien
1430 4613 1595 4663 geawungeu·

300 4680 397 4730 worden
416 4681 498 4734 madd‘
