3378 5302
918 402 989 476 130

309 583 439 684 κρίνῃς
462 584 560 682 ἡμᾶς
584 584 673 670 τούς
697 584 942 679 ἁμαρτωλοὺς
967 583 1027 660 ἐπὶ
1052 591 1097 680 τῇ
1124 578 1326 680 μεταλήψει
1349 589 1430 660 τιῦν
1446 579 1599 680 ὐχράν-

309 716 388 762 των
414 713 482 762 σου
499 685 730 785 μυστηρίων,
757 687 849 761 ἀλλὰ
868 683 1036 786 φύλαξον
1052 685 1163 782 ἡμᾶς,
1191 683 1328 787 ὐγαθὲ,
1355 687 1397 761 ἐν
1414 683 1597 786 ἁγιασμῷ

309 797 378 864 τοῦ
404 788 515 892 ἁγίου
542 815 610 864 σου
628 785 862 882 Πνεῦματος,
887 792 952 864 ἵνα
978 787 1078 890 ἅγιοι
1102 783 1296 889 γενόμενοι
1328 785 1499 883 εὕρωμεν
1525 789 1598 882 μέ-

311 919 375 983 ρος
405 892 470 965 καί
500 889 750 989 κληρονομίαν
782 889 876 985 μετά
902 887 1056 966 πάντων
1081 897 1160 964 τῶν
1186 887 1307 990 άγίων
1330 896 1410 965 τῶν
1436 887 1501 962 ἀπ’
1533 892 1600 960 αἰ-

312 999 409 1075 ῶνός
441 1019 500 1066 σοι
531 987 872 1090 εὐαρεστησάντων,
909 994 951 1068 ἰν
982 999 1036 1088 τῷ
1063 989 1162 1090 φωτὶ
1186 997 1255 1064 τοῦ
1281 986 1480 1087 προςαίπου
1507 1011 1596 1078 σου,

311 1091 376 1168 διὰ
402 1101 480 1169 τῶν
505 1098 709 1188 οἰκτιρμῶν
732 1101 801 1168 τοῦ
826 1101 1054 1194 μονογενοῦς
1080 1117 1149 1167 σου
1174 1092 1272 1180 Υῖοῦ,
1300 1091 1444 1188 Κυρίου
1465 1089 1599 1166 δὲκαὶ

315 1197 408 1269 Θεοῦ
432 1193 494 1270 καὶ
520 1201 700 1293 Σωτῆρος
723 1193 832 1292 ἡμῶν
851 1195 973 1292 Ἰησοῦ
994 1199 1176 1293 Χριστοῦ,
1202 1193 1293 1289 μεθ’
1324 1186 1370 1268 οὐ
1395 1191 1598 1294 εὐλογητὸς

237 1308 239 1314 ’
310 1293 342 1370 εἰ
377 1295 449 1372 σύν
483 1303 536 1394 τῷ
573 1294 746 1397 παναγίιρ
782 1294 846 1370 καὶ
881 1296 1020 1398 ἀγαθῷ
1056 1293 1120 1370 καὶ
1155 1293 1323 1392 ζωοποιῷ
1358 1319 1428 1370 σου
1462 1290 1598 1370 Πνεῦ-

311 1425 418 1491 ματι·
453 1397 510 1472 ὅτι
541 1394 742 1499 ηὐλόγηται
774 1395 837 1472 καί
870 1395 1092 1482 δεδόξασται
1126 1397 1170 1471 τὸ
1206 1393 1394 1494 πάντιμον
1427 1395 1492 1472 καί
1525 1423 1599 1492 με·

311 1497 537 1600 γαλοπρεπές
570 1495 691 1594 ὄνομά
727 1522 809 1588 σου,
843 1506 912 1574 τοῦ
940 1498 1094 1596 Πατρὸς
1125 1496 1189 1574 καὶ
1221 1505 1289 1572 τοῦ
1322 1498 1407 1573 Υίοῦ
1432 1495 1497 1572 καὶ
1522 1504 1597 1571 τοῦ

309 1599 422 1727 ἁγίου
455 1595 690 1696 Πνεύματος,
726 1608 800 1678 νῦν
834 1600 898 1675 καί
934 1600 991 1675 ἀεὶ
1026 1599 1090 1676 καὶ
1128 1605 1190 1684 εἰς
1214 1599 1301 1684 τούς
1336 1605 1477 1684 αἰῶνας
1512 1605 1597 1674 τῶν

311 1707 472 1778 αἰωνων.

380 1915 525 2018 Ἀμήν]

388 2119 526 2220 Εἰρήνη
553 2133 678 2197 πᾶσιν.
703 2151 704 2154 ’

869 1817 908 1902 ‘O
936 1830 1027 1914 λαός.

858 2032 897 2104 ‘0
919 2032 1035 2126 ίερεῦς.

868 2232 906 2305 Ὁ
934 2233 1025 2317 λαός.

386 2339 460 2415 Καὶ
485 2347 540 2438 τῷ
566 2335 751 2437 πνεύματί
777 2366 856 2415 σου.

832 2503 870 2574 ‘0
894 2503 1057 2587 διάκονος.

413 2625 550 2700 XLVII.
582 2625 657 2710 Τὰς
681 2625 844 2725 κεφαλάς
869 2625 976 2723 ἡμῶν
1002 2635 1056 2724 τῷ
1083 2624 1213 2726 Κυρίῳ
1238 2624 1433 2722 κλίνωμεν.

859 2772 897 2844 ‘0
921 2773 1036 2863 ἱερεύς.

382 2894 426 2971 Ὁ
455 2893 542 2979 Θεὸς
576 2894 595 2969 ὁ
629 2896 745 2997 μέγας
769 2894 832 2970 καὶ
860 2895 1083 2991 θαυμαστὸς
1108 2894 1208 2971 ἔπιδε
1235 2893 1293 2969 ἰπὶ
1319 2893 1406 2978 τούς
1432 2892 1595 2980 δούλους

310 3020 392 3084 σου,
430 2996 487 3071 ὅτι
523 2997 583 3071 σοί
617 2999 705 3080 τούς
738 2998 896 3092 αὐχένας
921 2997 1127 3093 ἰκλίναμεν.
1172 2998 1357 3071 Ἔκτεινον
1389 2995 1459 3093 τὴν
1482 2995 1594 3093 χεῖρά

310 3121 379 3173 σου
415 3097 484 3195 τὴν
509 3098 694 3198 κραταιὰν
729 3099 793 3174 καί
828 3097 946 3198 πλήρη
982 3099 1161 3202 εὐλογιῶν
1197 3098 1261 3179 καὶ
1293 3095 1498 3199 εῦλόγησον
1523 3100 1595 3174 τὸν

310 3201 403 3274 λαόν
439 3225 519 3276 σου.
572 3196 816 3300 Διαιρύλαξον
849 3201 919 3299 τὴν
950 3200 1202 3298 κληρονομίαν
1236 3223 1318 3289 σου,
1352 3200 1417 3275 ἵνα
1444 3199 1594 3276 ἀείκαὶ

309 3301 373 3376 διὰ
407 3299 547 3389 παντός
580 3302 797 3398 δοξάζωμεν
829 3301 868 3378 σὲ
902 3302 969 3378 τὸν
1003 3301 1124 3397 μόνον
1158 3302 1281 3394 ζῶντα
1313 3300 1378 3376 καί
1403 3302 1594 3398 ἀληθινὸν

309 3402 404 3478 θεὸν
436 3403 557 3500 ήμῶν,
591 3404 660 3501 τὴν
693 3405 807 3506 ἁγίαν
840 3404 903 3479 καὶ
939 3401 1142 3500 ὁμοοιίσιον
1174 3399 1312 3502 τριάδα
1339 3404 1494 3502 Πατέρα
1527 3403 1593 3480 καὶ

316 3503 401 3578 Υίύν
426 3504 490 3631 καί
513 3505 557 3578 τὸ
584 3506 693 3608 ἅγιον
720 3512 895 3601 Πνεῦμα,
917 3514 992 3581 νῦν
1016 3506 1079 3580 καί
1105 3507 1162 3583 ἀεὶ
1188 3505 1251 3581 καὶ
1276 3509 1327 3590 εἰς
1343 3503 1430 3588 τούς
1448 3511 1591 3590 αἰῶνας

308 3611 388 3680 τῶν
414 3609 574 3681 αἰωνων.

837 3732 1048 3828 Ἐκφώνησις.

385 3855 460 3930 Σοί
491 3855 565 3958 γὰρ
599 3859 724 3956 πρέπει
756 3855 820 3933 καὶ
846 3857 1074 3958 ἐποιμείλεται
1106 3858 1129 3956 ή
1163 3856 1265 3954 παρὰ
1298 3855 1453 3932 πάντων
1477 3857 1590 3955 ἡμῶν

310 3956 518 4060 δοξολογία,
545 3958 632 4057 τιμὴ
657 3959 720 4035 καὶ
736 3957 979 4058 προςκάνησις
995 3959 1058 4036 καὶ
1074 3961 1289 4058 εὐχαριστία
1311 3967 1365 4057 τῷ
1382 3962 1509 4059 Πατρί
1526 3962 1590 4036 καί

308 4069 361 4158 τῷ
396 4061 467 4158 Υίῷ
494 4059 635 4159 καὶτῷ
662 4060 758 4164 άγίῳ
786 4059 983 4158 Πνεύματι
1009 4070 1083 4138 νῦν
1106 4062 1170 4136 καὶ
1197 4060 1264 4136 ἀεί.

829 4223 867 4296 Ὁ
891 4225 1053 4309 διάκονος.

386 4349 540 4424 XLVIII.
570 4348 634 4423 Ἐν
659 4343 784 4447 εἰρήνη
811 4353 979 4446 Χριστοῦ
1005 4346 1216 4447 ψάλλωμεν.

789 4497 860 4567 Καί
881 4496 984 4568 πάλιν
1005 4498 1105 4586 λέγει.

381 4615 443 4689 Ἕν
469 4613 593 4716 εἰρήνῃ
619 4623 788 4718 Χριστοῦ
815 4621 1075 4721 πορευθῶμιν.
