3388 5304
715 431 787 504 627

460 608 532 678 Καὶ
552 607 572 680 ὁ
595 607 702 698 ἱερεὺς
722 605 834 698 τρίτος
854 609 913 700 τῆν
934 605 1040 700 εὸκῆν.

195 714 366 788 Δέσποτα
392 711 665 811 παντοκράτορ,
692 713 773 817 ἅγιε
797 717 968 811 βασιλεῦ,
995 709 1223 790 ὸπαιάεάων
1254 714 1388 812 καὶμὴ

107 821 309 904 θανατιΐιν,
346 813 366 891 ὃ
391 814 651 912 ὑποστηρίζων
674 815 762 900 τοὺς
786 815 1087 900 καταπίπτοντας
1112 815 1186 896 καὶ,
1201 815 1384 914 ἀνορθῶν

108 918 198 1002 τοὺς
222 916 551 1017 κατεῤῥαγμένους,
579 918 598 993 ὁ
624 916 692 1003 τὸς
718 916 931 1014 σωματικὰς
947 917 1097 1015 θλίψεις
1114 915 1388 1015 διορθούμενος

107 1027 190 1096 τῶν
216 1014 449 1117 ἀνθρώπων,
476 1015 687 1114 αλτοάμεθά
715 1043 784 1096 σου
811 1019 831 1094 ὃ
854 1019 948 1104 ,Θεὸς
971 1019 1094 1117 ἡμῶν,
1122 1017 1221 1104 ὅπως
1247 1019 1387 1123 ἐπαγά-

108 1149 179 1225 γης
213 1120 258 1196 τὸ
289 1116 387 1204 ἔλεός
413 1144 482 1196 σου
508 1120 566 1194 ἐπὶ
591 1120 635 1195 τὸ
660 1122 785 1197 ἔλαιον
809 1129 934 1210 τοῦτο,
967 1120 1032 1196 καὶ
1056 1119 1144 1205 τοὸς
1165 1121 1388 1219 χρωμένους

108 1227 150 1308 ἐξ
183 1223 302 1298 αὐτοῦ
336 1223 378 1296 ἐν
409 1229 464 1319 τῷ
490 1218 649 1315 ὀνόματί
675 1247 758 1313 σου,
790 1224 854 1299 ἵνα
880 1221 1031 1325 γένηται
1056 1223 1184 1308 αὐτοῖς
1209 1227 1259 1308 εἰς
1284 1227 1387 1300 ἴασιν

108 1332 235 1424 ψυχῆς
266 1351 305 1398 τε
335 1320 401 1398 καὶ
426 1319 610 1418 σώματος,
646 1323 711 1398 καὶ
736 1329 787 1408 ελς
810 1323 1054 1423 καθαρισμὸν
1079 1323 1143 1400 καὶ
1169 1324 1387 1428 ἀπαλλαγὴν

110 1424 254 1510 παντὸς
279 1420 442 1512 πάθους,
468 1424 532 1499 καὶ
557 1423 676 1522 πάσης
701 1424 817 1501 νόσου
842 1426 907 1502 καὶ
932 1424 1129 1520 μαλακίας,
1158 1424 1222 1502 καὶ
1247 1428 1387 1512 παντὸς

107 1534 307 1624 μολυσμοῦ
333 1525 469 1625 σαρκὸς
493 1525 557 1600 καὶ
582 1524 802 1621 πνεύματος.
855 1528 943 1617 Ναὶ,
970 1523 1096 1623 Κύριε,
1122 1525 1191 1624 τὴν
1216 1525 1387 1628 ἰατρικήν

109 1655 181 1704 σου
215 1625 381 1720 δύναμιν
414 1626 630 1725 οὐρανόθεν
662 1625 930 1717 ἐξαπέστειλαν,
966 1627 1062 1725 ἅψαι
1097 1637 1166 1706 τοῦ
1200 1627 1385 1726 σώματος,

109 1730 248 1830 σβέσον
273 1730 342 1804 τὸν
366 1727 540 1826 πυρετὸν,
574 1726 745 1824 πράϋνον
777 1727 822 1804 τὸ
847 1728 972 1814 πάθος
996 1729 1060 1804 καὶ
1086 1739 1214 1807 πᾶσαν
1239 1734 1383 1808 λανθά-

108 1857 256 1910 νουσαν
280 1830 484 1908 ἀσθένειαν
510 1830 732 1918 ἀποδίωξον.
768 1835 887 1906 Γενοῦ
913 1829 1040 1926 λατρὸς
1063 1839 1132 1906 τοῦ
1159 1829 1298 1908 ὸοάλου
1317 1858 1386 1910 σου

108 1932 235 2022 τοῦδε,
268 1933 448 2034 ἐξέγειρον
482 1931 601 2010 αὐτὸν
632 1933 706 2008 άπὸ
738 1932 865 2028 κλίνης
890 1931 1078 2030 ὸὸυνηράς
1101 1931 1166 2008 καὶ
1191 1943 1388 2031 στρωμνῆς

108 2031 319 2124 κακώσεως,
352 2043 454 2111 σῶον
486 2034 550 2110 καὶ
583 2032 783 2132 ὁλόκληρον
812 2031 967 2132 χάρισαι
1001 2033 1119 2111 αὐτὸν
1143 2043 1190 2131 τῆ
1215 2035 1387 2136 ἐκκλησίᾳ

109 2161 194 2228 σου,
231 2136 503 2234 εὐαρεστοῦντα
536 2136 599 2211 καὶ
624 2145 805 2214 ποιοῦντα
830 2135 873 2212 τὸ
898 2133 1046 2232 θέλημά
1073 2161 1153 2212 σου.
1200 2147 1385 2240 Ἐκφιίιιος.

111 2240 196 2317 Σὸν
230 2236 303 2341 γάρ
330 2239 407 2314 ἐστι
431 2239 474 2314 τὸ
500 2242 613 2312 ἐλεεῖν
637 2238 700 2314 καὶ
726 2236 858 2328 σώζειν
882 2237 982 2334 ἡμᾶς
1006 2237 1026 2312 ὁ
1056 2238 1143 2322 Θεὸς
1167 2237 1289 2334 ἡμῶν,
1322 2237 1387 2316 καὶ

1 2399 2 2426 2
109 2341 171 2418 σοὶ
195 2341 264 2438 τὴν
289 2337 406 2425 δόξαν
432 2341 710 2432 ἀναπέμπομεν,
737 2348 792 2437 τῷ
818 2339 943 2434 πατρὶ,
969 2338 1032 2414 καὶ
1057 2347 1112 2436 τῷ
1137 2339 1223 2437 υἱῷ,
1249 2340 1385 2438 καὶτῷ

1 2523 2 2528 1
109 2441 207 2545 ἁγίῳ
233 2438 429 2538 πνεύματι,
461 2449 536 2518 νῦν
560 2441 624 2514 καὶ
651 2442 720 2531 ἀεὶ,
746 2441 810 2516 καὶ
836 2445 887 2524 είς
910 2440 999 2525 τοὺς
1023 2445 1165 2526 αἰῶνας
1188 2449 1268 2516 τῶν
1294 2440 1385 2518 αἰά-

1 2630 2 2635 1
110 2572 201 2620 νων.
246 2540 375 2640 Ἀμήν.

428 2673 465 2744 ‘0
487 2673 644 2765 τέταρτος
665 2671 781 2764 ίιρεάς.
824 2671 1060 2763 Προκείμενον.

188 2779 252 2856 Ἐν
277 2771 302 2876 ᾖ
327 2778 376 2854 άν
400 2779 518 2876 ἡμέρᾳ
544 2777 814 2874 ἐπικαλέσωμαί
839 2802 891 2853 σε.

195 2893 323 2980 Στίχος,
345 2877 472 2977 Κύριε,
499 2876 713 2963 εῑςάκονσον
739 2889 803 2976 τῆς
828 2888 1028 2979 προςευχῆς
1052 2909 1138 2976 μου.

198 3013 293 3103 Πρὸς
313 3011 520 3102 Κορινθίους
541 3011 721 3100 ἐπιστολῆς
741 3009 881 3081 Παύλου
903 3013 942 3082 τὸ
965 3009 1162 3101 ἀνάγνωσμα
1192 3017 1289 3082 lGor.
1311 3035 1336 3080 ο.
1355 3020 1387 3095 6,

114 3123 153 3187 16
174 3153 218 3167 -
240 3123 301 3184 αλ
328 3122 359 3183 2.

188 3166 412 3314 Ἀλληίούϊα
460 3215 671 3300 Ὑπομένων
697 3214 874 3312 ὑπέμεινα
900 3214 967 3292 τὸν
991 3212 1133 3312 κύριον.

194 3347 398 3438 Εὖαγγέλιον
420 3348 456 3417 ἐκ
477 3353 537 3416 τοῦ
558 3347 642 3416 κατὰ
664 3353 852 3417 Μυτθοῖον
874 3355 1100 3431 c.8,14—24.

640 3462 678 3534 Ὁ
701 3463 863 3546 διάκονος.

188 3571 359 3669 Ἐλέησον
382 3569 480 3667 ἡμᾶς
506 3569 526 3644 ὸ
556 3569 644 3652 Θεὸς
667 3570 761 3644 κατὰ
787 3568 830 3645 τὸ
855 3570 950 3671 μέγα
977 3566 1073 3656 ἔλεός
1099 3592 1178 3645 σου.

188 3675 264 3746 Ἔτι
281 3670 449 3765 δεόμεθα
465 3670 558 3766 ὑπὲρ
576 3671 708 3760 ἐλέους,
731 3669 837 3768 ζωῆς,
859 3668 1015 3768 ελρήνης,
1032 3670 1171 3774 ὑγείας,
1189 3672 1381 3771 σωτηρίας.

189 3773 293 3872 Ὑπὲρ
319 3781 388 3850 τοῦ
415 3776 707 3875 συγχωρηθῆναι
733 3773 837 3869 αὐτῷ
863 3780 940 3848 πᾶν
965 3773 1220 3870 πλημμέλημα.

194 3887 379 3982 Ἔκφώοως.
411 3873 495 3952 Ὅτι
520 3871 684 3970 ἐλεήμων
708 3873 771 3948 καί
797 3871 1068 3973 φιλάνθρωπος
1089 3873 1176 3959 Θεὸς
1196 3871 1381 3972 ὑπάρχεις.

638 4002 676 4074 Ὁ
699 4003 862 4086 διάκονος.
896 4070 898 4078 .

200 4119 277 4190 Τοῦ
304 4109 447 4210 Κυρίου
473 4109 684 4206 ὸιηθῶμιν.

524 4242 595 4311 Καὶ
615 4238 634 4310 ὸ
658 4239 763 4329 ἱερεὺς
784 4241 843 4330 τὴν
864 4237 970 4330 εὐχήν.

188 4347 329 4450 Ἀγαθέ
354 4345 420 4423 καὶ
438 4343 697 4445 φιλάνθρωπε,
725 4343 953 4447 εὔσπλαγχνε
970 4344 1032 4421 καὶ
1050 4342 1228 4433 πολυέλεε,
1255 4337 1382 4440 Κύριε,

111 4449 272 4534 ὁπολὸς
303 4453 344 4524 ἐν
375 4450 462 4524 ἐλέει
493 4448 557 4524 καὶ
589 4444 763 4530 πλούσιος
788 4449 829 4522 ἐν
854 4444 1077 4549 άγαθότητι,
1111 4443 1130 4519 ὃ
1157 4443 1277 4543 πατὴρ
1303 4453 1383 4520 τῶν

111 4557 315 4649 οἰκτιρμῶν
346 4550 409 4624 καὶ
438 4549 524 4634 Θεὸς
556 4545 675 4644 πάσης
706 4545 979 4646 παρακλήσεως,
1017 4544 1259 4642 ὃένισχάσας
1283 4545 1383 4643 ἡμᾶς

111 4653 177 4730 διὰ
210 4661 289 4728 τῶν
323 4650 442 4754 ἁγίων
476 4677 544 4728 σου
571 4646 802 4741 ἀποστόλων,
835 4648 947 4750 ἐλαίῳ
971 4649 1066 4748 μετὰ
1091 4657 1291 4750 προςευχῆς
1315 4648 1383 4733 τὰς
