3394 5308
712 423 761 498 65

103 603 188 704 όρον
218 602 399 681 θανάτου
431 601 558 696 λύσας,
592 604 692 702 ζωὴν
705 657 709 666 ·
723 607 763 691 ἐξ
786 600 1026 690 ἀναστάσεως
1050 603 1261 708 ἐπηγγείλω.
1311 607 1376 684 καὶ

104 723 144 798 οῦ
174 729 290 800 τοῦτο
322 719 458 820 μόνον,
491 721 586 800 ἀλλά
618 723 683 800 καὶ
715 722 804 808 τοῦς
827 727 868 810 ἐξ
892 723 1011 800 αὐτοῦ
1036 728 1087 808 ελς
1111 725 1256 820 πλῆθος
1282 723 1377 802 ἀνά-

104 843 242 936 ριθμον
272 842 374 936 χέας,
407 840 496 926 τοὺς
520 837 769 939 ἐμμείναντάς
793 867 851 918 σοι
878 838 1071 932 ἐδόξασας,
1103 840 1191 927 τοὺς
1215 841 1257 918 δὲ
1284 843 1378 920 ἀπο-

104 953 261 1042 στάντας
286 984 356 1035 σου
382 956 570 1045 ἐκόλασας.
597 962 672 1036 Καὶ
695 968 765 1036 τοῦ
789 959 860 1056 μέν
877 960 988 1059 Ἀβέλ-
1012 959 1063 1044 ὥς
1087 959 1193 1036 ὁσίου
1224 961 1377 1058 προςδε-

105 1071 257 1168 ξάμενος
280 1075 351 1174 τὴν
374 1075 534 1168 θυσίαν,
560 1086 629 1154 τοῦ
654 1077 695 1154 δὲ
716 1076 992 1178 ἀδελφοκτόνον
1010 1079 1109 1155 Καίν
1125 1077 1379 1180 ἀποστραφεὶς

104 1195 142 1267 τί
165 1193 308 1292 δῶρον,
335 1194 388 1282 ὥς
411 1198 580 1302 ἐναγοῦς.
605 1195 680 1272 Καὶ
704 1195 797 1296 πρὸς
813 1193 965 1281 ,τούτοις
988 1194 1056 1274 τὸν
1081 1196 1187 1294 Σὴθ,
1220 1196 1285 1274 καὶ
1308 1197 1393 1290 τὸ

100 1311 206 1396 Ἕνιάς
236 1308 483 1413 προςελάβου,
507 1314 573 1390 καὶ
595 1313 664 1391 τὸν
682 1312 800 1411 Ἐνάχ
832 1315 1106 1412 μετατίθεικας.
1158 1314 1207 1390 σὺ
1237 1313 1312 1418 γάρ
1344 1313 1378 1391 εί

105 1428 122 1504 5
151 1428 384 1534 δημιουργὸς
414 1437 494 1510 τάν
525 1428 760 1531 ἀνθράκων,
790 1431 854 1508 καί
886 1441 951 1530 τῆς
984 1431 1078 1530 ζωῆς
1105 1433 1278 1536 χορηγὸς,
1312 1432 1377 1510 καί

103 1555 161 1644 τῆς
193 1547 341 1634 ἐνδείας
365 1549 568 1648 πληρωτὴς,
601 1550 769 1628 καὶτῶν
793 1548 924 1647 νόμων
949 1549 1077 1650 δοτὴρ,
1110 1551 1174 1630 καὶ
1198 1557 1277 1628 τοῖν
1290 1579 1381 1651 gova

103 1663 315 1743 λοττύντων
347 1667 484 1754 αύτούς
514 1668 819 1767 μισθαποδότης,
854 1669 919 1746 καὶ
948 1677 1029 1744 ταῖν
1060 1667 1377 1769 παραβαινόντων

103 1783 237 1868 αὐτοὺς
262 1783 415 1871 ἔκδικος.
440 1785 463 1862 5
488 1786 556 1863 τὸν
580 1787 701 1890 μέγαν
725 1788 989 1885 κατακλυσμὸν
1014 1786 1214 1892 ἐπαγαγὼν
1237 1796 1292 1887 τῷ
1313 1785 1379 1864 κό-

104 1925 182 2000 σμφ
209 1901 277 1978 διὰ
302 1901 346 1978 τὸ
371 1908 516 2004 πλῆθος
538 1913 617 1983 ταῖν
643 1900 926 2004 ἀσεβησάντων,
950 1904 1015 1980 καὶ
1038 1902 1106 1982 τόν
1128 1904 1275 1982 δίκαιον
1291 1913 1377 1982 Νῦε

101 2017 308 2118 ῥυσάμενος
332 2023 373 2098 ἐκ
397 2031 466 2099 τοῦ
489 2031 756 2120 ’κατακλυσμοῦ
780 2026 821 2100 ἐν
847 2019 1003 2122 λάρνακι
1029 2021 1100 2100 σὺν
1118 2021 1216 2098 ἀκτὼ
1237 2030 1378 2121 ψυχαῖς

102 2158 216 2236 (ww.
229 2161 262 2234 3,
273 2161 343 2237 20),
369 2139 470 2226 τέλος
492 2141 565 2240 μὲν
580 2149 660 2219 τιῦν
681 2138 971 2240 παρῳχηκότων,
998 2140 1118 2239 ἀρχὴν
1135 2140 1177 2217 δέ
1193 2149 1273 2218 τῶν
1289 2150 1378 2238 μελ-

15 2279 16 2286 ’
101 2253 243 2334 λόντων
270 2257 516 2360 ἐπιγίνεσθαι.
543 2259 563 2336 5
589 2259 633 2335 τὸ
659 2259 827 2360 φοβερὸν
850 2269 926 2357 πῦρ
952 2258 1049 2334 κατὰ
1074 2267 1139 2356 τῆς
1152 2257 1377 2358 Σοδομηνῆς

100 2371 356 2461 πενταπόλεως
380 2375 531 2478 ἐξάψας,
556 2379 621 2454 καὶ
645 2387 718 2481 γῆν
741 2375 985 2479 καρποφόρον
1008 2381 1061 2462 ελς
1076 2375 1199 2474 ἅλμην
1219 2376 1379 2476 θέμενος

104 2491 171 2568 ἀπὸ
201 2492 339 2579 κακίας
369 2503 449 2574 ταῖν
477 2494 756 2574 κατοικούντων
781 2498 822 2572 ἐν
849 2495 944 2592 αὐτῇ
969 2513 1189 2594 (Ps.107‚34)‚
1221 2496 1285 2571 καὶ
1309 2495 1378 2574 τὸν

104 2611 204 2690 όοων
228 2611 328 2688 Aah
351 2609 562 2712 ἐξαρπάσας
586 2622 656 2690 τοῦ
680 2618 912 2714 ἐμπρησμοῦ.
940 2613 988 2689 σύ
1012 2612 1045 2687 εἶ
1071 2613 1091 2689 5
1116 2611 1185 2689 τὸν
1202 2613 1378 2714 Ἀβραάμ

15 2815 16 2828 ¹
103 2728 311 2828 ῥυσάμενος
334 2741 556 2834 προγονικῆς
580 2731 764 2831 ἀσεβείας,
796 2731 860 2808 καί
883 2727 1117 2828 κληρονόμον
1141 2737 1209 2808 τοῦ
1234 2727 1378 2830 κόσμου

104 2847 349 2948 καταστήσας,
380 2850 445 2926 καὶ
477 2849 687 2951 ἐμφανίσας
719 2849 823 2949 αὐτῷ
854 2849 923 2925 τὸν
946 2846 1115 2950 Χριστόν
1142 2873 1228 2924 σου·
1246 2849 1284 2926 ,ὃ
1309 2850 1378 2927 τὸν

15 3011 17 3036 ι
105 2966 346 3065 Μελχισεδὲκ,
381 2968 550 3070 ἀρχιερέα
580 2976 646 3067 τῆς
678 2967 849 3069 λατρείας
879 2965 1226 3067 προχειρισάμενος·
1259 2967 1281 3042 5
1310 2967 1379 3046 τὸν

15 3103 16 3112 ’
106 3085 290 3163 πολύτλαν
315 3083 535 3186 θεράποντά
562 3111 631 3164 σου
649 3086 738 3188 Ἰἀβ
762 3086 916 3185 νικητῆν
940 3094 1009 3162 τοῦ
1035 3082 1243 3185 ἀρχεκάκου
1259 3087 1379 3186 ὄφεως

108 3203 320 3290 ἀναδείξας·
347 3205 368 3281 5
393 3205 461 3282 τὸν
479 3205 606 3282 Ἰσαὰκ
630 3203 847 3308 ἐπαγγελίας
871 3204 959 3281 υἱὸν
982 3201 1243 3301 ποιησάμενος·
1272 3202 1379 3280 ὁτδν

102 3321 231 3423 Ἰακώβ
264 3323 407 3423 πατέρα
440 3320 588 3400 δαίδεκα
613 3322 776 3414 παίδων,
807 3321 982 3406 καὶτοὺς
1007 3323 1047 3405 ἐξ
1071 3320 1188 3397 αὐτοῦ
1213 3325 1263 3403 είς
1287 3328 1379 3418 πλῆ-

15 3463 16 3498 ι
108 3444 171 3526 θος
194 3441 299 3536 χίας,
324 3441 388 3518 καὶ
413 3440 618 3546 ελςαγαγάν
644 3447 694 3526 είς
717 3447 913 3547 Αἴγυπτον
938 3444 979 3516 ἐν
996 3435 1255 3536 ἑβδομήκοντα
1271 3437 1378 3515 πέντε

15 3645 16 3648 ¹
110 3567 252 3656 ψυχαῖς.
308 3559 357 3636 σὺ
387 3559 502 3661 κύριε,
527 3560 666 3660 Ἰωσὴφ
693 3562 762 3657 οὐχ
788 3559 990 3656 ὑπερεῖδες·
1027 3555 1120 3632 ἀλλά
1144 3555 1290 3653 μισθὸν
1314 3564 1380 3654 τῆς

110 3675 166 3752 διὰ
192 3677 233 3754 σε’
262 3677 510 3778 σωφροσύνης
535 3679 676 3764 ἔδωκας
701 3680 804 3778 αὐτῷ
830 3677 874 3752 τὸ
898 3683 978 3753 ταῖν
993 3674 1213 3778 Αλγυπτίων
1239 3677 1378 3773 ἄρχειν.

112 3792 154 3872 σὺ
175 3793 295 3896 κύριε,
316 3795 512 3896 Ἐβραίους
536 3798 609 3875 ὑπὸ
625 3795 844 3902 Αἰγυπτίων
869 3793 1219 3890 καταπονουμένους
1245 3793 1290 3869 ού
1315 3821 1379 3870 πε-

15 3931 16 3936 ’
114 3915 247 4008 ριεῖδες,
276 3913 341 3990 διὰ
367 3915 435 4000 τὰς
458 3916 550 4017 πρὸς
574 3914 663 4001 τοὺς
686 3914 847 4015 πατέρας
871 3912 1001 3988 αὐτῶν
1025 3909 1258 4014 ἐπαγγελίας·
1295 3909 1375 3984 ἀλλ’

15 4037 17 4110 Ξ
114 4029 258 4130 ίρρύσω,
291 4030 454 4119 κολάσας
478 4033 717 4139 Αἰγυπτίους.
769 4024 1116 4132 παραφθειράντων
1141 4026 1182 4105 δὲ
1207 4033 1286 4102 τῶν
1311 4025 1380 4101 ἀν-

15 4215 17 4246 ,
114 4148 277 4249 θροίπων
308 4151 378 4230 τὸν
403 4153 565 4252 φυσικὸν
588 4150 721 4248 νόμον,
755 4149 820 4226 καλ
843 4150 913 4248 τὴν
935 4147 1070 4236 κτίσιν,
1103 4143 1191 4220 ποτὲ
1214 4141 1285 4240 μὲν
1310 4141 1380 4220 αῦ-

116 4267 272 4368 τόματον
296 4266 551 4370 νομισάντων,
577 4270 663 4346 ποτὲ
690 4269 732 4346 δὲ
756 4276 883 4346 πλεῖον
907 4266 930 4367 ἢ
956 4266 1015 4344 δεῖ
1039 4258 1291 4362 τιμησάντων,
1314 4259 1381 4337 καί

119 4413 168 4464 σοι
190 4399 244 4491 τῷ
274 4397 355 4490 Θεῷ
380 4397 460 4468 τοῖν
484 4385 640 4467 πάντων
665 4385 965 4466 συνταττόντων·
993 4385 1062 4460 οὐκ
1086 4386 1212 4464 εἴασας
1236 4385 1380 4455 πλανᾶ-

121 4511 221 4602 σθαι,
255 4509 351 4586 ἀλλὰ
386 4506 583 4594 ἀναδείξας
613 4506 681 4584 τὸν
713 4505 822 4610 ἅγιόν
853 4528 922 4581 σου
952 4497 1171 4603 θεράποντα
1198 4502 1377 4594 Μοῦσῆν,

123 4621 162 4698 δι’
182 4629 299 4707 αὐτοῦ
321 4625 417 4730 πρὸς
439 4621 626 4727 βοήθειαν
646 4633 714 4704 τοῦ
735 4630 897 4726 φυσικοῦ
913 4621 982 4699 τὸν
997 4615 1165 4724 γραπτὸν
1181 4611 1301 4714 νόμον
1318 4611 1380 4690 δέ·

1160 4739 1176 4790 ε
