3378 5302
152 943 295 1016 Αἰνεῖτε
320 938 389 1016 τὸν
414 933 556 1037 Ιίιίριον
581 934 706 1015 πάντα
731 939 778 1014 τὰ
804 941 916 1037 έὝθνη
943 953 1001 1023 καὶ
1020 953 1064 1023 τὰ
1085 951 1102 1024 ἓ
1103 956 1170 1045 ξῆς.

595 1067 822 1154 Ὁδιιίκονος.

150 1113 263 1258 Κύριε
288 1154 501 1261 ευλόγησον.

618 1253 796 1388 Ὁῖορείς.

147 1357 367 1490 ΟΚύριος
384 1356 585 1490 εὖλογήσει,
617 1361 681 1436 καὶ
714 1358 984 1490 ἀκατακρίτους
1014 1360 1113 1459 ἡμᾶς
1136 1359 1350 1492 διατηρήσει

86 1461 135 1536 ι’πῖ
156 1470 202 1560 τῇ
227 1459 431 1561 μεταλήψει
455 1469 535 1538 τῶν
560 1459 761 1561 ἀχριίντων
786 1463 904 1538 αὐτοῦ
930 1461 1079 1618 δωριῖν,
1106 1472 1179 1542 νῦν
1203 1493 1266 1540 και
1292 1465 1350 1542 ἀεὶ

85 1591 138 1638 ιιαι
159 1569 211 1649 εἷς
233 1563 325 1648 τοὺς
348 1568 500 1648 αἰῶνας.

361 1693 472 1765 Καῖ”
452 1721 534 1764 οταν
554 1691 767 1786 πληρώσασι,
789 1697 879 1786 λέγει
900 1694 1065 1778 διάκονος.

151 1797 265 1900 Κύριε
289 1797 502 1904 εὐλόγησαν.

562 1893 638 1967 ‘O‘
626 1896 733 1987 ιεριὺς
752 1895 853 1988 λέγει.

144 2002 190 2080 Ο
214 2000 353 2102 Κύριος
388 2003 589 2104 εὐλογησει,
623 2001 687 2132 κριὶ
713 1999 906 2088 ἇξιιόσει*
884 2009 983 2099 ημᾶς
1008 2001 1141 2104 ἁγναῖς
1164 2007 1247 2088 ταῖς
1271 2011 1351 2080 τῶν

85 2101 270 2181 δακτύλιον
296 2106 442 2203 λαβαῖς,
468 2101 661 2233 λαβεῖν
622 2131 690 2178 τον
715 2101 875 2200 πύρινον
900 2104 1137 2204 ἄνθρακα,
1120 2102 1184 2231 κρῖ
1209 2107 1351 2180 ἐπιθεῖ-

84 2235 136 2281 ναι
159 2209 239 2292 τοῖς
262 2214 343 2282 τῶν
368 2213 512 2283 πιστῶν
537 2201 732 2295 στόμασιν,
761 2209 813 2290 είς
835 2202 1080 2334 καθαρισμὸν
1103 2203 1167 2279 καὶ
1193 2205 1350 2282 ἀνακαι-

84 2309 210 2406 ιιομὸν
234 2315 316 2384 τῶν
339 2315 477 2406 ψυχῶν
502 2307 631 2384 αιπιῖν
655 2306 719 2382 καὶ
743 2315 822 2384 ταῖν
848 2305 1048 2400 σωμάτων,
1074 2314 1147 2384 νῦν
1170 2307 1235 2382 καὶ
1255 2307 1323 2383 ἀεὶ.

661 2433 757 2508 Eho.

147 2549 187 2618 Γ
181 2540 362 2634 ευσασθε,
387 2572 450 2619 και
438 2541 641 2634 ἰ’δετε,“
620 2571 677 2617 οτι
667 2541 903 2668 χρηστὸς
884 2571 905 2617 ο
930 2540 1132 2642 Κύριος,
1114 2572 1134 2618 ο
1160 2540 1351 2642 μελιζόμε-

84 2675 135 2732 νος
163 2645 230 2724 καὶ
256 2645 319 2774 μὴ
334 2641 585 2774 μεριζόμενος,
616 2643 680 2719 καὶ
704 2651 782 2730 τοῖς
807 2649 949 2730 πιστοῖς
971 2641 1263 2742 μεταδιδόμενος
1286 2645 1350 2721 καὶ

84 2776 124 2842 μη
153 2743 442 2845 δαπανώμενος,
477 2747 577 2831 εῖς’
560 2747 697 2845 α’ψεσιν
729 2745 926 2844 ἁμαρτιῶν
950 2776 1013 2822 και
1001 2745 1203 2844 ζωὴν
1164 2775 1233 2844 την
1259 2745 1350 2824 alu}-

87 2877 166 2942 νιον,
192 2858 268 2928 νῦν
293 2849 358 2924 καὶ
383 2849 440 2924 ἀεὶ
464 2847 528 2924 καὶ
552 2853 603 2932 είς
627 2846 715 2931 τοὺς
739 2852 890 2932 αῑιῖινοις.

595 2976 633 3048 ‘0
656 2976 819 3062 διάκονος.

138 3086 204 3163 Ἐν
228 3081 357 3184 εἰρήνη
383 3087 551 3182 Χριστοῦ
576 3079 789 3183 ψοίλλωμεν.

610 3212 655 3284 Oi
674 3212 816 3306 ψάλται.

147 3317 363 3409 Γεύσασθε,
386 3318 453 3403 καὶ
476 3317 585 3408 ἴδετε,
613 3317 669 3394 ὅτι
691 3315 852 3418 χρηστὸς
875 3317 896 3392 ὁ
921 3314 1069 3418 Κύριος.

307 3449 346 3521 Ὁ
369 3449 475 3542 ἱερεὺς
495 3453 585 3541 λέγει
605 3447 702 3541 εὐχὴν
721 3449 789 3582 πρὸ
807 3457 867 3540 τῆς
871 3449 1117 3582 μεταλήψειος.

147 3554 287 3654 Κύριος
313 3585 334 3630 ο
319 3553 487 3640 Θεὸς
466 3563 588 3654 ημῶν,
616 3555 635 3630 ὃ
662 3551 837 3683 ρύροίνιρς
862 3556 986 3654 ἄρτος,
1011 3585 1035 3653 η
1021 3552 1136 3652 ζωὴ
1161 3560 1230 3629 τοῦ
1255 3582 1351 3630 παν-

86 3657 146 3749 τὸς,
168 3659 345 3756 ἥμαρτον
371 3663 421 3742 εἰς
445 3656 580 3762 τίν’
540 3654 716 3786 ουρανὸν,
743 3685 806 3732 και
794 3655 985 3734 ἐνώπιόν
1001 3681 1084 3747 σου,
1109 3685 1173 3731 και
1189 3654 1258 3732 οὐκ
1276 3655 1351 3784 εἶμί

86 3759 170 3846 ἄξιος
203 3760 435 3936 μεταλαβεῖν
469 3755 549 3834 τῶν
583 3755 784 3888 ἂχροίντοιν
819 3782 888 3833 σου
923 3757 1153 3888 μμστηρίιρν,
1187 3757 1267 3832 ἀλλ’
1301 3757 1352 3842 ὥς

86 3861 327 3964 εὔσπλαγχνος
355 3859 443 3944 θεὸς
477 3856 640 3945 ἀξίωσίν
674 3887 721 3954 με
755 3866 800 3956 τῇ
833 3855 961 3957 χάριτί
996 3885 1065 3936 σου
1097 3858 1352 3958 ἀκατακρίτως

85 3971 270 4088 ρεῐασχεῖν
306 3971 375 4038 τοῦ
409 3959 521 4090 ἁγίου
557 3957 729 4054 σώματος
763 3960 827 4038 καὶ
861 3969 931 4036 τοῦ
962 3960 1088 4056 τιμίου
1122 3963 1276 4058 αἵματος
1301 3964 1352 4044 εἰς

85 4063 206 4162 ὄρεσιν
232 4063 434 4162 ἁμαρτιῶν
458 4092 523 4138 και
510 4061 647 4162 ζωὴν
675 4058 840 4139 αἰώνιον.

147 4202 272 4276 XLIII.
310 4205 396 4281 Εἶτα
416 4212 623 4297 μεταδίδωσι
642 4237 690 4302 τῳ
675 4208 836 4301 ’κλήρῳ
862 4207 919 4278 ὅτι
941 4209 979 4277 δὲ
1000 4207 1197 4297 ἐπαίρουσιν
1218 4205 1253 4277 οῖ
1275 4204 1352 4278 διοί-

84 4339 162 4384 ιοιοι
186 4315 271 4397 τοὺς
298 4310 462 4396 dictove)
483 4313 541 4382 καὶ
562 4313 641 4393 τοὺς
660 4319 825 4400 κρατῆρας
844 4308 894 4392 είς
914 4309 952 4379 τὸ
973 4311 1177 4396 μεταδοῦναι
1196 4316 1245 4400 τῷ
1267 4312 1349 4400 λαηῖ,

85 4414 158 4502 λέγει
179 4414 198 4486 ὁ
220 4413 380 4494 διάκονος
401 4409 504 4502 αῖριον
524 4410 583 4482 τδν
603 4419 738 4504 πρῶτον
759 4412 880 4482 δίσκον.

146 4517 261 4620 Κύριε
286 4514 501 4621 εὐλόγησον.

157 4675 180 4738 ι)
196 4679 306 4726 Putem.
