3368 5308
934 379 1008 454 488

330 575 371 655 ἐξ
402 570 580 667 οὐρανοῦ,
613 565 676 641 καὶ
708 564 765 641 ’ίδε
799 564 866 662 τὴν
898 563 1101 640 ἀσθένειαν
1132 562 1242 660 ἡμῶν
1274 569 1352 636 τῶν
1377 562 1597 654 καταδίκων,

330 672 394 747 καὶ
421 665 663 771 συγχώρησον
689 675 734 764 τῇ
761 664 876 763 δούλῃ
903 692 971 742 σου
999 664 1109 763 (τῇδε)
1136 665 1199 740 καὶ
1224 663 1337 740 παντὶ
1361 672 1417 762 τᾳλ
1444 661 1597 764 οίκιρ,ᾳλ

332 771 517 874 ἐγεννήθη
548 769 592 845 νδ
625 767 796 857 παιδίον,
829 767 892 843 καὶ
925 773 1002 852 τοῖς
1032 766 1238 864 ἁψαμένοις
1272 763 1399 862 αὐτῆς,
1431 765 1494 842 καὶ
1526 775 1598 854 τοῖς

330 871 470 948 ε’νθοίδε
505 869 777 968 εὑρισκομένοις
810 877 937 959 πᾶσιν,
973 868 1023 954 ὥς
1057 867 1204 969 ἀγαθὸς
1236 871 1299 942 καὶ
1332 863 1596 964 φιλάνθρωπος

332 975 420 1059 Θεὸς
447 971 701 1075 συγχώρησον.
725 971 811 1048 Ὅτι
835 967 950 1067 μόνος
975 971 1065 1065 ἔχεις
1091 969 1275 1058 ἐξουσίαν,
1302 969 1454 1066 ἇιγιίναι
1480 969 1595 1066 ἁμαρ

327 1075 431 1166 τίας,
480 1073 690 1174 πρεσβείαις
729 1081 793 1169 τῆς
832 1071 941 1174 ἁγίας
981 1069 1183 1160 θεοτόκου,
1225 1071 1289 1144 καὶ
1327 1066 1482 1145 πάντων
1523 1080 1596 1146 τῶν

329 1175 451 1279 ἁγίων
478 1203 559 1252 σου.
630 1260 635 1273 Ι

327 1465 367 1538 Β.
416 1462 539 1558 Εῦχὴ
572 1465 636 1544 ελς
669 1457 719 1534 τὸ
752 1463 1137 1559 κατασφραγῖσαι
1170 1455 1383 1546 παιδίον,
1418 1455 1590 1555 λαμβά-

405 1607 487 1654 νον
513 1579 711 1678 όνομαβ)
738 1585 789 1674 τῇ
817 1571 960 1677 ὀγδόη
986 1575 1133 1674 ἡμέρᾳ
1159 1581 1234 1672 τῆς
1258 1571 1523 1675 γεννήσεως

862 1723 1021 1769 αυτου

410 1875 529 1947 ’λυτέον
558 1879 605 1958 δέ,
634 1875 688 1946 ὅτι
714 1881 754 1969 τῇ
782 1873 883 1969 ὀγδόῃ
911 1875 1018 1968 ἡμέρᾳ
1044 1873 1129 1962 μετὰ
1150 1874 1208 1964 τὴν
1229 1873 1377 1963 γέννησιν
1397 1873 1590 1964 προςάγετοι

326 1979 363 2048 έν
384 1987 431 2068 τῷ
452 1987 521 2068 ναρλ
542 1980 581 2047 τὸ
602 1980 730 2070 βρέφος
750 1977 845 2066 παρὰ
866 1985 925 2068 τῆς
945 1975 1057 2064 μαίας,
1079 1977 1135 2044 καὶ
1155 1977 1290 2044 ἵσταται
1310 1975 1379 2065 πρὸ
1400 1983 1466 2047 τῶν
1487 1979 1593 2046 πυλῦι

325 2089 386 2148 τοῦ
408 2087 500 2149 ναοῦ.
540 2077 579 2148 Ὁ
602 2079 640 2148 δέ
662 2077 767 2168 ἱερεὺς
788 2085 884 2149 ποιεῖ
904 2061 1126 2166 Εὗδθγηῖόν·
1158 2061 1366 2165 Τρλςᾶγίθνι
1394 2064 1437 2138 τὸ
1466 2071 1591 2140 Παλα-

325 2167 391 2268 γία
416 2168 533 2265 τριὰς,
559 2180 619 2248 σὺν
640 2187 687 2271 τῷ
717 2165 846 2266 Ποίτερ
871 2165 990 2263 ἡμῶν.
1033 2165 1117 2242 Ὅτι
1143 2173 1211 2238 σοῦ
1238 2168 1338 2240 ἐστιν
1363 2163 1387 2262 ἡ
1413 2166 1588 2262 βασιλεία.

325 2277 411 2351 Εἶτα
431 2283 470 2352 τὸ
503 2280 720 2352 ἀπολυτίκιον
746 2287 806 2370 τῆς
832 2278 967 2370 ἡμέρας,
996 2277 1018 2370 ἢ
1044 2285 1104 2350 τοῦ
1133 2277 1226 2368 ἆγίου
1254 2287 1313 2368 τῆς
1338 2289 1453 2371 μονῆς.
1493 2279 1532 2350 ‘0
1559 2281 1592 2350 δέ

326 2381 433 2473 ίερεδς
459 2381 636 2475 σφραγίζει
659 2379 761 2452 αὐτοῦ
782 2382 821 2452 τὸ
841 2383 1009 2470 μέτωπον,
1038 2381 1076 2449 ιδ
1098 2380 1206 2468 στόμα
1237 2382 1293 2449 καὶ
1315 2383 1353 2450 τὸ
1376 2389 1515 2474 στῆθος,
1542 2382 1590 2451 καὶ

324 2487 416 2574 λέγει
435 2485 495 2575 τὴν
517 2482 623 2574 εὐχήν.

726 2643 802 2712 Τοῦ
827 2636 970 2735 Κυρίου
997 2635 1206 2733 δεηθῶμεν.

408 2769 535 2868 Κύριε,
570 2769 590 2846 ὃ
620 2771 707 2856 Θεὸς
731 2770 852 2868 ἡμῶν,
890 2778 959 2847 σοῦ
993 2768 1171 2866 δεόμεθα,
1205 2772 1268 2848 καὶ
1295 2771 1334 2848 σέ
1360 2781 1588 2873 παρακαλοῦ-

324 2903 407 2971 μεν,
435 2870 680 2970 σημειωθήτω
705 2873 856 2972 τδφιῦς
881 2882 949 2948 τοῦ
974 2871 1170 2968 πρυςιόπου
1197 2862 1265 2948 δου
1291 2875 1349 2948 ἐπὶ
1374 2873 1444 2949 τὸν
1461 2871 1587 2951 δοῦλόν
1668 2895 1669 2906 ’

325 2999 394 3050 σου
421 2975 568 3073 (τόνδε),
595 2976 657 3049 καὶ
684 2971 929 3072 σημειωθήτω
956 2973 976 3049 ὁ
1004 2975 1163 3071 σταυρὸς
1187 2983 1254 3052 τοῦ
1279 2985 1509 3078 μονογενοῦς
1528 3003 1587 3050 σου

324 3078 410 3152 υἱοῦ
436 3081 477 3152 ἐν
502 3086 547 3173 τῇ
574 3075 724 3174 καρδίᾳ,
753 3075 816 3151 καὶ
841 3081 918 3160 τοῖς
943 3075 1195 3178 διαλογισμοῖς
1221 3078 1351 3167 αὐτοῦ,
1379 3084 1430 3163 ελς
1456 3079 1498 3154 τὸ
1524 3107 1586 3176 φυ-

323 3185 405 3280 γεῖν
437 3177 506 3274 τὴν
537 3176 768 3275 ματαιότητα
801 3185 870 3252 τοῦ
902 3175 1058 3273 κόσμου,
1094 3177 1158 3251 καὶ
1183 3186 1309 3253 πᾶσαν
1334 3178 1403 3276 τὴν
1428 3179 1586 3278 πονηρὰν

323 3279 524 3376 ἐπιβουλὴν
549 3288 618 3354 τοῦ
643 3282 798 3378 ἐχθροῦ,
825 3280 1050 3354 ἀκολουθεῖν
1075 3276 1116 3354 δὲ
1142 3285 1218 3363 τοῖς
1240 3278 1498 3382 προςτοίγμαοί
1515 3307 1584 3356 σου.

322 3382 397 3456 Καὶ
422 3381 501 3468 δὸς,
528 3379 653 3476 Κύριε,
681 3379 932 3478 ἀνεξόρνητον
957 3387 1081 3469 μεῖναι
1106 3379 1149 3454 τὸ
1176 3379 1295 3477 όνομό
1323 3407 1391 3456 σου
1416 3383 1460 3457 τὸ
1488 3381 1586 3486 ἅγιον

321 3483 379 3558 ἐπ”
410 3482 539 3570 αὐτὸν,
567 3481 850 3576 συναπτόμενον
875 3485 916 3557 έν
940 3489 1058 3578 καιρῷ
1085 3481 1228 3578 εὐθέτῳ
1254 3490 1298 3578 τῇ
1326 3482 1415 3585 ἁγίᾳ
1443 3509 1512 3561 σου
1536 3486 1583 3558 ἐκ·

321 3583 465 3680 κλησίᾳ,
498 3581 562 3657 καὶ
594 3581 847 3679 τελειοόμευον
879 3581 943 3660 διὰ
975 3591 1053 3657 τῶν
1086 3591 1253 3680 φρικτιῦν
1286 3587 1503 3682 μυστηρίων
1527 3591 1585 3660 τοῦ

321 3689 491 3778 Χριστοῦ
527 3709 605 3760 σου.
650 3683 730 3760 Ἵνα
764 3683 860 3760 κατὰ
896 3683 963 3768 τὰς
995 3683 1146 3768 ἐντολάς
1178 3709 1247 3760 σου
1272 3684 1583 3783 πολιτευσάμενος,

320 3785 385 3861 καὶ
419 3781 586 3885 φυλάξας
619 3787 687 3884 τὴν
714 3787 908 3888 σφραγῖδα
933 3787 1168 3884 ἄθραυστον,
1201 3783 1294 3884 τύχᾳ
1325 3795 1387 3883 τῆς
1411 3783 1581 3886 μακαριό-

408 4044 432 4102 λ)
454 4041 589 4105 kinsius
608 4057 632 4106 ρ.
644 4041 709 4092 1¹15:
728 4043 771 4092 Δω
790 4043 874 4093 achion
893 4042 956 4107 Τιςε
975 4043 1047 4094 sollte
1066 4043 1109 4093 διε
1127 4042 1187 4092 nim!
1206 4041 1369 4094 οτιλειιιλλιλετ
1387 4043 1467 4094 λλιλιε
1485 4045 1508 4094 λιι
1524 4043 1583 4092 diest

320 4125 407 4175 Riruhe
431 4127 546 4189 gebracht
564 4126 668 4186 τειδεο,
694 4139 735 4176 σοι
754 4126 861 4178 διειλλτιι
877 4129 960 4179 τελοοο
979 4128 1070 4178 Νεπιιι
1088 4141 1116 4178 το
1135 4128 1285 4190 εωρλιορευ.
1321 4127 1353 4176 Es
1371 4128 1402 4177 λιι
1421 4128 1494 4178 Ιελιλιι
1510 4127 1580 4176 εἰσιν·

320 4206 406 4267 οελιιε,
431 4208 488 4258 dm
511 4210 577 4260 δλιιο
595 4209 739 4260 (ἓιτεωοολι
761 4225 803 4262 τοι
820 4211 991 4274 Νιτλιιλιωοορ
1015 4213 1057 4262 der
1075 4211 1257 4273 Buschneidung
1272 4211 1330 4262 λεια
1349 4213 1397 4262 und
1416 4213 1460 4262 ιλιι
1477 4211 1580 4276 Eupha-

321 4305 385 4356 ρους
408 4294 489 4344 ιελιιιι
506 4293 611 4344 uomens
635 4307 674 4344 nm
698 4295 783 4346 ιιλλοιι
802 4295 866 4358 Tage
884 4295 1032 4360 νορεοεδυιι
1048 4295 1138 4346 warde.
1175 4295 1221 4346 λλον
1238 4295 1328 4347 Numen
1347 4295 1391 4348 δον
1410 4297 1523 4360 λΙελλλριο,
1544 4293 1583 4342 δα

321 4389 352 4424 ιιι
377 4375 468 4427 diesem
486 4377 550 4441 Tage
574 4379 606 4428 λοι
625 4377 744 4429 λλιλεοιλετ
768 4380 854 4440 nonen,
879 4380 950 4430 ιολΙιε
969 4381 1028 4430 meh
1048 4381 1093 4429 den
1114 4379 1202 4442 [λιραλιτ
1221 4381 1264 4430 ιλιι
1282 4380 1367 4432 mircho
1385 4381 1439 4433 dom
1459 4381 1529 4432 Ιλλυδε
1544 4393 1578 4440 ςι-

319 4459 397 4523 geben
415 4461 521 4524 τετιλεο,
545 4462 594 4513 und
611 4477 640 4512 ιο
658 4462 717 4512 wird
736 4477 762 4511 τε
781 4464 841 4512 auch
860 4463 1034 4515 ωελιιιιιιλιιλλι
1053 4463 1209 4526 λεολιιελιιει,
1232 4465 1341 4527 ουςλελτλι
1360 4465 1404 4517 (λετ
1421 4467 1522 4517 Ριίειιετ
1536 4462 1581 4511 bis·

318 4542 414 4602 κελλιο,
432 4545 476 4595 nur
489 4543 621 4608 λεεΙειιςειι
639 4544 720 4608 deret,
738 4544 777 4595 δλο
796 4547 872 4610 ελσλρε
883 4547 1104 4600 millen-Numen
1123 4561 1182 4614 ριιο
1200 4550 1351 4601 λιλλιελιλιεο
1370 4549 1468 4612 τολλιιι,
1484 4545 1580 4600 dense!-

318 4613 369 4668 Μ
386 4624 456 4676 einen
475 4627 566 4679 ιιιδιιυ
584 4628 656 4692 gicht.
