<?xml version="1.0" encoding="UTF-8"?>
<!DOCTYPE html PUBLIC "-//W3C//DTD XHTML 1.0 Transitional//EN"
    "http://www.w3.org/TR/xhtml1/DTD/xhtml1-transitional.dtd">
<html xmlns="http://www.w3.org/1999/xhtml" xml:lang="en" lang="en">
 <head>
  <title>
</title>
<meta http-equiv="Content-Type" content="text/html;charset=utf-8" />
  <meta name='ocr-system' content='tesseract 3.04.00' />
  <meta name='ocr-capabilities' content='ocr_page ocr_carea ocr_par ocr_line ocrx_word'/>
</head>
<body>
  <div class='ocr_page' id='page_1' title='image "./codexliturgicus04danigoog/codexliturgicus04danigoog_0651.png"; bbox 0 0 3388 5304; ppageno 0'>
   <div class='ocr_carea' id='block_1_1' title="bbox 915 399 990 477">
    <p class='ocr_par' dir='ltr' id='par_1_1' title="bbox 915 399 990 477">
     <span class='ocr_line' id='line_1_1' title="bbox 915 399 990 477; baseline 0.013 -2"><span class='ocrx_word' id='word_1_1' title='bbox 915 399 990 477; x_wconf 71' lang='lat'><strong><em>626</em></strong></span> 
     </span>
    </p>
   </div>
   <div class='ocr_carea' id='block_1_2' title="bbox 227 578 1591 3354">
    <p class='ocr_par' dir='ltr' id='par_1_2' title="bbox 310 578 1591 2711">
     <span class='ocr_line' id='line_1_2' title="bbox 310 578 1589 680; baseline 0.002 -23"><span class='ocrx_word' id='word_1_2' title='bbox 310 581 415 680; x_wconf 87' lang='grc' dir='ltr'><strong><em>χμὴν</em></strong></span> <span class='ocrx_word' id='word_1_3' title='bbox 440 585 617 678; x_wconf 76' lang='grc' dir='ltr'><strong><em>ἐπιμελῶς</em></strong></span> <span class='ocrx_word' id='word_1_4' title='bbox 643 578 801 680; x_wconf 80' lang='grc' dir='ltr'><em>ζητήσας</em></span> <span class='ocrx_word' id='word_1_5' title='bbox 825 581 889 658; x_wconf 84' lang='grc' dir='ltr'><strong><em>καὶ</em></strong></span> <span class='ocrx_word' id='word_1_6' title='bbox 914 581 1046 678; x_wconf 85' lang='grc' dir='ltr'><strong><em>εὑριόν.</em></strong></span> <span class='ocrx_word' id='word_1_7' title='bbox 1093 581 1157 660; x_wconf 86' lang='grc' dir='ltr'><strong><em>Σὺ</em></strong></span> <span class='ocrx_word' id='word_1_8' title='bbox 1181 581 1215 660; x_wconf 81' lang='grc' dir='ltr'><strong><em>εί</em></strong></span> <span class='ocrx_word' id='word_1_9' title='bbox 1240 581 1261 658; x_wconf 85' lang='grc' dir='ltr'><strong><em>ό</em></strong></span> <span class='ocrx_word' id='word_1_10' title='bbox 1287 579 1420 660; x_wconf 86' lang='grc' dir='ltr'><strong><em>εέπιόν·</em></strong></span> <span class='ocrx_word' id='word_1_11' title='bbox 1449 582 1509 660; x_wconf 84' lang='grc' dir='ltr'><strong><em>ότι</em></strong></span> <span class='ocrx_word' id='word_1_12' title='bbox 1524 583 1589 660; x_wconf 86' lang='grc' dir='ltr'><strong><em>τὸν</em></strong></span> 
     </span>
     <span class='ocr_line' id='line_1_3' title="bbox 314 682 1590 784; baseline -0.003 -19"><span class='ocrx_word' id='word_1_13' title='bbox 314 682 518 784; x_wconf 74' lang='grc' dir='ltr'><strong><em>ἐρχόμενον</em></strong></span> <span class='ocrx_word' id='word_1_14' title='bbox 542 687 634 782; x_wconf 87' lang='grc' dir='ltr'><strong><em>πρὸς</em></strong></span> <span class='ocrx_word' id='word_1_15' title='bbox 658 683 703 780; x_wconf 82' lang='grc' dir='ltr'><strong><em>μί</em></strong></span> <span class='ocrx_word' id='word_1_16' title='bbox 731 683 776 760; x_wconf 87' lang='grc' dir='ltr'><strong><em>οὑ</em></strong></span> <span class='ocrx_word' id='word_1_17' title='bbox 802 683 854 781; x_wconf 90' lang='grc' dir='ltr'><strong><em>μὴ</em></strong></span> <span class='ocrx_word' id='word_1_18' title='bbox 881 683 1049 783; x_wconf 76' lang='grc' dir='ltr'><em>ἐκβάλλω</em></span> <span class='ocrx_word' id='word_1_19' title='bbox 1077 685 1157 771; x_wconf 79' lang='grc' dir='ltr'><strong><em>ἐξω.</em></strong></span> <span class='ocrx_word' id='word_1_20' title='bbox 1211 685 1276 760; x_wconf 85' lang='grc' dir='ltr'><strong><em>Σὺ</em></strong></span> <span class='ocrx_word' id='word_1_21' title='bbox 1300 683 1332 760; x_wconf 84' lang='grc' dir='ltr'><strong><em>εέ</em></strong></span> <span class='ocrx_word' id='word_1_22' title='bbox 1358 683 1378 760; x_wconf 84' lang='grc' dir='ltr'><strong><em>ὅ</em></strong></span> <span class='ocrx_word' id='word_1_23' title='bbox 1404 685 1475 781; x_wconf 83' lang='grc' dir='ltr'><strong><em>τῆν</em></strong></span> <span class='ocrx_word' id='word_1_24' title='bbox 1501 683 1590 783; x_wconf 91' lang='grc' dir='ltr'><strong><em>πόρ-</em></strong></span> 
     </span>
     <span class='ocr_line' id='line_1_4' title="bbox 315 783 1589 886; baseline 0.002 -26"><span class='ocrx_word' id='word_1_25' title='bbox 315 815 387 886; x_wconf 91' lang='grc' dir='ltr'><strong><em>νην</em></strong></span> <span class='ocrx_word' id='word_1_26' title='bbox 410 787 498 870; x_wconf 89' lang='grc' dir='ltr'><strong><em>τοὺς</em></strong></span> <span class='ocrx_word' id='word_1_27' title='bbox 522 785 668 882; x_wconf 81' lang='grc' dir='ltr'><strong><em>τιμίους</em></strong></span> <span class='ocrx_word' id='word_1_28' title='bbox 693 809 763 862; x_wconf 91' lang='grc' dir='ltr'><strong><em>σου</em></strong></span> <span class='ocrx_word' id='word_1_29' title='bbox 788 784 908 870; x_wconf 80' lang='grc' dir='ltr'><strong><em>πόδας</em></strong></span> <span class='ocrx_word' id='word_1_30' title='bbox 932 783 1094 883; x_wconf 84' lang='grc' dir='ltr'><strong><em>δάκρυσι</em></strong></span> <span class='ocrx_word' id='word_1_31' title='bbox 1117 785 1306 884; x_wconf 81' lang='grc' dir='ltr'><strong><em>βρέξασαν</em></strong></span> <span class='ocrx_word' id='word_1_32' title='bbox 1332 787 1385 884; x_wconf 87' lang='grc' dir='ltr'><strong><em>μὴ</em></strong></span> <span class='ocrx_word' id='word_1_33' title='bbox 1407 785 1589 882; x_wconf 81' lang='grc' dir='ltr'><strong><em>βδελυξά·</em></strong></span> 
     </span>
     <span class='ocr_line' id='line_1_5' title="bbox 314 885 1588 990; baseline 0.001 -27"><span class='ocrx_word' id='word_1_34' title='bbox 314 916 437 985; x_wconf 85' lang='grc' dir='ltr'><strong><em>μενος.</em></strong></span> <span class='ocrx_word' id='word_1_35' title='bbox 465 889 528 964; x_wconf 88' lang='grc' dir='ltr'><strong><em>Σὺ</em></strong></span> <span class='ocrx_word' id='word_1_36' title='bbox 548 887 580 962; x_wconf 82' lang='grc' dir='ltr'><strong><em>εί</em></strong></span> <span class='ocrx_word' id='word_1_37' title='bbox 599 888 619 962; x_wconf 90' lang='grc' dir='ltr'><strong><em>ό</em></strong></span> <span class='ocrx_word' id='word_1_38' title='bbox 639 885 771 963; x_wconf 83' lang='grc' dir='ltr'><strong><em>εέπιόν·</em></strong></span> <span class='ocrx_word' id='word_1_39' title='bbox 799 885 926 972; x_wconf 81' lang='grc' dir='ltr'><strong><em>ὁσάκις</em></strong></span> <span class='ocrx_word' id='word_1_40' title='bbox 943 887 993 963; x_wconf 81' lang='grc' dir='ltr'><strong><em>άν</em></strong></span> <span class='ocrx_word' id='word_1_41' title='bbox 1008 888 1131 984; x_wconf 81' lang='grc' dir='ltr'><strong><em>πέσῃς,</em></strong></span> <span class='ocrx_word' id='word_1_42' title='bbox 1148 889 1286 990; x_wconf 82' lang='grc' dir='ltr'><strong><em>έγειραι</em></strong></span> <span class='ocrx_word' id='word_1_43' title='bbox 1303 887 1368 964; x_wconf 79' lang='grc' dir='ltr'><strong><em>καὶ</em></strong></span> <span class='ocrx_word' id='word_1_44' title='bbox 1385 885 1588 987; x_wconf 54' lang='grc' dir='ltr'><strong><em>σωθήσηάή</em></strong></span> 
     </span>
     <span class='ocr_line' id='line_1_6' title="bbox 316 985 1589 1092; baseline -0.002 -26"><span class='ocrx_word' id='word_1_45' title='bbox 316 989 379 1066; x_wconf 88' lang='grc' dir='ltr'><strong><em>Σὺ</em></strong></span> <span class='ocrx_word' id='word_1_46' title='bbox 405 988 437 1064; x_wconf 88' lang='grc' dir='ltr'><strong><em>εέ</em></strong></span> <span class='ocrx_word' id='word_1_47' title='bbox 462 988 483 1064; x_wconf 88' lang='grc' dir='ltr'>ὁ</span> <span class='ocrx_word' id='word_1_48' title='bbox 509 985 641 1065; x_wconf 84' lang='grc' dir='ltr'><strong><em>ελπιόν·</em></strong></span> <span class='ocrx_word' id='word_1_49' title='bbox 676 989 733 1066; x_wconf 88' lang='grc' dir='ltr'><strong><em>ότι</em></strong></span> <span class='ocrx_word' id='word_1_50' title='bbox 763 988 863 1086; x_wconf 80' lang='grc' dir='ltr'><strong><em>χαρὰ</em></strong></span> <span class='ocrx_word' id='word_1_51' title='bbox 888 990 1030 1092; x_wconf 85' lang='grc' dir='ltr'><strong><em>γίνεται</em></strong></span> <span class='ocrx_word' id='word_1_52' title='bbox 1055 993 1097 1066; x_wconf 88' lang='grc' dir='ltr'><strong><em>ἐν</em></strong></span> <span class='ocrx_word' id='word_1_53' title='bbox 1121 990 1274 1088; x_wconf 78' lang='grc' dir='ltr'><strong><em>οὐρανῷ</em></strong></span> <span class='ocrx_word' id='word_1_54' title='bbox 1299 990 1360 1065; x_wconf 82' lang='grc' dir='ltr'><strong><em>ἐπὶ</em></strong></span> <span class='ocrx_word' id='word_1_55' title='bbox 1384 989 1443 1064; x_wconf 80' lang='grc' dir='ltr'><strong><em>ἑνὶ</em></strong></span> <span class='ocrx_word' id='word_1_56' title='bbox 1467 988 1589 1089; x_wconf 71' lang='grc' dir='ltr'><strong><em>ἆμαρ</em></strong></span> 
     </span>
     <span class='ocr_line' id='line_1_7' title="bbox 314 1089 1591 1193; baseline 0 -25"><span class='ocrx_word' id='word_1_57' title='bbox 314 1098 423 1189; x_wconf 80' lang='grc' dir='ltr'><strong><em>τωλῷ</em></strong></span> <span class='ocrx_word' id='word_1_58' title='bbox 456 1099 711 1187; x_wconf 75' lang='grc' dir='ltr'><strong><em>μετανοοῦντι.</em></strong></span> <span class='ocrx_word' id='word_1_59' title='bbox 762 1090 886 1174; x_wconf 81' lang='grc' dir='ltr'><strong><em>Αὐτὸς</em></strong></span> <span class='ocrx_word' id='word_1_60' title='bbox 924 1089 1025 1166; x_wconf 75' lang='grc' dir='ltr'><strong><em>ἔπιδε</em></strong></span> <span class='ocrx_word' id='word_1_61' title='bbox 1032 1147 1045 1182; x_wconf 91' lang='grc'><strong><em>,</em></strong></span> <span class='ocrx_word' id='word_1_62' title='bbox 1079 1093 1308 1193; x_wconf 84' lang='grc' dir='ltr'><strong><em>εὑσπλαγχνε</em></strong></span> <span class='ocrx_word' id='word_1_63' title='bbox 1342 1089 1521 1180; x_wconf 82' lang='grc' dir='ltr'><strong><em>δέσποτα,</em></strong></span> <span class='ocrx_word' id='word_1_64' title='bbox 1555 1095 1591 1177; x_wconf 86' lang='grc' dir='ltr'><strong><em>ἐξ</em></strong></span> 
     </span>
     <span class='ocr_line' id='line_1_8' title="bbox 314 1189 1590 1295; baseline 0.001 -26"><span class='ocrx_word' id='word_1_65' title='bbox 314 1191 437 1292; x_wconf 82' lang='grc' dir='ltr'><strong><em>ὑψους</em></strong></span> <span class='ocrx_word' id='word_1_66' title='bbox 469 1193 580 1295; x_wconf 81' lang='grc' dir='ltr'><strong><em>ἁγίου</em></strong></span> <span class='ocrx_word' id='word_1_67' title='bbox 613 1216 696 1282; x_wconf 91' lang='grc' dir='ltr'><strong><em>σου,</em></strong></span> <span class='ocrx_word' id='word_1_68' title='bbox 731 1189 1018 1278; x_wconf 86' lang='grc' dir='ltr'><strong><em>συνεπισκιάσας</em></strong></span> <span class='ocrx_word' id='word_1_69' title='bbox 1048 1191 1140 1289; x_wconf 83' lang='grc' dir='ltr'><strong><em>ἡμῖν</em></strong></span> <span class='ocrx_word' id='word_1_70' title='bbox 1164 1200 1241 1278; x_wconf 85' lang='grc' dir='ltr'><strong><em>τοῖς</em></strong></span> <span class='ocrx_word' id='word_1_71' title='bbox 1267 1193 1506 1292; x_wconf 79' lang='grc' dir='ltr'><strong><em>ἁμαρτωλοῖς</em></strong></span> <span class='ocrx_word' id='word_1_72' title='bbox 1529 1194 1590 1270; x_wconf 80' lang='grc' dir='ltr'><strong><em>καὶ</em></strong></span> 
     </span>
     <span class='ocr_line' id='line_1_9' title="bbox 314 1291 1588 1396; baseline 0.002 -27"><span class='ocrx_word' id='word_1_73' title='bbox 314 1295 480 1381; x_wconf 82' lang='grc' dir='ltr'><strong><em>ἀναξίοις</em></strong></span> <span class='ocrx_word' id='word_1_74' title='bbox 511 1291 659 1380; x_wconf 90' lang='grc' dir='ltr'><strong><em>δοόλοις</em></strong></span> <span class='ocrx_word' id='word_1_75' title='bbox 691 1317 760 1369; x_wconf 92' lang='grc' dir='ltr'><strong><em>σου</em></strong></span> <span class='ocrx_word' id='word_1_76' title='bbox 793 1297 835 1380; x_wconf 88' lang='grc' dir='ltr'><strong><em>ἐν</em></strong></span> <span class='ocrx_word' id='word_1_77' title='bbox 857 1292 982 1394; x_wconf 90' lang='grc' dir='ltr'><strong><em>χάριτι</em></strong></span> <span class='ocrx_word' id='word_1_78' title='bbox 1007 1303 1076 1371; x_wconf 86' lang='grc' dir='ltr'><strong><em>τοῦ</em></strong></span> <span class='ocrx_word' id='word_1_79' title='bbox 1102 1293 1213 1396; x_wconf 79' lang='grc' dir='ltr'><strong><em>ἁγίου</em></strong></span> <span class='ocrx_word' id='word_1_80' title='bbox 1239 1292 1451 1390; x_wconf 84' lang='grc' dir='ltr'><strong><em>πνεύματος</em></strong></span> <span class='ocrx_word' id='word_1_81' title='bbox 1476 1299 1521 1371; x_wconf 86' lang='grc' dir='ltr'><strong><em>ἐν</em></strong></span> <span class='ocrx_word' id='word_1_82' title='bbox 1545 1304 1588 1391; x_wconf 83' lang='grc' dir='ltr'><strong><em>τῇ</em></strong></span> 
     </span>
     <span class='ocr_line' id='line_1_10' title="bbox 316 1391 1589 1495; baseline -0.001 -23"><span class='ocrx_word' id='word_1_83' title='bbox 316 1395 397 1495; x_wconf 80' lang='grc' dir='ltr'><strong><em>ὥρᾳ</em></strong></span> <span class='ocrx_word' id='word_1_84' title='bbox 430 1393 561 1493; x_wconf 87' lang='grc' dir='ltr'><strong><em>ταὺτη,</em></strong></span> <span class='ocrx_word' id='word_1_85' title='bbox 594 1395 659 1470; x_wconf 82' lang='grc' dir='ltr'><strong><em>καὶ</em></strong></span> <span class='ocrx_word' id='word_1_86' title='bbox 689 1391 981 1492; x_wconf 72' lang='grc' dir='ltr'><strong><em>κατασκήνωσον</em></strong></span> <span class='ocrx_word' id='word_1_87' title='bbox 1013 1394 1073 1470; x_wconf 79' lang='grc' dir='ltr'><strong><em>ἐπὶ</em></strong></span> <span class='ocrx_word' id='word_1_88' title='bbox 1096 1397 1165 1471; x_wconf 86' lang='grc' dir='ltr'><strong><em>τὸν</em></strong></span> <span class='ocrx_word' id='word_1_89' title='bbox 1189 1393 1329 1472; x_wconf 84' lang='grc' dir='ltr'><strong><em>δοῦλόν</em></strong></span> <span class='ocrx_word' id='word_1_90' title='bbox 1355 1419 1439 1486; x_wconf 87' lang='grc' dir='ltr'><strong><em>σου,</em></strong></span> <span class='ocrx_word' id='word_1_91' title='bbox 1465 1393 1589 1486; x_wconf 86' lang='grc' dir='ltr'><strong><em>τόνδε,</em></strong></span> 
     </span>
     <span class='ocr_line' id='line_1_11' title="bbox 313 1493 1588 1600; baseline 0 -28"><span class='ocrx_word' id='word_1_92' title='bbox 313 1497 384 1574; x_wconf 88' lang='grc' dir='ltr'><strong><em>τὸν</em></strong></span> <span class='ocrx_word' id='word_1_93' title='bbox 416 1493 649 1600; x_wconf 82' lang='grc' dir='ltr'><strong><em>ἐπεγνωκότα</em></strong></span> <span class='ocrx_word' id='word_1_94' title='bbox 681 1497 728 1571; x_wconf 80' lang='grc' dir='ltr'><strong><em>τὰ</em></strong></span> <span class='ocrx_word' id='word_1_95' title='bbox 761 1495 840 1572; x_wconf 81' lang='grc' dir='ltr'><strong><em>ἰ’δια</em></strong></span> <span class='ocrx_word' id='word_1_96' title='bbox 875 1493 1182 1594; x_wconf 78' lang='grc' dir='ltr'><strong><em>πλημμελήματα,</em></strong></span> <span class='ocrx_word' id='word_1_97' title='bbox 1215 1499 1280 1572; x_wconf 76' lang='grc' dir='ltr'><strong><em>καὶ</em></strong></span> <span class='ocrx_word' id='word_1_98' title='bbox 1304 1495 1507 1595; x_wconf 88' lang='grc' dir='ltr'><strong><em>προςιόντα</em></strong></span> <span class='ocrx_word' id='word_1_99' title='bbox 1534 1523 1588 1574; x_wconf 91' lang='grc' dir='ltr'><strong><em>σοι</em></strong></span> 
     </span>
     <span class='ocr_line' id='line_1_12' title="bbox 315 1595 1589 1698; baseline -0.002 -24"><span class='ocrx_word' id='word_1_100' title='bbox 315 1597 447 1688; x_wconf 80' lang='grc' dir='ltr'><strong><em>πίστει,</em></strong></span> <span class='ocrx_word' id='word_1_101' title='bbox 480 1598 544 1674; x_wconf 83' lang='grc' dir='ltr'><strong><em>καὶ</em></strong></span> <span class='ocrx_word' id='word_1_102' title='bbox 576 1595 866 1697; x_wconf 86' lang='grc' dir='ltr'><strong><em>προςδεξάμενος</em></strong></span> <span class='ocrx_word' id='word_1_103' title='bbox 898 1607 944 1696; x_wconf 80' lang='grc' dir='ltr'><strong><em>τῆ</em></strong></span> <span class='ocrx_word' id='word_1_104' title='bbox 977 1597 1056 1696; x_wconf 83' lang='grc' dir='ltr'><strong><em>λδίηι</em></strong></span> <span class='ocrx_word' id='word_1_105' title='bbox 1083 1623 1151 1675; x_wconf 91' lang='grc' dir='ltr'><strong><em>σου</em></strong></span> <span class='ocrx_word' id='word_1_106' title='bbox 1179 1597 1464 1698; x_wconf 80' lang='grc' dir='ltr'><strong><em>φιλανθρωπίᾳ,</em></strong></span> <span class='ocrx_word' id='word_1_107' title='bbox 1500 1604 1535 1674; x_wconf 85' lang='grc' dir='ltr'><strong><em>εἴ</em></strong></span> <span class='ocrx_word' id='word_1_108' title='bbox 1555 1629 1589 1674; x_wconf 89' lang='grc' dir='ltr'><strong><em>τι</em></strong></span> 
     </span>
     <span class='ocr_line' id='line_1_13' title="bbox 315 1697 1589 1803; baseline 0.002 -29"><span class='ocrx_word' id='word_1_109' title='bbox 315 1700 588 1798; x_wconf 72' lang='grc' dir='ltr'><strong><em>ἐπλημμέλησεν</em></strong></span> <span class='ocrx_word' id='word_1_110' title='bbox 604 1704 645 1776; x_wconf 85' lang='grc' dir='ltr'><strong><em>ἐν</em></strong></span> <span class='ocrx_word' id='word_1_111' title='bbox 661 1698 773 1802; x_wconf 84' lang='grc' dir='ltr'><strong><em>λόγῳ,</em></strong></span> <span class='ocrx_word' id='word_1_112' title='bbox 798 1699 822 1779; x_wconf 80' lang='grc' dir='ltr'><strong><em>ὑ</em></strong></span> <span class='ocrx_word' id='word_1_113' title='bbox 839 1702 949 1802; x_wconf 79' lang='grc' dir='ltr'><strong><em>ἔργῳ,</em></strong></span> <span class='ocrx_word' id='word_1_114' title='bbox 973 1699 998 1798; x_wconf 83' lang='grc' dir='ltr'><em>ἢ</em></span> <span class='ocrx_word' id='word_1_115' title='bbox 1015 1700 1111 1776; x_wconf 85' lang='grc' dir='ltr'><strong><em>κατὰ</em></strong></span> <span class='ocrx_word' id='word_1_116' title='bbox 1129 1697 1316 1790; x_wconf 89' lang='grc' dir='ltr'><strong><em>διάνοιαν,</em></strong></span> <span class='ocrx_word' id='word_1_117' title='bbox 1343 1699 1589 1803; x_wconf 75' lang='grc' dir='ltr'><strong><em>συγχωρήσας</em></strong></span> 
     </span>
     <span class='ocr_line' id='line_1_14' title="bbox 314 1799 1589 1901; baseline 0.002 -25"><span class='ocrx_word' id='word_1_118' title='bbox 314 1799 519 1900; x_wconf 85' lang='grc' dir='ltr'><strong><em>ἐξάλειιγον,</em></strong></span> <span class='ocrx_word' id='word_1_119' title='bbox 546 1801 610 1876; x_wconf 82' lang='grc' dir='ltr'><strong><em>καί</em></strong></span> <span class='ocrx_word' id='word_1_120' title='bbox 634 1799 811 1901; x_wconf 79' lang='grc' dir='ltr'><strong><em>κάθαρσν</em></strong></span> <span class='ocrx_word' id='word_1_121' title='bbox 836 1803 953 1878; x_wconf 84' lang='grc' dir='ltr'><strong><em>αὐτὸν</em></strong></span> <span class='ocrx_word' id='word_1_122' title='bbox 979 1801 1053 1878; x_wconf 86' lang='grc' dir='ltr'><strong><em>ἀπὸ</em></strong></span> <span class='ocrx_word' id='word_1_123' title='bbox 1079 1799 1199 1900; x_wconf 93' lang='grc' dir='ltr'><strong><em>πάσης</em></strong></span> <span class='ocrx_word' id='word_1_124' title='bbox 1224 1802 1421 1898; x_wconf 84' lang='grc' dir='ltr'><strong><em>ἁμαρτίας,</em></strong></span> <span class='ocrx_word' id='word_1_125' title='bbox 1448 1803 1517 1878; x_wconf 78' lang='grc' dir='ltr'><strong><em>καὶ</em></strong></span> <span class='ocrx_word' id='word_1_126' title='bbox 1535 1803 1589 1878; x_wconf 75' lang='grc' dir='ltr'><strong><em>ἀεὶ</em></strong></span> 
     </span>
     <span class='ocr_line' id='line_1_15' title="bbox 315 1901 1590 2002; baseline 0.002 -24"><span class='ocrx_word' id='word_1_127' title='bbox 315 1903 527 2000; x_wconf 78' lang='grc' dir='ltr'><strong><em>συμπαρών</em></strong></span> <span class='ocrx_word' id='word_1_128' title='bbox 551 1903 656 2002; x_wconf 78' lang='grc' dir='ltr'><strong><em>αὐτῷ</em></strong></span> <span class='ocrx_word' id='word_1_129' title='bbox 682 1901 917 2002; x_wconf 87' lang='grc' dir='ltr'><strong><em>διαφόλαξον</em></strong></span> <span class='ocrx_word' id='word_1_130' title='bbox 940 1904 1009 1980; x_wconf 86' lang='grc' dir='ltr'><strong><em>τὸν</em></strong></span> <span class='ocrx_word' id='word_1_131' title='bbox 1032 1901 1236 1980; x_wconf 85' lang='grc' dir='ltr'><strong><em>ὑπόλοιπον</em></strong></span> <span class='ocrx_word' id='word_1_132' title='bbox 1249 1903 1391 2002; x_wconf 81' lang='grc' dir='ltr'><strong><em>χρόνον.</em></strong></span> <span class='ocrx_word' id='word_1_133' title='bbox 1409 1911 1477 2000; x_wconf 89' lang='grc' dir='ltr'><strong><em>τῆς</em></strong></span> <span class='ocrx_word' id='word_1_134' title='bbox 1497 1903 1590 2002; x_wconf 83' lang='grc' dir='ltr'><strong><em>ζωῆς</em></strong></span> 
     </span>
     <span class='ocr_line' id='line_1_16' title="bbox 314 2002 1590 2105; baseline 0.001 -26"><span class='ocrx_word' id='word_1_135' title='bbox 314 2005 446 2094; x_wconf 84' lang='grc' dir='ltr'><strong><em>αὑτοῦ,</em></strong></span> <span class='ocrx_word' id='word_1_136' title='bbox 473 2003 726 2105; x_wconf 89' lang='grc' dir='ltr'><strong><em>πορευόμενον</em></strong></span> <span class='ocrx_word' id='word_1_137' title='bbox 752 2010 794 2080; x_wconf 90' lang='grc' dir='ltr'><strong><em>ἐν</em></strong></span> <span class='ocrx_word' id='word_1_138' title='bbox 819 2012 896 2090; x_wconf 87' lang='grc' dir='ltr'><strong><em>τοῖς</em></strong></span> <span class='ocrx_word' id='word_1_139' title='bbox 921 2002 1150 2099; x_wconf 85' lang='grc' dir='ltr'><strong><em>δικαιιόμασί</em></strong></span> <span class='ocrx_word' id='word_1_140' title='bbox 1175 2029 1258 2094; x_wconf 90' lang='grc' dir='ltr'><strong><em>σου,</em></strong></span> <span class='ocrx_word' id='word_1_141' title='bbox 1284 2005 1377 2101; x_wconf 88' lang='grc' dir='ltr'><strong><em>πρὸς</em></strong></span> <span class='ocrx_word' id='word_1_142' title='bbox 1400 2005 1446 2081; x_wconf 85' lang='grc' dir='ltr'><strong><em>τὸ</em></strong></span> <span class='ocrx_word' id='word_1_143' title='bbox 1463 2007 1590 2103; x_wconf 83' lang='grc' dir='ltr'><strong><em>μηκέτι</em></strong></span> 
     </span>
     <span class='ocr_line' id='line_1_17' title="bbox 313 2105 1590 2208; baseline 0.003 -28"><span class='ocrx_word' id='word_1_144' title='bbox 313 2105 500 2203; x_wconf 86' lang='grc' dir='ltr'><strong><em>ἐπίχαρμα</em></strong></span> <span class='ocrx_word' id='word_1_145' title='bbox 526 2107 704 2208; x_wconf 79' lang='grc' dir='ltr'><strong><em>γενέσθαι</em></strong></span> <span class='ocrx_word' id='word_1_146' title='bbox 729 2107 848 2184; x_wconf 87' lang='grc' dir='ltr'><strong><em>αὑτὸν</em></strong></span> <span class='ocrx_word' id='word_1_147' title='bbox 872 2115 927 2206; x_wconf 80' lang='grc' dir='ltr'><strong><em>τῷ</em></strong></span> <span class='ocrx_word' id='word_1_148' title='bbox 952 2105 1134 2204; x_wconf 77' lang='grc' dir='ltr'><strong><em>διαβόλῳ,</em></strong></span> <span class='ocrx_word' id='word_1_149' title='bbox 1158 2110 1222 2182; x_wconf 81' lang='grc' dir='ltr'><strong><em>ἵνα</em></strong></span> <span class='ocrx_word' id='word_1_150' title='bbox 1239 2107 1303 2182; x_wconf 79' lang='grc' dir='ltr'><strong><em>καὶ</em></strong></span> <span class='ocrx_word' id='word_1_151' title='bbox 1319 2109 1375 2182; x_wconf 78' lang='grc' dir='ltr'><strong><em>ἐπ’</em></strong></span> <span class='ocrx_word' id='word_1_152' title='bbox 1397 2107 1508 2205; x_wconf 81' lang='grc' dir='ltr'><strong><em>αὑτῷ</em></strong></span> <span class='ocrx_word' id='word_1_153' title='bbox 1527 2106 1590 2184; x_wconf 88' lang='grc' dir='ltr'><strong><em>δο-</em></strong></span> 
     </span>
     <span class='ocr_line' id='line_1_18' title="bbox 316 2205 1588 2310; baseline 0.002 -28"><span class='ocrx_word' id='word_1_154' title='bbox 316 2211 441 2305; x_wconf 64' lang='grc' dir='ltr'><strong><em>ξασθῆ</em></strong></span> <span class='ocrx_word' id='word_1_155' title='bbox 467 2207 510 2284; x_wconf 87' lang='grc' dir='ltr'><strong><em>τὸ</em></strong></span> <span class='ocrx_word' id='word_1_156' title='bbox 536 2205 724 2310; x_wconf 89' lang='grc' dir='ltr'><strong><em>πανάγιον</em></strong></span> <span class='ocrx_word' id='word_1_157' title='bbox 749 2206 870 2306; x_wconf 82' lang='grc' dir='ltr'><strong><em>ὄνομά</em></strong></span> <span class='ocrx_word' id='word_1_158' title='bbox 897 2232 977 2285; x_wconf 89' lang='grc' dir='ltr'><strong><em>σου.</em></strong></span> <span class='ocrx_word' id='word_1_159' title='bbox 1027 2219 1080 2292; x_wconf 81' lang='grc' dir='ltr'><strong><em>Ἕκ</em></strong></span> <span class='ocrx_word' id='word_1_160' title='bbox 1109 2219 1209 2303; x_wconf 80' lang='grc' dir='ltr'><strong><em>άνως.</em></strong></span> <span class='ocrx_word' id='word_1_161' title='bbox 1240 2208 1324 2286; x_wconf 88' lang='grc' dir='ltr'><strong><em>Σὸν</em></strong></span> <span class='ocrx_word' id='word_1_162' title='bbox 1349 2206 1424 2310; x_wconf 91' lang='grc' dir='ltr'><strong><em>γάρ</em></strong></span> <span class='ocrx_word' id='word_1_163' title='bbox 1452 2214 1532 2284; x_wconf 84' lang='grc' dir='ltr'><strong><em>ἐστι</em></strong></span> <span class='ocrx_word' id='word_1_164' title='bbox 1549 2210 1588 2284; x_wconf 85' lang='grc' dir='ltr'><strong><em>τὸ</em></strong></span> 
     </span>
     <span class='ocr_line' id='line_1_19' title="bbox 313 2246 1590 2408; baseline 0.002 -24"><span class='ocrx_word' id='word_1_165' title='bbox 313 2313 427 2385; x_wconf 78' lang='grc' dir='ltr'><strong><em>ἐλεεῖν</em></strong></span> <span class='ocrx_word' id='word_1_166' title='bbox 458 2309 522 2384; x_wconf 77' lang='grc' dir='ltr'><strong><em>καὶ</em></strong></span> <span class='ocrx_word' id='word_1_167' title='bbox 554 2307 687 2400; x_wconf 81' lang='grc' dir='ltr'><strong><em>σώζειν</em></strong></span> <span class='ocrx_word' id='word_1_168' title='bbox 718 2309 829 2407; x_wconf 82' lang='grc' dir='ltr'><strong><em>ἡμᾶς,</em></strong></span> <span class='ocrx_word' id='word_1_169' title='bbox 854 2309 993 2408; x_wconf 84' lang='grc' dir='ltr'><strong><em>Χριστέ</em></strong></span> <span class='ocrx_word' id='word_1_170' title='bbox 1020 2309 1040 2385; x_wconf 86' lang='grc' dir='ltr'><strong><em>ὁ</em></strong></span> <span class='ocrx_word' id='word_1_171' title='bbox 1070 2246 1169 2400; x_wconf 63' lang='lat' dir='ltr'><strong><em>gabe,</em></strong></span> <span class='ocrx_word' id='word_1_172' title='bbox 1202 2310 1266 2386; x_wconf 84' lang='grc' dir='ltr'><strong><em>καὶ</em></strong></span> <span class='ocrx_word' id='word_1_173' title='bbox 1293 2311 1352 2386; x_wconf 79' lang='grc' dir='ltr'><strong><em>σοί</em></strong></span> <span class='ocrx_word' id='word_1_174' title='bbox 1377 2310 1449 2407; x_wconf 83' lang='grc' dir='ltr'><strong><em>τὴν</em></strong></span> <span class='ocrx_word' id='word_1_175' title='bbox 1475 2309 1590 2398; x_wconf 88' lang='grc' dir='ltr'><strong><em>δόξαν</em></strong></span> 
     </span>
     <span class='ocr_line' id='line_1_20' title="bbox 313 2410 1589 2515; baseline 0.001 -30"><span class='ocrx_word' id='word_1_176' title='bbox 313 2411 594 2506; x_wconf 85' lang='grc' dir='ltr'><strong><em>ἀναπέμπομεν,</em></strong></span> <span class='ocrx_word' id='word_1_177' title='bbox 622 2412 694 2488; x_wconf 90' lang='grc' dir='ltr'><strong><em>σὺν</em></strong></span> <span class='ocrx_word' id='word_1_178' title='bbox 717 2421 771 2509; x_wconf 78' lang='grc' dir='ltr'><strong><em>τῷ</em></strong></span> <span class='ocrx_word' id='word_1_179' title='bbox 798 2410 953 2510; x_wconf 83' lang='grc' dir='ltr'><strong><em>ἀνάρχῳ</em></strong></span> <span class='ocrx_word' id='word_1_180' title='bbox 979 2437 1048 2488; x_wconf 90' lang='grc' dir='ltr'><strong><em>σου</em></strong></span> <span class='ocrx_word' id='word_1_181' title='bbox 1074 2411 1200 2511; x_wconf 83' lang='grc' dir='ltr'><strong><em>πατρί,</em></strong></span> <span class='ocrx_word' id='word_1_182' title='bbox 1232 2411 1375 2510; x_wconf 79' lang='grc' dir='ltr'><strong><em>καὶτῷ</em></strong></span> <span class='ocrx_word' id='word_1_183' title='bbox 1402 2413 1589 2515; x_wconf 88' lang='grc' dir='ltr'><strong><em>παναγίῳ,</em></strong></span> 
     </span>
     <span class='ocr_line' id='line_1_21' title="bbox 314 2510 1587 2614; baseline 0.002 -26"><span class='ocrx_word' id='word_1_184' title='bbox 314 2513 380 2588; x_wconf 82' lang='grc' dir='ltr'><strong><em>καὶ</em></strong></span> <span class='ocrx_word' id='word_1_185' title='bbox 413 2513 566 2614; x_wconf 75' lang='grc' dir='ltr'><strong><em>ἀγαθῷ,</em></strong></span> <span class='ocrx_word' id='word_1_186' title='bbox 599 2513 663 2587; x_wconf 84' lang='grc' dir='ltr'><strong><em>καὶ</em></strong></span> <span class='ocrx_word' id='word_1_187' title='bbox 697 2513 866 2612; x_wconf 80' lang='grc' dir='ltr'><strong><em>ζωοποιῷ</em></strong></span> <span class='ocrx_word' id='word_1_188' title='bbox 901 2537 971 2590; x_wconf 91' lang='grc' dir='ltr'><strong><em>σου</em></strong></span> <span class='ocrx_word' id='word_1_189' title='bbox 1003 2510 1200 2610; x_wconf 82' lang='grc' dir='ltr'><strong><em>πνεύματι,</em></strong></span> <span class='ocrx_word' id='word_1_190' title='bbox 1232 2523 1305 2590; x_wconf 88' lang='grc' dir='ltr'><strong><em>νῦν</em></strong></span> <span class='ocrx_word' id='word_1_191' title='bbox 1329 2513 1395 2589; x_wconf 78' lang='grc' dir='ltr'><strong><em>καί</em></strong></span> <span class='ocrx_word' id='word_1_192' title='bbox 1422 2515 1494 2604; x_wconf 82' lang='grc' dir='ltr'><strong><em>ἀεὶ,</em></strong></span> <span class='ocrx_word' id='word_1_193' title='bbox 1528 2515 1587 2590; x_wconf 79' lang='grc' dir='ltr'><strong><em>καλ</em></strong></span> 
     </span>
     <span class='ocr_line' id='line_1_22' title="bbox 313 2613 1110 2711; baseline 0.001 -23"><span class='ocrx_word' id='word_1_194' title='bbox 313 2618 366 2698; x_wconf 77' lang='grc' dir='ltr'><strong><em>είς</em></strong></span> <span class='ocrx_word' id='word_1_195' title='bbox 390 2613 478 2698; x_wconf 89' lang='grc' dir='ltr'><strong><em>τοὺς</em></strong></span> <span class='ocrx_word' id='word_1_196' title='bbox 503 2620 644 2698; x_wconf 83' lang='grc' dir='ltr'><strong><em>αλιῦνας</em></strong></span> <span class='ocrx_word' id='word_1_197' title='bbox 668 2623 747 2690; x_wconf 83' lang='grc' dir='ltr'><strong><em>τῶν</em></strong></span> <span class='ocrx_word' id='word_1_198' title='bbox 772 2613 934 2690; x_wconf 82' lang='grc' dir='ltr'><strong><em>αέιόνων.</em></strong></span> <span class='ocrx_word' id='word_1_199' title='bbox 983 2613 1110 2711; x_wconf 77' lang='grc' dir='ltr'><strong><em>Ἀμήν.</em></strong></span> 
     </span>
    </p>

    <p class='ocr_par' dir='ltr' id='par_1_3' title="bbox 399 2723 1182 2821">
     <span class='ocr_line' id='line_1_23' title="bbox 399 2723 1182 2821; baseline 0.003 -23"><span class='ocrx_word' id='word_1_200' title='bbox 399 2723 485 2798; x_wconf 79' lang='grc' dir='ltr'><strong><em>Εἶτα</em></strong></span> <span class='ocrx_word' id='word_1_201' title='bbox 506 2729 595 2818; x_wconf 82' lang='grc' dir='ltr'><strong><em>λέγει</em></strong></span> <span class='ocrx_word' id='word_1_202' title='bbox 616 2725 635 2799; x_wconf 88' lang='grc' dir='ltr'><strong><em>ό</em></strong></span> <span class='ocrx_word' id='word_1_203' title='bbox 656 2727 768 2816; x_wconf 87' lang='grc' dir='ltr'><strong><em>τρίτος</em></strong></span> <span class='ocrx_word' id='word_1_204' title='bbox 789 2727 905 2816; x_wconf 75' lang='grc' dir='ltr'><strong><em>λερεὺς.</em></strong></span> <span class='ocrx_word' id='word_1_205' title='bbox 947 2730 1182 2821; x_wconf 85' lang='grc' dir='ltr'><strong><em>Προκείμενον.</em></strong></span> 
     </span>
    </p>

    <p class='ocr_par' dir='ltr' id='par_1_4' title="bbox 399 2829 1204 2932">
     <span class='ocr_line' id='line_1_24' title="bbox 399 2829 1204 2932; baseline 0.002 -26"><span class='ocrx_word' id='word_1_206' title='bbox 399 2829 536 2930; x_wconf 83' lang='grc' dir='ltr'><strong><em>Κύριος</em></strong></span> <span class='ocrx_word' id='word_1_207' title='bbox 562 2831 754 2932; x_wconf 87' lang='grc' dir='ltr'><strong><em>φωτισμός</em></strong></span> <span class='ocrx_word' id='word_1_208' title='bbox 778 2864 853 2930; x_wconf 90' lang='grc' dir='ltr'><strong><em>μου</em></strong></span> <span class='ocrx_word' id='word_1_209' title='bbox 879 2833 942 2910; x_wconf 81' lang='grc' dir='ltr'><strong><em>καὶ</em></strong></span> <span class='ocrx_word' id='word_1_210' title='bbox 969 2831 1091 2931; x_wconf 83' lang='grc' dir='ltr'><strong><em>σωτήρ</em></strong></span> <span class='ocrx_word' id='word_1_211' title='bbox 1117 2863 1204 2930; x_wconf 90' lang='grc' dir='ltr'><strong><em>μου.</em></strong></span> 
     </span>
    </p>

    <p class='ocr_par' dir='ltr' id='par_1_5' title="bbox 227 2933 1576 3143">
     <span class='ocr_line' id='line_1_25' title="bbox 399 2933 1331 3034; baseline -0.005 -20"><span class='ocrx_word' id='word_1_212' title='bbox 399 2945 526 3032; x_wconf 82' lang='grc' dir='ltr'><strong><em>Στίχος.</em></strong></span> <span class='ocrx_word' id='word_1_213' title='bbox 574 2933 711 3030; x_wconf 86' lang='grc' dir='ltr'><strong><em>Κύριος</em></strong></span> <span class='ocrx_word' id='word_1_214' title='bbox 735 2935 1008 3034; x_wconf 80' lang='grc' dir='ltr'><strong><em>ὑπερασπιστὴς</em></strong></span> <span class='ocrx_word' id='word_1_215' title='bbox 1034 2945 1097 3032; x_wconf 87' lang='grc' dir='ltr'><strong><em>τῆς</em></strong></span> <span class='ocrx_word' id='word_1_216' title='bbox 1123 2935 1218 3034; x_wconf 84' lang='grc' dir='ltr'><strong><em>ζωῆς</em></strong></span> <span class='ocrx_word' id='word_1_217' title='bbox 1243 2963 1331 3030; x_wconf 87' lang='grc' dir='ltr'><strong><em>μου.</em></strong></span> 
     </span>
     <span class='ocr_line' id='line_1_26' title="bbox 227 3047 1576 3143; baseline -0.001 -24"><span class='ocrx_word' id='word_1_218' title='bbox 227 3111 229 3119; x_wconf 95' lang='grc'><strong><em>.</em></strong></span> <span class='ocrx_word' id='word_1_219' title='bbox 399 3050 494 3139; x_wconf 87' lang='grc' dir='ltr'><strong><em>Πρὸς</em></strong></span> <span class='ocrx_word' id='word_1_220' title='bbox 514 3049 722 3140; x_wconf 72' lang='grc' dir='ltr'><strong><em>Κορινθίους</em></strong></span> <span class='ocrx_word' id='word_1_221' title='bbox 744 3051 926 3143; x_wconf 86' lang='grc' dir='ltr'><strong><em>ἐπιστολῆς</em></strong></span> <span class='ocrx_word' id='word_1_222' title='bbox 937 3049 1076 3121; x_wconf 81' lang='grc' dir='ltr'><strong><em>Παύλου</em></strong></span> <span class='ocrx_word' id='word_1_223' title='bbox 1098 3051 1136 3120; x_wconf 88' lang='grc' dir='ltr'><strong><em>τὸ</em></strong></span> <span class='ocrx_word' id='word_1_224' title='bbox 1159 3047 1359 3140; x_wconf 80' lang='grc' dir='ltr'><strong><em>ἀνάγνωσμα</em></strong></span> <span class='ocrx_word' id='word_1_225' title='bbox 1383 3055 1488 3120; x_wconf 87' lang='lat' dir='ltr'><strong>1Cor.</strong></span> <span class='ocrx_word' id='word_1_226' title='bbox 1504 3075 1530 3118; x_wconf 87' lang='grc' dir='ltr'><strong><em>ε.</em></strong></span> <span class='ocrx_word' id='word_1_227' title='bbox 1544 3059 1576 3119; x_wconf 84' lang='lat'><strong><em>11</em></strong></span> 
     </span>
    </p>

    <p class='ocr_par' dir='ltr' id='par_1_6' title="bbox 315 3157 986 3354">
     <span class='ocr_line' id='line_1_27' title="bbox 315 3157 584 3234; baseline 0.011 -16"><span class='ocrx_word' id='word_1_228' title='bbox 315 3157 357 3220; x_wconf 81' lang='lat'><strong><em>27</em></strong></span> <span class='ocrx_word' id='word_1_229' title='bbox 381 3189 420 3200; x_wconf 96' lang='lat'>—</span> <span class='ocrx_word' id='word_1_230' title='bbox 443 3176 470 3218; x_wconf 86' lang='grc' dir='ltr'><strong><em>ο.</em></strong></span> <span class='ocrx_word' id='word_1_231' title='bbox 488 3159 537 3234; x_wconf 88' lang='grc'><strong><em>13,</em></strong></span> <span class='ocrx_word' id='word_1_232' title='bbox 555 3159 584 3223; x_wconf 85' lang='grc'><strong><em>8.</em></strong></span> 
     </span>
     <span class='ocr_line' id='line_1_28' title="bbox 391 3251 986 3354; baseline 0 -24"><span class='ocrx_word' id='word_1_233' title='bbox 391 3253 617 3354; x_wconf 80' lang='grc' dir='ltr'><strong><em>Ἀλληλοὺϊα.</em></strong></span> <span class='ocrx_word' id='word_1_234' title='bbox 662 3251 775 3354; x_wconf 88' lang='grc' dir='ltr'><strong><em>Ἦχος</em></strong></span> <span class='ocrx_word' id='word_1_235' title='bbox 801 3254 986 3352; x_wconf 85' lang='grc' dir='ltr'><strong><em>δεύτερον.</em></strong></span> 
     </span>
    </p>
   </div>
   <div class='ocr_carea' id='block_1_3' title="bbox 391 3357 403 3386">
    <p class='ocr_par' dir='ltr' id='par_1_7' title="bbox 391 3357 403 3386">
     <span class='ocr_line' id='line_1_29' title="bbox 391 3357 403 3386; baseline 0 0"><span class='ocrx_word' id='word_1_236' title='bbox 391 3357 403 3386; x_wconf 70' lang='lat'><strong><em>³</em></strong></span> 
     </span>
    </p>
   </div>
   <div class='ocr_carea' id='block_1_4' title="bbox 387 3353 1584 4348">
    <p class='ocr_par' dir='ltr' id='par_1_8' title="bbox 399 3353 1582 3562">
     <span class='ocr_line' id='line_1_30' title="bbox 399 3353 1582 3456; baseline -0.001 -26"><span class='ocrx_word' id='word_1_237' title='bbox 399 3357 473 3431; x_wconf 82' lang='grc' dir='ltr'><strong><em>Επὶ</em></strong></span> <span class='ocrx_word' id='word_1_238' title='bbox 494 3356 564 3447; x_wconf 83' lang='grc' dir='ltr'><strong><em>σοὶ,</em></strong></span> <span class='ocrx_word' id='word_1_239' title='bbox 583 3354 709 3456; x_wconf 81' lang='grc' dir='ltr'><strong><em>Κύριε,</em></strong></span> <span class='ocrx_word' id='word_1_240' title='bbox 726 3361 875 3456; x_wconf 84' lang='grc' dir='ltr'><strong><em>ἤλπισα,</em></strong></span> <span class='ocrx_word' id='word_1_241' title='bbox 894 3358 946 3455; x_wconf 82' lang='grc' dir='ltr'><strong><em>μή</em></strong></span> <span class='ocrx_word' id='word_1_242' title='bbox 964 3353 1283 3453; x_wconf 80' lang='grc' dir='ltr'><strong><em>καταισχυνθείην</em></strong></span> <span class='ocrx_word' id='word_1_243' title='bbox 1301 3361 1351 3439; x_wconf 76' lang='grc' dir='ltr'><strong><em>εἰς</em></strong></span> <span class='ocrx_word' id='word_1_244' title='bbox 1368 3355 1438 3432; x_wconf 85' lang='grc' dir='ltr'><strong><em>τὸν</em></strong></span> <span class='ocrx_word' id='word_1_245' title='bbox 1457 3361 1582 3432; x_wconf 72' lang='grc' dir='ltr'><strong><em>αἰῶνα.</em></strong></span> 
     </span>
     <span class='ocr_line' id='line_1_31' title="bbox 400 3468 1282 3562; baseline 0.001 -22"><span class='ocrx_word' id='word_1_246' title='bbox 400 3468 602 3562; x_wconf 81' lang='grc' dir='ltr'><strong><em>Εὑαγγέλιον</em></strong></span> <span class='ocrx_word' id='word_1_247' title='bbox 624 3474 659 3543; x_wconf 86' lang='grc' dir='ltr'><strong><em>ἐκ</em></strong></span> <span class='ocrx_word' id='word_1_248' title='bbox 680 3481 741 3543; x_wconf 86' lang='grc' dir='ltr'><strong><em>τοῦ</em></strong></span> <span class='ocrx_word' id='word_1_249' title='bbox 761 3474 846 3544; x_wconf 84' lang='grc' dir='ltr'><strong><em>κατὰ</em></strong></span> <span class='ocrx_word' id='word_1_250' title='bbox 866 3479 1056 3542; x_wconf 75' lang='grc' dir='ltr'><strong><em>Ματθαῖον</em></strong></span> <span class='ocrx_word' id='word_1_251' title='bbox 1076 3498 1102 3540; x_wconf 87' lang='lat' dir='ltr'><strong><em>c.</em></strong></span> <span class='ocrx_word' id='word_1_252' title='bbox 1120 3483 1170 3556; x_wconf 90' lang='lat'><strong><em>10,</em></strong></span> <span class='ocrx_word' id='word_1_253' title='bbox 1191 3479 1282 3542; x_wconf 85' lang='lat'><strong>1-9.</strong></span> 
     </span>
    </p>

    <p class='ocr_par' dir='ltr' id='par_1_9' title="bbox 390 3587 1584 4000">
     <span class='ocr_line' id='line_1_32' title="bbox 835 3587 1060 3672; baseline 0.004 -14"><span class='ocrx_word' id='word_1_254' title='bbox 835 3587 874 3658; x_wconf 84' lang='lat' dir='ltr'><strong><em>‘O</em></strong></span> <span class='ocrx_word' id='word_1_255' title='bbox 896 3589 1060 3672; x_wconf 88' lang='grc' dir='ltr'><strong><em>διάκονος.</em></strong></span> 
     </span>
     <span class='ocr_line' id='line_1_33' title="bbox 391 3690 1382 3796; baseline -0.001 -28"><span class='ocrx_word' id='word_1_256' title='bbox 391 3693 561 3790; x_wconf 80' lang='grc' dir='ltr'><strong><em>Ἐλέησον</em></strong></span> <span class='ocrx_word' id='word_1_257' title='bbox 584 3693 683 3790; x_wconf 83' lang='grc' dir='ltr'><strong><em>ἡμᾶς</em></strong></span> <span class='ocrx_word' id='word_1_258' title='bbox 709 3693 728 3768; x_wconf 89' lang='grc' dir='ltr'><em>ὃ</em></span> <span class='ocrx_word' id='word_1_259' title='bbox 758 3693 846 3778; x_wconf 87' lang='grc' dir='ltr'><strong><em>Θεὸς</em></strong></span> <span class='ocrx_word' id='word_1_260' title='bbox 869 3695 965 3769; x_wconf 85' lang='grc' dir='ltr'><strong><em>κατὰ</em></strong></span> <span class='ocrx_word' id='word_1_261' title='bbox 991 3694 1034 3769; x_wconf 87' lang='grc' dir='ltr'><strong><em>τὸ</em></strong></span> <span class='ocrx_word' id='word_1_262' title='bbox 1059 3695 1155 3796; x_wconf 87' lang='grc' dir='ltr'><strong><em>μέγα</em></strong></span> <span class='ocrx_word' id='word_1_263' title='bbox 1180 3690 1276 3778; x_wconf 81' lang='grc' dir='ltr'><strong><em>ἔλεός</em></strong></span> <span class='ocrx_word' id='word_1_264' title='bbox 1301 3717 1382 3768; x_wconf 91' lang='grc' dir='ltr'><strong><em>σου.</em></strong></span> 
     </span>
     <span class='ocr_line' id='line_1_34' title="bbox 390 3792 1584 3898; baseline -0.002 -30"><span class='ocrx_word' id='word_1_265' title='bbox 390 3795 467 3869; x_wconf 85' lang='grc' dir='ltr'><strong><em>Ἔτι</em></strong></span> <span class='ocrx_word' id='word_1_266' title='bbox 485 3792 652 3893; x_wconf 78' lang='grc' dir='ltr'><strong><em>δεόμεθα</em></strong></span> <span class='ocrx_word' id='word_1_267' title='bbox 669 3795 761 3893; x_wconf 77' lang='grc' dir='ltr'><strong><em>ὑπὲρ</em></strong></span> <span class='ocrx_word' id='word_1_268' title='bbox 778 3796 911 3888; x_wconf 81' lang='grc' dir='ltr'><strong><em>ἐλέους,</em></strong></span> <span class='ocrx_word' id='word_1_269' title='bbox 934 3795 1040 3892; x_wconf 89' lang='grc' dir='ltr'><strong><em>ζωῆς,</em></strong></span> <span class='ocrx_word' id='word_1_270' title='bbox 1062 3793 1217 3893; x_wconf 76' lang='grc' dir='ltr'><strong><em>εἰρήνης,</em></strong></span> <span class='ocrx_word' id='word_1_271' title='bbox 1235 3793 1374 3898; x_wconf 82' lang='grc' dir='ltr'><strong><em>ὑγείας,</em></strong></span> <span class='ocrx_word' id='word_1_272' title='bbox 1393 3793 1584 3896; x_wconf 90' lang='grc' dir='ltr'><strong><em>σωτηρίας.</em></strong></span> 
     </span>
     <span class='ocr_line' id='line_1_35' title="bbox 393 3895 1428 4000; baseline -0.002 -29"><span class='ocrx_word' id='word_1_273' title='bbox 393 3895 498 3997; x_wconf 80' lang='grc' dir='ltr'><strong><em>Ὑπὲρ</em></strong></span> <span class='ocrx_word' id='word_1_274' title='bbox 523 3907 592 3976; x_wconf 82' lang='grc' dir='ltr'><strong><em>τοῦ</em></strong></span> <span class='ocrx_word' id='word_1_275' title='bbox 619 3901 912 4000; x_wconf 78' lang='grc' dir='ltr'><strong><em>συγχωρηθῆναι</em></strong></span> <span class='ocrx_word' id='word_1_276' title='bbox 937 3899 1042 3996; x_wconf 78' lang='grc' dir='ltr'><strong><em>αὐτῷ</em></strong></span> <span class='ocrx_word' id='word_1_277' title='bbox 1068 3905 1145 3973; x_wconf 87' lang='grc' dir='ltr'><strong><em>πᾶν</em></strong></span> <span class='ocrx_word' id='word_1_278' title='bbox 1170 3897 1428 3994; x_wconf 79' lang='grc' dir='ltr'><strong><em>πλημμέλημα.</em></strong></span> 
     </span>
    </p>

    <p class='ocr_par' dir='ltr' id='par_1_10' title="bbox 862 4027 1037 4120">
     <span class='ocr_line' id='line_1_36' title="bbox 862 4027 1037 4120; baseline 0 -22"><span class='ocrx_word' id='word_1_279' title='bbox 862 4028 899 4098; x_wconf 88' lang='grc' dir='ltr'><strong><em>Ὁ</em></strong></span> <span class='ocrx_word' id='word_1_280' title='bbox 921 4027 1037 4120; x_wconf 79' lang='grc' dir='ltr'><strong><em>ίερεός.</em></strong></span> 
     </span>
    </p>

    <p class='ocr_par' dir='ltr' id='par_1_11' title="bbox 387 4128 1372 4348">
     <span class='ocr_line' id='line_1_37' title="bbox 387 4128 1372 4234; baseline -0.005 -24"><span class='ocrx_word' id='word_1_281' title='bbox 387 4131 472 4210; x_wconf 80' lang='grc' dir='ltr'><strong><em>Ὅτι</em></strong></span> <span class='ocrx_word' id='word_1_282' title='bbox 497 4129 661 4230; x_wconf 75' lang='grc' dir='ltr'><strong><em>ἐλεήμων</em></strong></span> <span class='ocrx_word' id='word_1_283' title='bbox 686 4132 749 4208; x_wconf 80' lang='grc' dir='ltr'><strong><em>καὶ</em></strong></span> <span class='ocrx_word' id='word_1_284' title='bbox 776 4131 1045 4234; x_wconf 78' lang='grc' dir='ltr'><strong><em>φιλάνθρωπος</em></strong></span> <span class='ocrx_word' id='word_1_285' title='bbox 1073 4133 1161 4218; x_wconf 81' lang='grc' dir='ltr'><strong><em>Θεὸς</em></strong></span> <span class='ocrx_word' id='word_1_286' title='bbox 1184 4128 1372 4233; x_wconf 89' lang='grc' dir='ltr'><strong><em>ὑπάρχεις.</em></strong></span> 
     </span>
     <span class='ocr_line' id='line_1_38' title="bbox 839 4261 1065 4348; baseline 0.018 -15"><span class='ocrx_word' id='word_1_287' title='bbox 839 4262 877 4333; x_wconf 89' lang='lat'><strong><em>‘0</em></strong></span> <span class='ocrx_word' id='word_1_288' title='bbox 900 4261 1065 4348; x_wconf 88' lang='grc' dir='ltr'><strong><em>διάκονος.</em></strong></span> 
     </span>
    </p>
   </div>
   <div class='ocr_carea' id='block_1_5' title="bbox 403 4367 882 4467">
    <p class='ocr_par' dir='ltr' id='par_1_12' title="bbox 403 4367 882 4467">
     <span class='ocr_line' id='line_1_39' title="bbox 403 4367 882 4467; baseline 0.008 -26"><span class='ocrx_word' id='word_1_289' title='bbox 403 4373 478 4442; x_wconf 85' lang='grc' dir='ltr'><strong><em>Τοῦ</em></strong></span> <span class='ocrx_word' id='word_1_290' title='bbox 503 4368 647 4467; x_wconf 86' lang='grc' dir='ltr'><strong><em>Κυρίου</em></strong></span> <span class='ocrx_word' id='word_1_291' title='bbox 673 4367 882 4466; x_wconf 79' lang='grc' dir='ltr'><strong><em>δεηθῶμεν.</em></strong></span> 
     </span>
    </p>
   </div>
   <div class='ocr_carea' id='block_1_6' title="bbox 312 4570 1583 4729">
    <p class='ocr_par' dir='ltr' id='par_1_13' title="bbox 312 4570 1583 4729">
     <span class='ocr_line' id='line_1_40' title="bbox 400 4570 1583 4642; baseline -0.002 -19"><span class='ocrx_word' id='word_1_292' title='bbox 400 4573 424 4635; x_wconf 80' lang='lat'><strong><em>1)</em></strong></span> <span class='ocrx_word' id='word_1_293' title='bbox 443 4573 573 4640; x_wconf 79' lang='grc' dir='ltr'><strong><em>Ρεηιολειε</em></strong></span> <span class='ocrx_word' id='word_1_294' title='bbox 592 4575 668 4625; x_wconf 68' lang='lat' dir='ltr'><strong>oratio</strong></span> <span class='ocrx_word' id='word_1_295' title='bbox 687 4577 710 4625; x_wconf 81' lang='grc' dir='ltr'><strong><em>1ο</em></strong></span> <span class='ocrx_word' id='word_1_296' title='bbox 730 4575 775 4626; x_wconf 74' lang='lat' dir='ltr'><strong><em>hnc</em></strong></span> <span class='ocrx_word' id='word_1_297' title='bbox 792 4577 909 4627; x_wconf 80' lang='grc' dir='ltr'><strong><em>εεοιειιιίι</em></strong></span> <span class='ocrx_word' id='word_1_298' title='bbox 927 4576 964 4626; x_wconf 76' lang='lat' dir='ltr'><strong><em>vel</em></strong></span> <span class='ocrx_word' id='word_1_299' title='bbox 982 4577 1081 4642; x_wconf 74' lang='lat' dir='ltr'><strong><em>respicit</em></strong></span> <span class='ocrx_word' id='word_1_300' title='bbox 1099 4575 1128 4627; x_wconf 76' lang='lat' dir='ltr'><strong><em>nd</em></strong></span> <span class='ocrx_word' id='word_1_301' title='bbox 1146 4575 1214 4626; x_wconf 83' lang='grc' dir='ltr'><strong><em>Ιοιοε</em></strong></span> <span class='ocrx_word' id='word_1_302' title='bbox 1232 4573 1300 4627; x_wconf 81' lang='grc' dir='ltr'><strong><em>Ριοι.</em></strong></span> <span class='ocrx_word' id='word_1_303' title='bbox 1320 4573 1361 4636; x_wconf 77' lang='grc' dir='ltr'><strong><em>λλ,</em></strong></span> <span class='ocrx_word' id='word_1_304' title='bbox 1373 4574 1413 4626; x_wconf 81' lang='grc'><strong><em>16.</em></strong></span> <span class='ocrx_word' id='word_1_305' title='bbox 1433 4575 1519 4626; x_wconf 70' lang='lat' dir='ltr'>Ieron.</span> <span class='ocrx_word' id='word_1_306' title='bbox 1535 4570 1583 4635; x_wconf 64' lang='lat' dir='ltr'><em>m</em></span> 
     </span>
     <span class='ocr_line' id='line_1_41' title="bbox 312 4649 1457 4729; baseline 0.002 -22"><span class='ocrx_word' id='word_1_307' title='bbox 312 4656 423 4710; x_wconf 76' lang='grc' dir='ltr'><strong><em>Ιίλειιιῑε</em></strong></span> <span class='ocrx_word' id='word_1_308' title='bbox 441 4660 543 4723; x_wconf 71' lang='lat' dir='ltr'><strong>quadum</strong></span> <span class='ocrx_word' id='word_1_309' title='bbox 562 4661 675 4712; x_wconf 80' lang='grc' dir='ltr'><strong><em>ιιελιειοε</em></strong></span> <span class='ocrx_word' id='word_1_310' title='bbox 694 4659 729 4710; x_wconf 79' lang='lat' dir='ltr'><strong><em>vel</em></strong></span> <span class='ocrx_word' id='word_1_311' title='bbox 751 4659 898 4712; x_wconf 68' lang='lat' dir='ltr'><strong><em>intermiscet</em></strong></span> <span class='ocrx_word' id='word_1_312' title='bbox 917 4663 1090 4728; x_wconf 80' lang='grc' dir='ltr'><strong><em>τετλριαεειοιο</em></strong></span> <span class='ocrx_word' id='word_1_313' title='bbox 1109 4661 1253 4714; x_wconf 72' lang='lat' dir='ltr'><strong><em>testimonii·</em></strong></span> <span class='ocrx_word' id='word_1_314' title='bbox 1270 4649 1405 4729; x_wconf 75' lang='grc' dir='ltr'><strong><em>ἄγραφόν</em></strong></span> <span class='ocrx_word' id='word_1_315' title='bbox 1421 4673 1457 4709; x_wconf 81' lang='grc' dir='ltr'><strong><em>τι.</em></strong></span> 
     </span>
    </p>
   </div>
   <div class='ocr_carea' id='block_1_7' title="bbox 0 0 1698 5304">
    <p class='ocr_par' dir='ltr' id='par_1_14' title="bbox 0 0 1698 5304">
     <span class='ocr_line' id='line_1_42' title="bbox 0 0 1698 5304; baseline 0 0"><span class='ocrx_word' id='word_1_316' title='bbox 0 0 1698 5304; x_wconf 95' lang='lat' dir='ltr'><strong><em> </em></strong></span> 
     </span>
    </p>
   </div>
  </div>
 </body>
</html>
