3378 5302
907 429 981 516 ’118

382 621 604 754 Μνήοθητι,
635 621 757 725 Κύριε,
782 625 847 700 καῖ
871 622 992 722 πάσης
1016 621 1208 708 πόλεως
1177 621 1241 699 καί
1253 620 1393 722 χώρας,
1419 621 1483 698 καί
1499 631 1580 699 τῶν

306 723 522 824 ἀρθοδόξως
555 726 673 802 πίστει
706 721 913 804 οἰκούντων
943 729 985 803 ἐν
1016 725 1159 815 αῦταῖς,
1193 723 1337 824 εἰρήνης
1360 723 1426 800 καί
1451 725 1578 824 ἀσφα-

305 827 403 913 λείας
428 829 566 904 αὐτῶν

382 927 604 1027 Μνήσθητι,
629 925 756 1026 Κύριε,
789 925 990 1019 πλεόντων,
1022 923 1340 1058 ὁδοιπορούντων,
1375 923 1581 1012 ξενιτευόν-

303 1059 383 1107 των
407 1037 663 1129 Χριστιανῶν,
688 1040 767 1107 τῶν
791 1035 834 1108 ἐν
858 1030 1021 1127 δεσμοῖς,
1046 1037 1125 1106 τῶν
1149 1032 1191 1106 ἐν
1211 1035 1406 1128 φυλακαῖς,
1432 1036 1512 1106 τῶν
1537 1032 1580 1105 ἐν

305 1131 574 1229 αλχμαλωσίαις
605 1132 669 1208 καί
700 1132 868 1230 ἐξορίαις,
901 1141 981 1209 τῶν
1012 1135 1053 1208 ἐν
1078 1127 1269 1228 μετάλλοις
1293 1159 1357 1206 και
1344 1127 1579 1260 βασάνοις,

304 1234 369 1308 καί
393 1240 540 1364 πικραῖς
565 1233 795 1319 δουλείαις”
774 1263 897 1311 οντων
921 1234 1092 1362 πατέρων
1116 1261 1180 1308 και
1167 1231 1426 1362 ⁸33o333v
1404 1240 1527 1330 ημῶν.

387 1333 605 1432 Μνήσθητι,
637 1333 764 1463 Κύριε,
797 1344 875 1412 τῶν
907 1333 1124 1413 νοσούντων
1154 1333 1219 1410 καὶ
1243 1332 1481 1432 καμνόντων,
1513 1333 1581 1410 και

304 1444 383 1512 τῶν
413 1437 488 1538 ὑπὸ
519 1433 748 1534 πνευμάτων
778 1433 1011 1535 ἀκαθάρτων
1031 1436 1340 1567 ἐνοχλρυμένων,
1375 1444 1441 1534 τῆς
1473 1437 1580 1532 παρὰ

293 1540 375 1613 ’σοῦ
400 1547 468 1612 τοῦ
497 1543 590 1614 Θεοῦ
615 1536 763 1634 ταχείας
787 1536 921 1624 ἰάσεως
946 1539 1074 1615 αὐτῶν
1098 1537 1162 1613 καὶ
1187 1539 1380 1636 σωτηρίας.

382 1637 605 1737 Μνήσθηιι,
637 1638 764 1740 Κύριε,
799 1638 919 1739 πάσης
950 1648 1073 1771 φυχῆς
1096 1645 1325 1738 Χριστιανῆς
1349 1640 1583 1738 θλιβομένης

304 1738 369 1814 καῖ
393 1742 730 1871 καταπονρνμένης,
756 1743 876 1828 ἐλέους
900 1772 964 1818 και
951 1740 1169 1841 βοηθείας
1195 1767 1263 1817 σου
1288 1749 1356 1818 τοῦ
1381 1747 1515 1818 θεοῦ
1499 1771 1581 1817 επι-

304 1839 492 1939 δεομένης,
517 1843 582 1920 καῖ
606 1847 829 1972 ἐπιστροφῆς
853 1851 931 1922 τῶν
956 1843 1255 1974 πεπλανημένων.

381 1942 602 2042 Μνήσθητι,
629 1941 755 2042 Κύριε,
780 1954 860 2022 τῶν
875 1941 1094 2022 κοπιώντων
1110 1974 1173 2022 και
1160 1939 1506 2022 διακονούντων
1484 1975 1581 2043 ημιν

303 2045 476 2142 πατέρων
500 2048 564 2121 καὶ
589 2047 811 2176 ἀδελφῶν
790 2056 900 2145 ημῶν
925 2046 1053 2124 313⁸
1015 2076 1058 2122 το
1085 2043 1206 2143 ὄνομά
1231 2069 1301 2176 σοη
1325 2046 1369 2122 τὸ
1396 2047 1517 2176 ἅγιον.

380 2145 603 2244 Μνήσθητι,
628 2147 755 2249 Κύριε,
787 2146 942 2225 πάντων
967 2154 1018 2232 ελς
1043 2145 1212 2276 ἀγαθόν·
1246 2145 1390 2232 πάντας
1415 2148 1580 2278 ἐλέησον,

303 2249 487 2338 Δέσποτα,
513 2257 628 2325 πᾶσιν
651 2250 743 2348 ἡμῖν
768 2247 1010 2379 διαλλάγηθι·
1045 2247 1259 2377 ελρηνευσρν
1282 2249 1329 2324 τὰ
1355 2245 1481 2348 πλήθη
1507 2261 1581 2328 τοῦ

303 2356 397 2425 λαοῦ
423 2374 508 2425 σου·
543 2350 857 2479 3ooon333oov⁸
815 2383 864 2428 τα
890 2350 1100 2431 σκάνδαλα
1134 2347 1371 2480 κατάρμησον
1396 2350 1483 2480 τρὺς
1508 2383 1581 2430 πο-

303 2451 450 2547 λέυους·
485 2461 632 2584 παῦσρν
662 2453 730 2584 τρὶς
760 2462 839 2533 τῶν
871 2455 1048 2582 ωρεσεων
1080 2451 1362 2582 ἐπαναστάσεις·
1400 2453 1469 2550 τὴν
1489 2455 1582 2587 σην

253 2625 255 2628 ,
302 2549 453 2680 εἰρήνην
478 2554 541 2628 καὶ
565 2555 635 2652 τὴν
660 2555 731 2652 σὴν
757 2553 906 2659 ἀγάπην
928 2553 1085 2686 χάρισαι
1108 2555 1213 2651 ἡμῖν,
1242 2555 1262 2629 3
1292 2555 1422 2639 Θεὸς
1404 2583 1424 2629 o
1451 2558 1580 2659 σωτὴρ

301 2648 470 2752 3333,t
450 2685 475 2784 η
498 2657 596 2742 ἐλπίς
621 2654 775 2736 πάντων
799 2665 877 2786 τρεῖν
902 2655 1074 2754 περάτων
1098 2665 1162 2753 τῆς
1186 2665 1263 2760 γῆς·

381 2753 603 2854 Μνήσθητι,
634 2756 761 2854 Κύριε,
794 2759 991 2859 εὐκρασίας
1017 2758 1151 2857 ἀέρων,
1184 2759 1342 2858 ὄμβρων
1367 2764 1581 2888 είρηνικῶν,

303 2852 454 2956 δρόσων
486 2859 662 2962 ἀγαθῶν,
695 2871 851 2989 καρπῶν
882 2859 1071 2960 εῦφορίας,
1103 2859 1167 2935 καί
1198 2867 1267 2935 τοῦ
1293 2857 1481 2957 στεφάνου
1506 2869 1580 2937 τοῦ

304 2964 477 3036 ἐνιαυτοῦ
501 2969 565 3059 τῆς
586 2959 833 3092 χρηστότητύς
860 2988 944 3038 σου·
973 2963 1007 3037 o3
1032 2961 1111 3089 γὰρ
1133 2960 1329 3060 ὀφθαλμοί
1353 2959 1509 3038 πάντων
1525 2968 1583 3048 εἰς

289 3060 344 3136 ισε
370 3060 568 3153 ἐλπίζουσι,
599 3065 663 3139 καί
689 3064 737 3140 σῦ
762 3063 940 3148 δίδως
901 3093 970 3163 την
995 3061 1141 3162 τροφὴν
1166 3064 1294 3142 αὐτῶν
1320 3066 1361 3138 ἐν
1386 3063 1577 3194 εὐκαιρίηι·

304 3160 464 3342 (ηνοίγεις
498 3165 547 3241 σὺ
580 3166 650 3264 τὴν
682 3163 787 3265 χεῖρά
824 3191 892 3241 σου
898 3223 912 3256 ,
951 3167 1015 3241 καί
1051 3169 1231 3263 ἐμπιπλᾷς
1266 3171 1343 3239 πᾶν
1379 3163 1478 3256 ζῶον
1514 3167 1582 3245 εῦ-

330 3293 432 3348 οκιος

279 3400 283 3408 ·
302 3441 306 3449 ,
379 3365 601 3468 Μνήσθητι,
628 3365 754 3466 Κύριε,
780 3377 860 3444 τῶν
874 3361 1218 3494 καρποφορούντων
1234 3393 1297 3442 και
1284 3363 1582 3494 “καλλιεργούν-

302 3494 380 3543 των
405 3471 446 3545 ἐν
470 3477 551 3554 ταῖς
577 3469 699 3600 ἀμίαις
724 3493 793 3545 σου
818 3468 1024 3566 ἐκκλησίας·
1050 3467 1114 3544 καῖ
1138 3466 1386 3564 μεμνημένων
1410 3477 1490 3598 τρῖν
1512 3502 1582 3600 ηε-

301 3566 439 3666 νητων,
462 3579 604 3669 χηρῶν,
631 3571 824 3697 ἀρφαναῖν,
851 3568 1069 3659 ξένων,καὶ
1093 3569 1356 3665 ἐπιδεομένων
1390 3571 1454 3646 καί
1478 3571 1580 3650 πάν-

302 3699 380 3750 των
405 3680 483 3747 τῶν
508 3670 818 3771 ἐντειλαιιένων
796 3677 888 3770 ημῖν
912 3680 981 3747 τοῦ
1006 3667 1253 3768 μνημονεύειν
1280 3671 1407 3748 αὐτῶν
1432 3675 1474 3748 ἐν
1492 3682 1582 3760 ταῖς

303 3779 529 3873 προςευχαῖς.

292 4013 352 4094 Ιεἰει,
373 4032 413 4089 tho
432 4031 487 4096 holy
505 4030 552 4081 and
569 4029 705 4081 celebrated
723 4029 862 4096 llposlles,''
883 4031 903 4082 ll
920 4027 980 4080 oddo
998 4043 1011 4079 ε
1030 4027 1087 4091 long
1105 4027 1145 4078 lisl
1163 4028 1190 4077 ol
1206 4027 1277 4078 other
1294 4029 1382 4100 syllos,
1407 4030 1453 4080 and
1472 4029 1577 4082 conclu-

303 4116 356 4178 des,
374 4115 435 4166 “nol
452 4116 502 4166 thol
519 4131 555 4166 wo
574 4131 614 4165 ετε
632 4116 722 4179 worthy
740 4123 764 4165 lo
784 4117 971 4165 commemorale
990 4115 1051 4166 their
1069 4112 1233 4172 λιΙεεεεέιιεεε,
1253 4111 1296 4162 bul
1311 4113 1362 4162 thul
1380 4113 1442 4176 thoy,
1461 4115 1578 4180 standing

303 4209 328 4252 ει
344 4201 394 4265 Thy
411 4201 468 4265 holy
486 4201 532 4250 tud
552 4199 706 4250 {remeudous
725 4199 919 4263 lrlbunol‚.moy‚
937 4201 961 4248 in
978 4199 1041 4248 their
1059 4205 1122 4256 turn,
1141 4197 1277 4248 remombor
1295 4211 1339 4246 our
1356 4197 1494 4248 miserias?

279 4335 283 4346 ,
388 4286 438 4336 Tho
456 4287 582 4336 Νιειοτίετι
600 4285 718 4347 liturgico
742 4284 770 4334 ol
789 4285 830 4334 tho
846 4284 958 4349 Apostles
976 4283 1022 4332 oud
1040 4282 1165 4332 Nestorius
1182 4281 1249 4343 bovo,
1273 4281 1467 4345 “Rememloer;¹-'
1491 4283 1574 4334 Theo·

303 4369 371 4432 doro,
389 4371 451 4421 “Lot
468 4372 507 4422 the
525 4383 632 4433 memor!
648 4369 679 4418 bo
697 4368 834 4433 accoploblo
852 4375 877 4418 ιο
896 4367 993 4430 Τλιεε;”
1017 4360 1077 4426 εοδ,
1091 4365 1208 4431 probably
1225 4367 1248 4416 ln
1267 4366 1448 4430 development
1466 4367 1495 4447 ρῐ
1509 4367 1576 4418 lhelr

301 4454 396 4520 horosy,
413 4456 454 4504 tho
472 4455 570 4504 Bleosod
589 4455 667 4516 l'irgln
685 4452 748 4517 llory
766 4453 787 4502 is
805 4459 847 4502 nol
864 4450 985 4517 expressly
1002 4450 1149 4500 mentioned.

386 4539 475 4602 Lusus,
493 4541 533 4589 ιΙιε
551 4537 683 4588 Μοιττελιίτ
701 4537 763 4587 Mass
781 4551 869 4596 seems,
888 4537 911 4587 in
930 4551 998 4585 some
1016 4536 1147 4596 ὶοειτοεοε,
1171 4544 1195 4586 lo
1213 4536 1272 4589 halo
1290 4524 1302 4584 ὲ
1321 4549 1407 4600 prayer
1426 4535 1465 4584 lor
1481 4537 1575 4613 δοίητε,

302 4623 326 4676 in
350 4624 390 4674 tho
409 4623 568 4674 collectio
594 4631 666 4688 post
683 4621 828 4684 Nomina,
852 4636 865 4670 a
884 4620 971 4672 collect
988 4621 1049 4670 aller
1066 4620 1106 4670 tho
1125 4619 1242 4686 diplyohs,
1266 4619 1342 4670 which
1360 4619 1436 4672 τετίεε
1455 4619 1513 4671 willo
1531 4621 1576 4672 the

301 4707 360 4773 day:
381 4708 408 4758 ol
423 4706 499 4758 whloh
518 4707 528 4756 l
546 4707 608 4757 shall
626 4707 701 4772 spool
719 4716 786 4757 more
803 4713 827 4756 ol
844 4703 926 4769 length
944 4695 1090 4756 herealler.³‘
