3388 5304
932 415 1005 490 582

329 629 386 686 τες
407 599 569 690 εὐλογίαν,
591 597 646 669 ὅτι
666 596 819 690 μνιίοτωρ
841 603 901 686 τῆς
922 595 1094 688 ἐκκλησίας
1116 597 1220 666 έστίν·
1244 589 1341 678 οὗτος
1362 591 1421 666 σύν
1443 595 1474 668 εί
1492 599 1590 685 μίνέι

331 713 397 776 τῶν
418 701 595 793 ἀρχιερέων
616 701 715 782 ἐστίν,
738 695 778 766 ού
795 700 904 766 δεῖται
917 696 1131 786 χειροτονίας,
1154 695 1240 767 ἀλλὰ
1253 699 1357 786 μόνον
1373 699 1588 788 ένδρονισμοῦ,

331 806 364 877 εί
383 805 439 874 καί
463 802 569 891 ἱερεύς
587 805 826 889 χειροτονεῖται
846 800 904 868 καί
924 798 1163 888 ίνθρονίζεται.
1196 799 1241 869 Εί
1261 803 1317 870 καί
1338 803 1527 892 ψηφισδείς
1541 801 1587 871 οίκ

330 902 372 998 ἦν
399 905 505 995 ίερεύς
530 900 795 988 καταδεξάμενος
821 901 981 989 γενέσθαι
1001 903 1087 970 κατὰ
1107 899 1202 983 τάξιν
1222 904 1279 972 καί
1299 903 1437 989 βαθμὸν
1457 905 1588 992 προαγό-

330 1034 439 1098 μενος,
462 1013 595 1096 πρῶτον
614 1009 853 1091 χειροτονεῖται
881 1001 929 1083 είς
951 999 1042 1089 ίερέα
1062 1003 1120 1070 καί
1141 1001 1229 1071 οὕτω
1250 1004 1289 1072 τὸ
1309 1003 1444 1093 μήνυμα
1466 1005 1588 1089 δέχεται.

278 1173 284 1186 .
331 1112 434 1182 Μετὰ
456 1110 494 1178 δέ
514 1133 551 1197 γε
571 1108 610 1177 τύ
631 1104 766 1196 μήνυμα
785 1105 843 1174 καί
864 1103 1001 1190 ύστερύν
1021 1129 1056 1172 τι
1076 1102 1201 1192 γίνεται
1222 1104 1290 1193 πρὸ
1312 1111 1372 1193 τῆς
1390 1105 1588 1194 χειροτονίας,

330 1211 353 1304 λη’
373 1220 434 1281 τοῦ
456 1211 689 1298 ένδρονισμοῢ,
711 1200 732 1274 6
752 1207 904 1274 καλεῖται
924 1204 1119 1296 πρόβλησις.
1144 1213 1252 1275 Τοῦτο
1275 1203 1310 1275 δ’
1335 1205 1426 1276 &niv
1445 1205 1589 1294 ὁμολογία

330 1323 391 1384 τοῦ
419 1312 586 1400 βασιλέως
613 1309 671 1377 διδ
697 1305 863 1393 στόματος
890 1305 1025 1390 οίκείου,
1057 1308 1115 1376 καί
1135 1309 1213 1397 τιμὴ
1236 1308 1323 1396 πρὸς
1341 1310 1403 1397 τὴν
1423 1307 1589 1399 έκκλησίαν,

331 1413 379 1496 ὥς
406 1415 535 1502 στέργει
560 1412 619 1479 τὸν
651 1407 823 1496 έκλιγέντα
850 1405 929 1493 παρ’
960 1405 1063 1498 αὐτῆς
1089 1409 1321 1500 ἐψηφισμένον
1348 1411 1408 1500 τὴν
1435 1409 1589 1500 έιαλησίαν

331 1515 525 1602 ποιμαίνειν
551 1508 831 1595 καταδεξάμενον,
866 1511 923 1578 καί
950 1509 986 1578 έν
1011 1517 1052 1601 τῇ
1082 1508 1162 1603 άγίρ
1186 1509 1300 1598 τριάδι
1323 1517 1365 1600 τῇ
1392 1512 1589 1602 δωρησαμένη

330 1617 440 1706 τούτῳ
460 1616 520 1704 τὴν
541 1609 731 1699 βασιλείαν·
765 1608 832 1694 έχει
852 1611 910 1679 καί
932 1607 1032 1691 αὐτὸς
1054 1608 1315 1698 άρχιεπίσκοπον
1336 1620 1590 1682 Κωνσταντινοο-

331 1717 464 1797 πόλεως
492 1716 569 1795 νέας
587 1711 720 1803 Ῥώμης,
748 1713 805 1781 καί
827 1710 1051 1798 οίκοομενικύν
1072 1712 1286 1802 πατριάρχην.
1327 1711 1375 1781 Ού
1396 1715 1463 1803 μὴν
1484 1712 1590 1801 ἐνέργει

332 1818 433 1890 αύτὸν
456 1815 565 1897 αὐτὸς,
589 1812 668 1884 0666
689 1813 810 1882 δίδωσι
830 1811 938 1903 τούτῳ
959 1839 1003 1896 τι,
1033 1810 1118 1882 ἀλλὰ
1139 1823 1321 1904 συμφωνεῖ,
1342 1816 1400 1884 καί
1421 1816 1591 1884 ἐπακολου-

331 1927 391 1992 θεῖ
411 1927 459 2010 τῷ
481 1915 566 2008 έργῳ
585 1916 642 1984 καί
663 1917 764 2004 δῆλον
786 1914 841 1984 δτι
862 1912 901 1984 ού
923 1913 1071 1997 δίδωσιν,
1101 1912 1188 1985 ἀλλὰ
1208 1916 1371 2002 λαμβάνει
1391 1921 1526 2002 μᾶλλον,
1546 1917 1591 1984 καί

332 2021 378 2104 ὥς
398 2020 564 2112 ὑπηρέτης
583 2025 649 2085 τῶν
675 2023 735 2106 τῆς
756 2015 928 2107 ἐκκλησίας
949 2017 1048 2086 ἐστίν.
1076 2015 1154 2086 ’Ότι
1175 2018 1234 2106 τὴν
1255 2017 1347 2105 ἱερὰν
1370 2016 1496 2106 ῥάβδον
1516 2015 1592 2106 αύτῷ

332 2131 379 2213 τῷ
406 2118 598 2211 ύποψηφίῳ
626 2115 809 2207 ἐγχειρίσας
836 2116 944 2209 οίκείᾳ
969 2118 1071 2206 χειρί,
1106 2121 1324 2208 προςέρχεται
1350 2121 1408 2188 καί
1435 2118 1591 2188 ύπονλίνει

331 2223 439 2313 τούτῳ
459 2222 519 2312 την
540 2218 705 2310 κεφαλήν·
727 2218 786 2287 καί
805 2215 1054 2288 ἀποκαλύπτων
1069 2217 1180 2309 αὐτὴν,
1202 2219 1247 2301 ὥς
1268 2219 1361 2302 έδος,
1383 2217 1533 2309 εὐλογίαν
1545 2221 1591 2288 δέ-

330 2351 436 2413 χεται,
457 2324 514 2392 καὶ
536 2319 724 2403 ἀσπάζεται
745 2321 804 2446 ηὴν
824 2327 884 2390 τοῦ
906 2318 1108 2413 ίποψηφίου
1129 2327 1233 2411 χεῖρα.

421 2421 655 2511 Φανερώτερον
688 2421 772 2490 δέ”
754 2447 809 2490 οτι
835 2420 875 2490 ού
903 2421 1040 2490 δίδωσιν
1068 2419 1168 2503 αύτός
1198 2449 1241 2503 τι,
1270 2419 1356 2491 άλλύι
1376 2430 1477 2492 τοῦτο
1497 2429 1592 2492 ποιάν

331 2531 375 2597 τὰ
399 2553 460 2653 της
487 2523 659 2650 ἐκκλησίας
685 2523 815 2644 στέργει
841 2525 954 2591 τεκαὶ
980 2529 1132 2610 βεβαιοῖ·
1161 2523 1215 2591 ὅτι
1236 2525 1294 2593 καί
1314 2519 1410 2604 δντος
1432 2523 1593 2644 ἀρχιερέας

331 2638 391 2700 τοῦ
419 2623 621 2752 ύπηφηφίου
649 2622 856 2710 πατριάρχου
884 2651 941 2692 και
932 2623 1156 2715 μηδενὸς’
1126 2651 1174 2704 εις
1194 2625 1399 2713 χειροτονίαν
1421 2615 1592 2750 άρχιερρλι-

331 2737 392 2800 κού
411 2726 524 2817 χρείαν
546 2724 686 2808 ἔχοντος,
708 2729 826 2792 τοῦτον
847 2723 989 2850 γίνετηιι·
1011 2726 1067 2794 καί
1089 2725 1140 2796 έτι
1160 2734 1259 2795 τοῦτο
1282 2728 1395 2796 διὰ
1360 2753 1399 2796 το
1422 2735 1520 2816 τιμᾷν
1533 2727 1592 2794 ε’στί

331 2833 390 2900 τὸν
411 2826 610 2916 βασιλέα
574 2851 632 2915 την
655 2822 887 2914 ίκκλησίαν’
849 2851 908 2894 ουκ
931 2821 1051 2913 άρχειν,
1082 2826 1136 2895 ὅτι
1156 2827 1360 2898 ἐλθόντα
1324 2855 1384 2917 την
1405 2825 1592 2919 ύποψήφιον

333 2931 352 3003 6
373 2930 541 3019 βασιλεύς,
567 2927 635 3015 πρὸ
663 2933 723 2994 τοῦ
752 2924 836 2994 ίδεῖν
858 2931 1067 3018 φιλυφρονεῖ,
1096 2929 1159 2997 καί·
1171 2926 1319 3014 μανδύον
1338 2929 1426 3014 μετὰ
1446 2935 1591 3014 ποταμοῖν

333 3032 534 3104 ἀποστέλλει
555 3029 612 3098 καί
632 3028 671 3097 τὸ
692 3034 753 3116 τῆς
773 3027 945 3119 ἐκκλησίας
966 3027 1153 3116 έγκόλπιον,
1175 3029 1260 3118 ὅπερ
1283 3028 1329 3111 αίς
1351 3027 1504 3121 άρραβοίν
1523 3030 1591 3108 ίοιι,

331 3137 389 3205 καί
410 3131 456 3214 ὥς
476 3129 642 3222 ὑπηρέτης
660 3130 718 3197 καί
739 3126 851 3219 φύλαξ
872 3127 971 3210 αύτὸς
993 3128 1158 3219 φυλάσσει
1180 3132 1233 3200 διδ
1255 3133 1313 3202 καί
1332 3125 1394 3221 την
1415 3131 1535 3221 ῥάβδον
1554 3129 1591 3209 ὦς

331 3235 541 3323 τιμιωτέραν,
568 3233 627 3300 καί
653 3237 875 3320 ποιμαντικῆς
901 3229 1054 3313 ἐξουσίας
1081 3230 1258 3318 σύμβολον,
1287 3230 1388 3314 αύτδς
1409 3233 1526 3304 δίδωσι
1544 3233 1592 3301 διὰ

207 3351 211 3362 ’
331 3340 390 3428 την
418 3336 516 3425 τιμὴν
538 3333 600 3402 ’καί
625 3333 663 3400 τὸ
693 3329 944 3422 ἀσφαλέστερον
970 3340 1010 3423 τῇ
1036 3333 1131 3420 χειρί.
1167 3336 1239 3404 Καί
1260 3333 1406 3404 δείκνυσι
1427 3344 1530 3404 πᾶσιν
1546 3332 1593 3402 δτι

330 3439 388 3508 καί
410 3436 511 3517 αύτὸς
530 3442 648 3504 τοῦτον
669 3433 816 3518 ποιμένα
837 3435 976 3522 στέργει,
998 3429 1036 3503 ὃν
1058 3435 1230 3518 ἐξελέξατο
1250 3434 1270 3505 6
1294 3435 1390 3518 Θεός.
1413 3439 1485 3508 Καὶ
1504 3459 1593 3526 φανε-

332 3537 476 3627 ρώτερον
496 3543 597 3606 τοῦτο
617 3541 807 3623 μαρτυριῶν
827 3534 954 3604 κελεύει
968 3537 1026 3605 καί
1039 3539 1147 3618 λ’ππσς
1161 3535 1377 3628 παρασήμοις
1390 3561 1462 3610 τισι
1475 3543 1594 3624 κοσμεῖ-

331 3667 400 3722 ται,
427 3639 484 3708 καί
506 3635 558 3706 ἐπ’
583 3634 673 3726 αὐτῷ
695 3634 713 3704 ὁ
736 3633 939 3727 ύποιγήφιος
959 3637 1109 3728 κάθηται
1130 3639 1187 3706 καί
1208 3637 1276 3708 ύπό
1298 3642 1404 3723 πεζοῦ
1424 3648 1486 3710 τοῦ
1505 3639 1593 3726 κύμη-

331 3767 391 3820 τος
416 3740 475 3828 τὴν
501 3739 635 3822 χαλινὸν
662 3743 723 3806 τοῦ
749 3740 859 3805 ίππου
886 3739 1089 3822 κατέχοντος,
1119 3737 1193 3808 ἀντὶ
1219 3747 1280 3809 τοῦ
1305 3743 1475 3826 βασιλέως
1495 3741 1592 3818 αὑτοῦ,

332 3840 379 3924 ολς
400 3837 418 3910 6
438 3839 543 3927 μέγας
564 3839 599 3909 έν
619 3843 794 3925 βασιλεύοι
808 3845 1058 3922 Κωνσταντῖνος
1078 3849 1126 3931 τῷ
1140 3839 1218 3932 ίερηλ
1232 3840 1398 3934 πεποίηκε
1411 3844 1593 3930 Σολβάιτρη

332 3943 575 4032 προπέμπεται
602 3940 661 4009 διά
682 3966 718 4009 τε
739 3949 798 4032 τῆς
818 3944 992 4032 βασιλικῆς
1012 3941 1125 4033 πάσης
1146 3941 1258 4033 αύλῆς,
1286 3945 1343 4014 καί
1365 3953 1425 4033 τῆς
1447 3941 1593 4036 δημοσίας

332 4043 415 4113 δδού
442 4041 517 4130 άχρι
545 4042 603 4110 καί
624 4039 808 4114 αὐτοῦτοῦ
827 4043 1076 4132 πατριαρχείου.
1112 4043 1156 4113 El
1176 4043 1249 4114 έστι
1271 4047 1386 4115 δὲκαὶ
1407 4053 1456 4136 τῷ
1475 4046 1594 4134 βασιλεῖ

332 4145 405 4226 υίὸς
427 4141 590 4214 έπεται’
569 4167 732 4233 εφιππος,
754 4147 811 4214 καί
832 4143 852 4234 ἡ
874 4145 1053 4238 σύγκλητος
1073 4153 1179 4216 πᾶσα.
1205 4144 1302 4215 Ούεω
1323 4149 1385 4232 μέν
1407 4142 1593 4216 ούνκαίδιὰ

331 4253 437 4315 ταῦτα
456 4245 514 4313 καί
535 4271 554 4335 η
544 4241 762 4337 (καλουμένη
784 4247 968 4338 πράβλησις
989 4245 1115 4336 γίνεται
1138 4249 1195 4317 διὰ
1216 4249 1275 4338 τὴν
1295 4255 1355 4338 της
1369 4247 1538 4340 ἐκκλησίας
1549 4273 1592 4314 ει-

331 4347 406 4436 μην,
428 4371 447 4434 η
472 4371 521 4426 εις
542 4347 689 4434 Χριστὸν
712 4345 925 4436 ἀναφέρεται.

417 4447 489 4514 Καὶ
516 4445 548 4516 εί
572 4449 634 4533 μέν
661 4445 934 4570 δψηφισδείς’
915 4448 1083 4538 αρχιερεύς
1104 4451 1203 4532 ἐστιν,
1232 4448 1321 4531 αλς”
1299 4473 1435 4542 εφημεν,
1462 4450 1541 4540 μετὰ
1558 4446 1591 4515 τὸ

336 4546 479 4635 μήνυμα,
509 4545 612 4628 εύδύς
639 4547 844 4640 πατριάρχης
871 4551 952 4633 έοτί,
979 4552 1038 4620 καί
1065 4548 1200 4631 οὐδενὸς
1226 4547 1329 4621 άλλου
1357 4556 1479 4635 δέεται,
1506 4549 1534 4619 εί
1550 4546 1589 4636 μὴ

332 4654 392 4715 τοῦ
412 4645 636 4734 ίνβρονισμοῦ
655 4648 770 4735 μόνου.
802 4651 871 4720 Καὶ
892 4653 1102 4743 προβληθεὶς
1123 4651 1172 4736 είς
1191 4654 1258 4745 τὴν,
1271 4651 1444 4747 έιειλησίαν
1465 4653 1589 4742 ἔρχεται,
