3336 5302
926 397 1000 472 368

326 577 561 708 μυστηρίων,
600 581 702 664 εἶς’
684 605 820 679 αφεοιν
857 579 1074 678 ἁυαρτιιῦν,
1110 577 1174 654 καὶ
1210 584 1260 663 ελς
1295 577 1396 675 ζωὴν
1434 577 1581 656 αλοίνιον.

317 679 446 780 ’66
481 696 561 777 Καὶ,
1651 769 1652 780 τ

414 807 489 875 Τοῦ
516 797 668 875 δείπνου
696 822 764 873 σου
790 807 858 873 τοῦ
884 805 1067 928 μυστικοῦ
1094 797 1268 895 σήμερον,
1306 797 1363 874 υλὲ
1392 803 1495 888 Θεοῦ,
1518 829 1579 874 κοι-
1651 825 1652 878 z

324 899 451 978 νωνόν
486 930 531 996 με
559 897 862 998 παράλαβε·οῦ
897 900 948 997 μὴ
985 900 1059 1029 γάρ
1085 908 1162 984 τοῖς
1187 904 1338 1030 ἐχθροῖς
1364 924 1434 975 σου
1460 899 1500 974 τὸ
1523 930 1582 996 μιε

326 1001 477 1101 στόριον
503 1007 605 1091 εἴπω,
633 1003 678 1078 οὐ
705 997 848 1102 φίληυά
875 1024 933 1076 σοι
960 999 1072 1077 δώσω
1098 999 1316 1099 καθάπερ
1298 1032 1318 1077 ο
1338 999 1578 1092 Ἰοόδαςάλλ

326 1105 377 1189 ὡς
403 1104 422 1180 6
449 1103 582 1201 ληστής
607 1102 777 1207 ὁμολογῶ
804 1127 879 1178 σοι·
907 1100 1100 1201 μνήσθητί
1125 1133 1214 1200 μου,
1241 1101 1368 1204 Κύριε,
1393 1107 1437 1180 ἐν
1461 1133 1503 1200 τη
1488 1105 1652 1240 ”-,βαλ

325 1207 442 1304 σιλείᾳ
469 1231 538 1280 σου
564 1233 596 1306 p.
608 1210 695 1282 224.
728 1218 808 1301 Καὶ,

410 1338 535 1439 Κύριε,
563 1341 631 1416 οῦκ
657 1339 732 1436 ελμὶ
757 1341 870 1428 ἄξιος,
905 1338 1015 1415 λνα’
994 1337 1067 1414 υπὸ
1093 1339 1162 1436 τὴν
1186 1339 1360 1438 ῥυπαρὰν
1385 1339 1516 1466 στέγην
1532 1349 1583 1466 τῆς

326 1449 449 1541 ψυχῆς
474 1471 550 1538 μου
577 1441 756 1537 ελςέλθης·
784 1441 857 1514 ἀλλ’
881 1440 931 1524 σλς
955 1439 1178 1526 κατεδὲξω
1163 1471 1204 1515 εν
1231 1441 1410 1539 σπηλαίῳ,
1437 1441 1498 1516 καὶ
1522 1440 1583 1540 φά·
1651 1441 1652 1514 λ

326 1573 394 1639 τνη
422 1541 606 1672 ἀλόγων
598 1544 862 1640 ἀνακλιθῆναι,
896 1541 959 1619 καὶ
985 1546 1026 1617 ἐν
1051 1550 1096 1640 τῆ
1124 1543 1221 1640 οἰκίᾳ
1248 1545 1427 1640 Σίμωνος
1452 1552 1515 1618 τοῦ
1538 1553 1584 1616 λε·
1651 1569 1652 1664 ρ

327 1653 437 1743 προῦ,
471 1643 535 1719 καὶ
567 1643 636 1741 τὴν
671 1641 805 1740 ὁμοίαν
837 1671 912 1742 μου
938 1641 1082 1772 πόρνην
1107 1645 1177 1742 τὴν
1202 1645 1427 1743 ἁμαρτωλὸν
1438 1673 1583 1774 προςερ-

323 1748 489 1876 χομένην
528 1771 585 1822 σοι
619 1744 930 1842 καταδεξάμενος·
963 1745 1086 1835 αὐτὸς
1118 1745 1351 1832 καταξίωσον
1386 1747 1451 1821 καὶ
1481 1751 1519 1822 ἐν
1546 1755 1581 1840 τι]

328 1846 452 1946 φάτνῃ
486 1856 550 1942 τῆς
583 1845 721 1947 ἀλόγου
749 1877 830 1976 μου
856 1855 990 1946 ψυχῆς,
1027 1847 1091 1922 καὶ
1116 1878 1157 1923 εν
1183 1855 1236 1946 τῷ
1263 1848 1526 1947 ε’σπιλωιιλνφ
1525 1875 1582 1920 σου
1651 1919 1652 1922 ,

327 1948 473 2041 σάματι
498 1952 674 2033 ελςελθεῖν
700 1957 769 2024 τοῦ
793 1957 940 2046 νεκροῦ,
966 1949 1030 2024 καὶ
1055 1957 1207 2044 λεπροῦ·
1235 1950 1299 2024 καλ
1324 1949 1375 2033 ιὸς
1401 1951 1470 2026 οῦκ
1494 1917 1582 2046 ε’βδε-
1651 1967 1652 2006 1

326 2051 423 2136 λύξω
456 2051 499 2126 τὸ
533 2049 654 2146 στόμα
686 2051 729 2126 τὸ
763 2051 931 2148 ῥυπαρὸν
963 2059 1028 2147 τῆς
1053 2049 1191 2147 πόρνης
1215 2048 1490 2150 καταφιλούσης
1512 2049 1583 2132 τοὺς
1651 2007 1652 2100 λ

327 2151 541 2282 ἀχράντους
562 2178 630 2228 σου
657 2150 852 2242 πόδας,
815 2152 914 2226 οὕτω
941 2153 1114 2242 δέσποτα,
1151 2153 1218 2228 Θεέ
1239 2181 1327 2250 μου,
1364 2153 1416 2249 μὴ
1442 2149 1581 2250 βδελόξη
1651 2151 1652 2224 3

326 2256 389 2330 καὶ
415 2253 478 2352 ἐμὲ
503 2255 571 2330 τὸν
596 2253 836 2352 ἁμαρτωλὸν·
874 2255 947 2328 ἀλλ
978 2253 1029 2338 ιὸς
1055 2254 1203 2358 ἀγαθὸς
1235 2253 1298 2329 καὶ
1332 2251 1582 2378 φιλάνθρωπος

328 2354 489 2533 6566666
522 2385 568 2452 με
601 2354 785 2432 κοινωνὸν
809 2356 988 2457 γενέσθαι
1013 2364 1082 2430 τοῦ
1117 2357 1304 2457 παναγίου
1341 2355 1511 2453 στόματος
1532 2382 1582 2429 κω
1651 2449 1652 2476 ρ

327 2461 442 2555 αι’ματ
466 2487 484 2542 ς
510 2482 589 2533 σου.

407 2575 451 2653 ‘0
479 2574 628 2671 Θεὸςᾉ
570 2584 700 2700 Ηρητιῦν
726 2573 823 2663 άνες,
850 2577 954 2676 ἄφες,
982 2573 1227 2704 συγχώρησόν
1250 2603 1316 2674 μοι
1333 2575 1381 2650 τὰ
1392 2569 1582 2752 ἐπαραπτιό
1651 2617 1652 2626 1

326 2674 428 2773 ματά
454 2706 542 2773 σου,
570 2675 640 2752 ὅσα
667 2703 725 2752 σοι
749 2676 930 2775 ἥμαρτον,
958 2683 1028 2753 εἴτε
1054 2682 1095 2753 ἐν
1119 2673 1269 2806 γνιόσει,
1295 2682 1365 2752 εἴτε
1392 2675 1582 2807 ἐνάγνοίη,
1651 2707 1652 2772 ss

327 2783 397 2854 εἴτε
422 2782 464 2853 ἐν
490 2781 600 2906 λόγῳ,
628 2783 696 2852 εἴτε
723 2783 764 2854 ἐν
790 2780 886 2880 ἔργῳ
912 2781 1066 2877 ἔπραξα·
1103 2777 1226 2854 πάντα
1252 2807 1317 2875 μοι
1330 2777 1583 2906 συγχώρησφ,
1651 2863 1652 2878 ρ

328 2879 379 2963 ιὸς
404 2880 577 3008 ἀγαθὸς
576 2907 639 2955 και
627 2878 943 2979 φιλάνθρωπος·
971 2888 1052 2964 ταῖς
1076 2879 1287 2979 πρεσβείαις
1303 2889 1368 2976 τῆς
1384 2876 1583 2975 παναχράν-
1651 2939 1652 2950 ,

326 3011 395 3056 του
421 3009 490 3057 σου
516 3010 579 3056 και
567 2981 846 3112 ἀειπαρθόνου
872 2983 1010 3080 μητρὸς
1028 2982 1282 3079 ἀκατακρίτως
1299 2981 1463 3067 ἀξίωσόν
1479 3011 1519 3073 με
1536 2979 1584 3053 δε·
1651 3015 1652 3030 ¹

328 3087 471 3212 ξαρθαι
494 3084 537 3157 τὸ
563 3084 688 3179 τίμιον
713 3084 777 3160 καὶ
802 3085 991 3182 ἄχραντον
1017 3083 1126 3180 σῶμά
1154 3109 1235 3174 σου,
1263 3089 1355 3168 ελς”
1338 3107 1442 3159 τοισιν
1467 3089 1583 3178 ψυχῆς,

327 3186 391 3259 καὶ
417 3183 600 3280 σιόμ.ατος
628 3185 683 3260 ὁτι
711 3194 781 3260 σοῦ
805 3189 906 3260 εστιν
930 3217 953 3282 τ
979 3186 1163 3282 βασιλεία,
1196 3186 1259 3261 καὶ
1283 3217 1306 3282 η
1293 3184 1504 3274 “δύνοιυις,
1534 3180 1584 3256 καί

325 3317 349 3384 η
336 3283 467 3372 δόξα
494 3292 544 3371 ελς
569 3286 656 3370 τοῦς
682 3292 823 3371 αλιῦνας
847 3296 926 3362 τῶν
943 3223 1162 3376 ‘6666’
1143 3285 1254 3386 αμήν.

412 3419 482 3487 Καὶ
503 3419 749 3488 τελευταῖον
714 3445 763 3501 το,
802 3402 869 3501 Μή
903 3435 967 3498 μοι
1003 3411 1053 3489 εἰς
1087 3412 1216 3503 κρῖμα,
1252 3407 1276 3534 6
1308 3411 1359 3490 ελς
1391 3401 1587 3502 κατάκριμα

327 3507 470 3608 γίνοιτο
496 3507 518 3602 ἡ
545 3506 748 3602 μετάληψις
773 3513 851 3634 τιὸν
878 3507 999 3608 ἁγίων
1024 3531 1093 3582 σου
1099 3507 1344 3646 μυστηρίων,
1371 3506 1498 3607 Κύριε,
1522 3501 1581 3582 ἀλλ

330 3613 381 3692 69
405 3612 507 3683 ἴασίν
533 3615 655 3704 Ψυχῆς
679 3608 742 3683 καὶ
769 3635 951 3700 σωματος
991 3623 1061 3690 Καὶ
1075 3621 1164 3692 οὸτω
1177 3620 1474 3710 μεταλαμβανουσι
1486 3647 1540 3690 τοι
1560 3619 1585 3685 εἰ·

327 3723 419 3808 χερσὶ
444 3723 529 3846 μετρλ
556 3720 667 3813 φόβου
693 3722 751 3791 καὶ
776 3720 891 3811 πάσης
916 3721 1113 3814 ἀσφαλείας.
1156 3719 1283 3792 Ελτα’
1263 3725 1419 3806 αναστὰς,
1442 3719 1584 3812 λαμβάνει
1651 3799 1652 3814 ¹

328 3829 403 3903 ταῖς
428 3824 538 3914 χερσιν
567 3819 776 3914 ἀμφοτέραις
799 3824 886 3912 μετὰ
910 3823 1124 3912 καλόμματος
1150 3823 1240 3936 τδ“
1218 3849 1313 3914 αγιον
1340 3824 1518 3940 ποτήριον,
1542 3821 1584 3889 καὶ

327 3923 577 4010 μεταλαμβάνει
597 3923 709 4038 τρίτον
731 3923 830 4010 ἕξ’
789 3933 901 4009 αυτοῦ,
924 3913 1125 4015 λέγων·Γο
1150 3911 1275 4008 τίμιον
1300 3912 1363 3988 καὶ
1383 3941 1407 3986 α
1435 3909 1583 4002 1066666

328 4021 396 4087 τοῦ
429 4015 572 4111 Κυρίου
604 4012 667 4088 καὶ
704 4017 797 4089 Θεοῦ
829 4015 893 4090 καὶ
926 4021 1099 4141 ‹5666903
1121 4013 1232 4112 ἡμῶν
1263 3941 1547 4149 μεταδίδωσί
1535 4035 1583 4100 ,21⁰¹

328 4135 388 4217 (τῷ
410 4130 505 4212 δεῖνι)
531 4116 622 4254 ἱερεῖ
653 4119 703 4199 ελς
736 4115 872 4215 ἀφεσίν
898 4145 973 4212 μου
1000 4115 1197 4215 ἁμαρτιῶν
1221 4118 1286 4192 καὶ
1311 4122 1361 4202 ελς
1387 4113 1486 4260 ζωὴν
1512 4105 1585 4188 αλά·

328 4242 427 4291 νων·
458 4231 516 4298 καὶ
541 4229 629 4299 οὕτω
657 4229 700 4298 τά
725 4256 763 4299 τε
790 4229 864 4302 ἴδια
889 4230 991 4322 χείλη,
1022 4231 1079 4300 καὶ
1105 4240 1165 4301 τοῦ
1188 4229 1279 4322 λεροῦ
1299 4231 1472 4323 ποτηρίου,
1499 4224 1585 4332 τηλξι

326 4331 419 4415 χερσὶ
445 4327 683 4418 καλύμματ’
663 4331 927 4420 αποσπογγίσας,
957 4335 1053 4402 καλεῖ
1077 4333 1136 4402 τὸν
1158 4331 1323 4414 διάκονον,
1351 4333 1473 4456 λέγων·
1508 4309 1585 4390 Διά

327 4444 425 4505 nove,
450 4417 639 4516 πρόσελθε
676 4430 785 4502 Kaz‘
767 4459 785 4502 ο
810 4432 1007 4516 διάκονος’
985 4461 1124 4549 ερχεται,
1151 4435 1207 4504 καὶ
1228 4460 1402 4523 προςκυνει
1388 4430 1521 4516 ἅπαξ,
1541 4425 1585 4496 66—

328 4555 408 4641 γων·
424 4521 522 4596 Ιδου
540 4550 785 4616 προςερχουαι
805 4550 858 4618 τω
841 4521 1063 4620 αθανατω
1080 4527 1243 4598 Βασιλεῖ.
1271 4536 1343 4606 Κατ
1356 4562 1396 4606 w
1383 4514 1584 4602 Πιστεύω
1651 4611 1652 4614 ¹

329 4617 455 4717 Κύριε,
482 4623 544 4698 καὶ
571 4623 757 4724 ὁμολογῶ·
798 4635 892 4706 ὅλον·
914 4663 970 4706 και
962 4635 1120 4727 λέγειι
1101 4663 1120 4707 ο
1138 4635 1254 4728 ἱερεύς.
1307 4615 1584 4722 Μεταλαμβάνει
1651 4677 1652 4696 ι
