3416 5290
932 351 1008 426 668

864 529 1072 604 Θεοτόκιον.

417 645 456 719 ‘0
481 649 593 740 χερσίν
620 647 799 742 ἀκηράτοις
817 649 1003 742 μορφώσας
1022 675 1066 738 με
1085 647 1191 720 πάλιν
1212 645 1451 740 άνεμόρφωστν
1471 645 1594 740 ὐχριιο-

324 751 441 826 δόντα
462 753 588 834 δεινῶς,
610 751 646 822 ἐκ
667 759 726 844 τῆς
747 750 888 842 γαστρός
902 775 981 836 σου,
995 753 1181 836 Δέσποινα,
1206 750 1595 842 πρσςλαβώνμττελτίας

334 851 381 936 ώς
400 847 635 942 εὐσπλαγχνος.
831 891 837 899 -

417 952 549 1038 Ἰθίνας
574 955 662 1045 πρὸς
687 955 786 1026 σὸ
747 979 809 1036 τας
828 951 929 1038 όδσάς
948 979 1026 1042 μου,
1049 952 1188 1045 urm,
1213 981 1272 1026 και
1261 955 1353 1047 την
1371 895 1512 1044 καρδίαν
1529 980 1593 1041 μου,

336 1053 556 1128 ἀνακαινώσει
582 1055 683 1128 θείου
709 1053 901 1144 πνεύματος
920 1057 1167 1127 παλαιωθέντα
1187 1053 1400 1127 άνάπλσσσν·
1414 1054 1524 1148 Ντῆς
1506 1083 1594 1145 αγαι-

333 1156 434 1252 σύνης
458 1165 507 1249 τῷ
532 1157 649 1229 κάλλει
667 1157 884 1242 καλλιυπόσας
902 1157 1036 1246 βοώντά
1057 1182 1123 1242 σοι,
1155 1155 1371 1252 εὐλογητὸς“
1352 1183 1372 1229 ο
1395 1159 1485 1240 Θεὸς
1503 1154 1522 1226 ό
1540 1165 1594 1227 τών

335 1257 531 1350 πατίρων’
511 1267 615 1351 ημῶν.

328 1363 331 1371 ’
420 1361 546 1450 Χειρὸς
571 1364 684 1445 δεξιᾶς
710 1369 770 1453 τῆς
795 1359 931 1453 ὐμῆς“
905 1389 951 1444 ως
977 1359 1110 1450 ἀγαθὸς
1136 1360 1381 1452 ἐπιλαβόμενος
1401 1330 1490 1449 πρὸς
1508 1361 1593 1429 πολι·

334 1459 429 1532 τοίαν
455 1487 511 1532 σοι
538 1459 726 1552 εὐάρεστον,
755 1463 1011 1554 εὐθυποροῦντα
1038 1461 1213 1548 ὐνάδειξον
1231 1489 1290 1534 και
1280 1465 1399 1552 πρὸς
1420 1461 1592 1552 τελεώτηια

326 1561 414 1652 ’βίου
436 1561 627 1652 ἀναβαίνειν
645 1563 778 1653 βοώντά
798 1589 864 1649 σοι,
886 1564 1063 1656 εὐλογητὸς
1083 1563 1102 1636 ό
1120 1565 1206 1648 Θεὸς
1224 1563 1325 1635 δτῶν
1337 1561 1525 1653 πατέρων“
1508 1571 1592 1652 ημῶν.

420 1661 595 1752 Ῥαύὐμως
621 1667 660 1736 τὸ
687 1667 768 1756 πρίν
795 1667 955 1758 διεξάγων
980 1668 1045 1737 τὸνΙ
1060 1665 1141 1755 ίμὸν
1161 1664 1237 1756 βίον
1258 1663 1277 1737 δ
1300 1665 1460 1751 δείλαιος,
1481 1667 1533 1735 σοί
1554 1671 1592 1753 τῷ

338 1765 487 1859 δωπότη
507 1775 565 1837 νῦν
584 1771 821 1860 προςόρχομαι,
842 1777 885 1862 σῇ
906 1771 1090 1852 πεποιθώς
1110 1766 1299 1862 άγαθάτητι
1319 1770 1377 1839 καί
1390 1774 1434 1860 τῇ
1447 1765 1592 1854 εὐσπλαγ-

334 1866 412 1961 χνίᾳ
432 1892 493 1939 σου
512 1867 597 1962 μόνη
617 1871 675 1940 καί
697 1869 901 1961 προςιτίπτω
921 1870 1111 1962 κραυγάζων
1132 1891 1205 1942 σοι·
1232 1867 1411 1962 εὐλογητὸς
1432 1865 1463 1938 εί
1483 1866 1592 1947 δθεὸς

336 1967 358 2040 δ
378 1975 445 2040 τών
464 1971 620 2061 πατέρων
639 1969 744 2062 ημῶν.

418 2068 527 2163 Ἱστίην
553 2081 698 2161 σταυρού
722 2073 780 2143 καί
800 2079 875 2156 ταῖς
896 2068 1015 2163 αὐραις
1034 2080 1096 2144 τοῦ
1115 2081 1242 2144 σεπτοῦ
1262 2073 1319 2142 καί
1339 2071 1443 2144 θείου
1462 2068 1590 2157 πνεύμσ-

336 2198 405 2256 τος,
432 2175 520 2262 πρὸς
546 2175 604 2245 τὸν
625 2177 743 2262 λιμένα
764 2173 997 2266 καθοδήγησον
1016 2183 1078 2246 τοῦ
1099 2183 1161 2244 σοῦ
1181 2173 1318 2258 ίνδόξου
1339 2173 1528 2265 θελήματος
1543 2171 1589 2240 καί

329 2276 424 2363 ’πρὸς
444 2275 591 2366 οὐρανῶν
617 2277 811 2368 κληρουχίαν
836 2278 893 2348 καί
914 2275 1058 2360 ἀξίωσον
1077 2274 1222 2369 ψάλλειν
1243 2301 1314 2346 σοι·
1342 2272 1516 2366 εὐλογητὸς
1532 2267 1558 2341 εί
1575 2267 1590 2340 6

341 2377 427 2460 Θεὸς
448 2375 467 2446 6
488 2385 555 2447 τῶν
575 2380 730 2468 πατέρων
751 2376 854 2470 ἡμῶν.
966 2439 971 2448 .

881 2493 1072 2566 Θεοτόκιον.

327 2647 332 2656 ·
420 2619 561 2703 Σωτῆρα
584 2615 671 2685 Θεὸν
689 2614 747 2683 καί
766 2619 829 2682 τοῦ
848 2611 972 2700 κόσμου
995 2614 1170 2704 λυτρωτὴν,
1193 2611 1357 2702 Πάναγνε,
1391 2601 1588 2691 rme-6

336 2717 395 2782 νῦν
422 2713 578 2797 δυςώπει,
606 2715 666 2806 τὴν
692 2712 896 2804 εὐπρέπειαν
921 2722 987 2784 τών
1014 2713 1139 2808 άρετών
1165 2716 1223 2785 καί
1244 2712 1456 2807 φαιδρότητα
1476 2711 1527 2782 καί
1543 2708 1589 2797 τὸν

328 2821 398 2906 τῆς
426 2812 593 2907 διοκήσεως
618 2815 713 2906 χάριν
735 2814 908 2910 άμφιᾶσαι
927 2819 1006 2900 τούς
1026 2817 1237 2910 ψάλλοντας·
1259 2814 1460 2908 εὐλογημένη
1480 2811 1499 2905 ἡ
1520 2811 1588 2882 Θεὸν

336 2917 435 3010 σαρκί
454 2915 615 3007 κυήσασα.

327 3043 330 3048 ’
427 3017 660 3108 Τροπάριον’
640 3025 719 3111 ημῖν
739 3021 825 3089 κατὰ
845 3026 906 3090 τοῦ
928 3016 1145 3108 διαβόλου
1110 3045 1169 3089 τον
1189 3025 1249 3088 τοῦ
1270 3025 1417 3108 σταυρού
1432 3042 1490 3088 σου
1503 3013 1588 3084 τόποι

339 3121 501 3208 δέδωκας,
532 3113 631 3191 ἐν
601 3151 627 3213 ην
655 3120 906 3209 καταβάλλομεν
932 3123 976 3190 τδι
1003 3118 1128 3192 ἐκείνου
1153 3147 1371 3213 μηχανηματα
1397 3120 1456 3190 καί
1482 3110 1588 3206 πονηρὰ

328 3223 549 3316 φρυάγματα,
571 3222 759 3312 κραζόντες·
782 3219 947 3312 εὐλογεῖτε
968 3221 1140 3292 πάντατά
1161 3221 1240 3311 εργα
1258 3220 1385 3310 Κυρίου
1402 3222 1462 3291 τὸν
1474 3217 1587 3306 Κίριοι.

413 3321 610 3408 ’zamae‘
590 3331 670 3417 ημῖν
695 3325 734 3395 τὸ
763 3323 933 3395 δύνασθαι
953 3325 1013 3415 τὴν
1031 3323 1129 3416 χάριν
1150 3321 1376 3394 ἀνανεοῦσθαι
1405 3329 1466 3392 τοῦ
1485 3313 1586 3408 βαπτί-

338 3451 474 3515 σματος,
503 3424 553 3497 δι’
576 3425 827 3517 δξαγορεύσεως,
859 3427 917 3495 διὰ
937 3424 1015 3512 βίου
1035 3425 1276 3517 καθαρότητος,
1305 3426 1363 3495 διὸ
1384 3422 1529 3515 δακρύων
1543 3414 1587 3503 χί-

337 3552 422 3609 σεως
442 3555 499 3598 και
490 3529 579 3598 διὰ
598 3526 777 3616 μετανοίας
797 3526 1029 3620 γνησιωτάτης,
1057 3525 1294 3618 Φιλάνάρωπε.

423 3628 531 3722 Πάθη
552 3636 611 3722 τῆς
631 3629 753 3717 σαρκὸς
773 3635 821 3720 τῷ
843 3657 889 3720 νην
873 3627 1148 3712 ”καθυποτάξαι
1169 3624 1217 3698 δι’
1234 3624 1425 3718 ἐγκρατείας
1438 3626 1493 3697 καί
1506 3617 1587 3748 6616-

339 3755 425 3812 σεως
445 3727 618 3820 παράσχου
639 3737 712 3813 τοῖς
732 3730 866 3812 δούλοις
888 3754 966 3800 σου·
989 3731 1048 3800 διὰ
1068 3729 1202 3820 τρόπων
1218 3727 1435 3819 βελτιώσεως,
1458 3723 1503 3797 δι’
1517 3721 1587 3793 ὐπο-

339 3839 400 3923 χῆς
419 3839 481 3900 τοῦ
500 3830 648 3921 χείρονος
667 3833 805 3924 καὶτῆς
826 3830 1046 3902 ἀδιαλείπτου
1067 3837 1133 3901 τών
1155 3831 1294 3901 ἐντολῶν
1316 3854 1377 3899 σου
1398 3827 1560 3922 τηρησεως.

415 3925 616 4004 ’Ἇνωθενί
596 3941 676 4026 ημῖν
702 3941 762 4026 τῆς
786 3941 846 4025 σῆς
867 3931 1044 4015 υἱοθεσίας
1063 3934 1142 4015 τούς
1160 3959 1367 4024 χαρακτηρος
1388 3928 1585 4004 άνακαίνισοι,

339 4039 399 4104 τοῦ
421 4032 519 4104 θείου
547 4060 607 4105 σου
628 4033 819 4124 πνεύματος
841 4031 986 4128 ἐνεργείᾳ
1006 4061 1043 4104 τε
1063 4036 1120 4104 καὶ
1139 4033 1260 4123 χάριτι,
1288 4031 1333 4115 ώς
1352 4031 1454 4121 μόνος
1474 4025 1585 4100 εὐδιάλ-

339 4137 468 4218 λακτος,
490 4137 597 4230 τέχνη
606 4136 868 4230 φιλανθρωπίας
888 4137 945 4206 καί
966 4135 1160 4206 άνεικάστου
1178 4134 1406 4228 χρηστότητος.

878 4269 1068 4342 Θεοτόκιον.

421 4385 531 4478 Ῥῆξον
557 4391 618 4471 τδις
645 4391 759 4479 σειρὰς
784 4389 846 4472 τὰς
866 4397 931 4458 τών
953 4388 1197 4482 ἁμαρτημάτων
1216 4389 1273 4459 καί
1295 4387 1457 4481 ἁμαρτίας
1475 4385 1510 4456 τὸ
1524 4405 1580 4468 χει·

339 4485 507 4581 ρόγραφον
528 4497 588 4562 τοῦ
608 4518 655 4582 την
675 4490 763 4584 δοίη)
790 4488 933 4580 σχήματι
953 4490 1150 4581 προςιόντος
1171 4489 1343 4583 ἱλαρότητι
1361 4517 1418 4562 και
1410 4479 1578 4574 εὐλαβείᾳ.

334 4589 504 4680 Πάνογνε,
525 4593 640 4663 πίστει
660 4599 700 4686 τῇ
721 4590 898 4686 ὐρδοδόξηι
920 4593 1148 4685 ίρηρεισμένον
1169 4591 1392 4688 φυλάττουσα.
