3394 5308
715 398 764 472 47

99 580 228 644 irasciet
247 579 381 654 worden,
402 581 471 644 cocil
491 599 526 644 cr
546 582 669 646 dicroll
690 582 826 648 dorsalia
842 586 893 648 ist.
924 584 1032 666 Mdpco
1045 585 1125 648 ancl
1137 585 1270 650 llcincrc
1284 587 1381 652 Sdtse

97 685 163 746 sad
182 683 320 746 cimina
338 681 448 757 Wortc,
472 684 518 746 dic
539 683 588 746 iol
609 685 785 767 augeiolrt,
808 685 856 749 als
877 685 1087 750 ondcdcutmd
1107 690 1283 768 cormerico
1298 709 1379 754 coer-

98 785 166 857 dea.
193 803 229 848 ro
259 784 380 848 tractu
407 784 456 848 iol
475 785 616 865 soluenda
637 786 771 850 Puultc:
811 791 841 864 1)
863 786 919 849 liic
942 786 1081 850 otnttctt
1101 789 1303 870 liinriclttuag
1324 793 1380 858 dor

96 884 265 966 Prasotion
294 887 360 949 und
382 888 435 948 cler
455 886 712 969 lusommcalortg
733 888 816 952 iltrcs
838 887 957 951 lnlolto
981 887 1078 951 durch
1099 891 1146 954 dic
1167 890 1379 972 Scldpsongc-

94 986 261 1066 gcsclticlte
282 989 348 1051 uad
368 989 414 1052 dic
434 986 637 1069 liestimmuop
659 991 708 1052 dcc
732 989 902 1052 llcnsclca.
932 992 964 1066 2)
986 990 1043 1052 Dic
1064 989 1303 1071 Scllusssormcl
1323 994 1379 1055 der

98 1087 263 1169 Prdsotioa
291 1089 356 1152 und
383 1091 432 1153 dcc
453 1088 596 1152 Sanctus.
641 1091 673 1168 3)
705 1090 762 1154 Die
783 1089 981 1171 Erudloouag
1007 1091 1061 1154 der
1083 1091 1285 1156 Patriorcltcu
1312 1095 1378 1156 uad

98 1191 153 1253 der
173 1189 350 1270 Propltotcu
373 1188 457 1253 Elios
477 1192 542 1254 uad
563 1191 697 1254 Elisdus.
742 1196 775 1270 4)
806 1192 870 1254 Dos
898 1191 1137 1274 licspousorium
1165 1213 1232 1274 pao
1264 1195 1381 1259 domeni

96 1295 138 1353 cit
158 1310 279 1372 semper
299 1291 470 1366 valiscum
495 1301 523 1354 ct
546 1311 613 1356 cum
635 1297 747 1374 spiritu
771 1304 833 1356 too.
878 1298 910 1372 5)
931 1292 988 1356 Dic
1010 1293 1222 1357 Seclcnmcsce.
1254 1295 1292 1358 ln
1314 1297 1377 1359 dic-

96 1413 148 1455 sca
168 1393 311 1456 Punltco
334 1393 452 1473 langen
475 1393 521 1456 dic
544 1392 740 1456 lateinisclca
764 1393 854 1458 lente
873 1398 928 1456 mit
950 1396 1006 1458 dccc
1028 1393 1202 1474 Sotzuugcu
1224 1398 1281 1460 dor
1294 1401 1377 1478 Apo-

96 1493 155 1558 stel
173 1494 301 1575 specc‘cll
321 1512 506 1556 zusammen.
529 1527 571 1539 -
593 1494 697 1558 Diores
719 1481 930 1560 Sommclcoerlt
951 1496 1003 1559 lot
1024 1500 1110 1559 ct‘ncu
1125 1495 1290 1573 jotdiscltcu
1315 1497 1376 1560 Ur-

96 1615 212 1677 rprtutg
233 1597 300 1659 uad
319 1595 503 1676 griecltiocltc
525 1595 707 1677 lisossuog,
734 1602 788 1661 uic
811 1599 857 1660 dic
877 1608 981 1662 cretea
1003 1597 1198 1662 oltristliclcu
1218 1597 1377 1679 Schriften

96 1698 279 1778 idmdnnpt,
314 1717 345 1760 cs
377 1697 454 1762 siclt
486 1716 542 1760 nuo
576 1700 630 1760 wic
664 1701 712 1762 cia
745 1698 933 1761 clrrttliclcs
955 1696 1146 1762 Scitcustctclr
1166 1719 1239 1762 zum
1261 1700 1375 1764 dritten

96 1798 194 1862 ducite
217 1800 269 1861 dcc
292 1798 422 1878 Mogses.
467 1799 507 1860 Es
530 1799 634 1862 courdc
656 1817 715 1862 oon
729 1799 964 1862 ludcuclrirtcn
984 1801 1203 1880 prosarutlrcils
1226 1802 1373 1882 occsasst,

97 1901 173 1963 dean
202 1901 250 1962 dic
273 1899 429 1963 nationale
450 1899 621 1980 liezicltuog
643 1900 704 1980 aus
721 1901 775 1963 dos
797 1900 857 1962 alte
882 1899 1050 1962 leatamcnt
1071 1905 1140 1962 tritt
1161 1901 1283 1965 siderali
1304 1902 1374 1965 ler-

96 2021 160 2064 εον.
205 2000 457 2064 llcideucltriotau
479 2001 613 2064 inantea
635 2001 699 2064 siclo
719 2002 802 2064 uiolet
823 2001 870 2064 als
892 2000 1113 2082 totommttnoc
1136 2003 1197 2082 uus
1214 2003 1271 2064 deo
1285 2001 1376 2066 Votcr

95 2103 248 2164 torotom
271 2101 412 2164 deziclca
433 2104 499 2165 und
520 2103 622 2174 litteo,
645 2106 677 2164 iot
695 2107 797 2166 scinco
812 2102 926 2166 Scitooo
941 2102 1170 2183 ausgcuomoteo
1183 2121 1225 2166 zu
1241 2104 1372 2166 werden.

95 2203 294 2282 llerglcicloea
326 2203 450 2285 speciali
476 2191 617 2281 jodiscle
639 2203 716 2285 Zttpc
744 2205 813 2266 siud
840 2203 914 2266 oielc
935 2205 967 2264 itt
990 2203 1055 2265 dem
1081 2203 1213 2266 ll'crlc.“
1257 2203 1373 2278 Quodsi

95 2305 229 2366 lubenter
258 2305 450 2368 concedimus
477 2303 601 2366 multum
631 2323 701 2366 esse
722 2303 952 2368 necessitudinis
974 2313 1004 2365 ct
1024 2304 1241 2368 coniunctionis
1263 2305 1373 2368 Missae

95 2406 260 2468 Gallicanae
287 2409 355 2484 (nec
382 2423 442 2466 non
464 2403 677 2467 imbrosianae
705 2414 735 2468 et
756 2404 966 2479 llozarahicae)
996 2423 1062 2468 eum
1088 2404 1280 2481 clementina,
1314 2408 1373 2470 hoc

98 2515 302 2586 argumentum
333 2505 412 2586 quod
434 2505 470 2568 nb
488 2505 722 2586 patriarcharum
746 2514 776 2568 et
796 2505 1008 2586 prophetarum
1030 2507 1173 2568 memoria
1194 2508 1370 2570 arcessitum

95 2617 149 2683 cst,
176 2626 239 2671 non
269 2606 460 2688 suscipimus.
503 2606 580 2669 Num
609 2606 735 2668 iudaizat
766 2607 911 2670 hodierna
932 2607 1063 2670 Romana
1097 2608 1232 2685 ecclesia,
1261 2610 1369 2690 depre-

94 2727 158 2772 cans
181 2709 213 2771 in
236 2709 330 2771 llissa
352 2727 406 2788 pro
430 2708 591 2770 defunctis:
616 2739 657 2752 ·-
686 2718 715 2770 ct
736 2719 861 2770 caoctus
885 2708 1014 2772 Mioloocl
1034 2720 1242 2790 repraesentet
1264 2697 1371 2775 cos'itt

95 2811 187 2873 laceat
210 2821 359 2883 sanctam,
383 2829 470 2892 quom
486 2810 556 2873 olim
566 2813 742 2890 promisisti
754 2810 893 2879 liraldo
907 2820 937 2873 ct
947 2814 1056 2872 semini
1068 2809 1155 2872 uus?
1183 2810 1227 2872 dn
1242 2811 1369 2874 ludaeo-

95 2912 296 2974 Christianum
320 2931 354 2974 se
376 2913 531 2992 profitetur
553 2911 692 2974 sacerdos
715 2911 836 2991 sponsis
858 2909 1075 2973 benedicendo:
1103 2910 1186 2974 liceto
1208 2912 1370 2988 lirnium,

94 3015 178 3078 lcaac
200 3026 231 3077 ct
255 3012 345 3076 locod
367 3017 408 3076 rit
428 3014 684 3077 vobiscum-sit
704 3031 818 3094 sponso
839 3012 976 3076 amabilis
999 3023 1034 3075 ut
1048 3010 1170 3086 Roclcl,
1192 3017 1314 3096 sapiens
1335 3027 1371 3079 ut

95 3115 229 3189 ledaco,
254 3114 402 3194 longaevo
423 3126 452 3178 ct
471 3115 570 3196 fidelis
592 3113 729 3177 utSoro.
753 3114 828 3186 Quis
850 3115 969 3193 inquam
991 3113 1179 3177 Lutheranos
1199 3117 1368 3196 poetaslu-

94 3217 193 3279 daisrm
218 3225 350 3288 accuset,
373 3222 539 3277 cantantes:
562 3214 669 3278 lindie
685 3215 885 3277 Potriorclocu
901 3215 1035 3288 uolunta,
1060 3217 1106 3278 dic
1120 3213 1293 3295 Proplctcu
1308 3217 1370 3279 oll-

94 3319 202 3390 ctuuol,
226 3317 289 3378 vel:
312 3316 431 3398 Sprocll
451 3321 505 3379 mit
522 3315 666 3398 Triumplt
680 3316 744 3378 uod
758 3315 900 3396 Prougeu
916 3316 969 3376 der
989 3316 1107 3388 ‚,licde“
1121 3314 1214 3378 Jocod
1229 3318 1312 3379 aicit
1327 3349 1368 3362 -

94 3420 149 3482 rel:
177 3419 239 3481 Wie
261 3417 387 3500 planato
409 3414 508 3482 Mosco
523 3417 607 3480 llout
630 3417 676 3480 olo
699 3435 734 3478 cr
757 3417 804 3479 dci
817 3415 889 3480 Gott
909 3435 1042 3497 geneceo
1063 3418 1127 3479 und
1150 3419 1252 3479 scinco
1268 3417 1367 3484 atone

94 3517 260 3600 precinui?
281 3519 402 3582 llinime
425 3537 506 3581 vero.
535 3518 722 3582 Patriarchac
743 3526 773 3581 et
793 3517 958 3599 prophetae
971 3511 1057 3582 κατὰ
1073 3519 1205 3600 πνεῦμα
1220 3519 1367 3584 Christia-

94 3641 209 3699 norum,
232 3621 285 3702 qui
307 3639 410 3682 rernm
432 3629 463 3682 et
484 3620 636 3702 spirituale
647 3620 737 3682 lsrael
752 3619 891 3694 efficiunt,
906 3619 1010 3700 proavi
1024 3628 1103 3694 sunt,
1126 3619 1236 3681 lurein
1251 3639 1369 3684 memo-

95 3726 132 3786 ria
154 3721 306 3786 retinendi
328 3720 500 3784 occulendi
522 3721 632 3801 pietate
653 3728 805 3802 nepotum.
848 3721 887 3784 Et
908 3728 1022 3783 tantum
1044 3719 1128 3784 abest
1149 3730 1182 3784 ut
1204 3720 1367 3801 Liturgiam

95 3825 252 3888 Clementis
285 3822 433 3884 iudaizare
465 3821 580 3902 opiner,
614 3830 647 3884 ut
678 3840 743 3884 eam
763 3821 916 3884 Paulinam
948 3821 1072 3884 dixerim
1103 3823 1148 3884 uel
1180 3823 1212 3886 in
1244 3823 1368 3886 ecclesia

94 3927 207 3988 Paulina
224 3924 423 4008 progenitam.
440 3922 545 3986 Omnis
558 3923 637 3984 enim
654 3924 717 3984 eius
734 3921 860 3985 elocutio
873 3922 910 3984 ad
925 3923 1184 3986 sermonemPauli
1195 3943 1366 3988 accommo-

95 4028 154 4090 data
177 4035 234 4102 est,
257 4025 379 4108 plurimi
399 4023 593 4104 plurimarum
615 4021 782 4086 orationum
803 4021 887 4086 uerri
902 4041 919 4086 e
933 4023 1016 4087 Pauli
1032 4023 1166 4106 epistolis
1180 4025 1264 4107 petiti
1280 4033 1367 4088 sunt:

96 4129 180 4192 immo
210 4127 351 4208 singulae
379 4145 467 4188 voces
489 4135 560 4188 sunt
581 4145 654 4206 quas
676 4125 808 4206 Liturgia
831 4125 972 4206 singulari
993 4126 1183 4191 veneratione
1204 4127 1366 4208 prosequi-

96 4231 176 4308 tur.¹)
220 4229 260 4293 Ut
281 4227 366 4290 hreri
388 4228 493 4301 dicam,
520 4229 628 4290 iterum
649 4227 815 4306 iterumque
835 4227 872 4288 ad
893 4226 1076 4290 Antiochiam
1097 4245 1280 4304 revocamur,
1313 4229 1367 4294 Li-

96 4333 200 4412 turgiae
222 4328 426 4394 clementinae
447 4328 548 4391 sedem
569 4327 719 4411 propriam
741 4335 771 4389 et
790 4328 925 4408 patriam.

172 4433 294 4496 lamiam
319 4429 385 4511 ipsa
407 4429 538 4510 Liturgia
561 4429 704 4509 sequitur,
728 4429 905 4509 scriptorum
930 4427 1122 4491 Orientalium
1145 4429 1252 4494 snecttli
1268 4432 1366 4514 quarti

169 4653 192 4718 l)
211 4654 241 4706 lit
260 4653 336 4704 locor
354 4648 435 4702 icor.
453 4650 503 4714 t,1
521 4651 647 4717 septies
666 4649 690 4701 in
706 4649 812 4714 liturgia
830 4650 925 4714 legitor.
