3336 5302
680 445 754 520 ωε
812 391 820 403 ’

171 618 301 713 Ταύτης
327 628 387 712 τῆς
413 619 509 714 εδγῆς
533 621 758 720 τελεσθείσης,
791 627 850 698 καί
873 633 935 698 τοῦ
958 635 1061 720 χοροί
1086 627 1286 722 ψάλλοντος,
1312 627 1352 702 τὸ

87 720 188 806 δόξα,
192 723 250 794 καί
270 729 337 807 νῦν,
365 721 395 806 6,
416 751 453 794 τε
474 723 581 816 ίερεδς
610 726 669 796 καί
698 725 894 813 δδιάκσνσς
923 729 1149 822 ψάλλουσι
1114 760 1153 804 το
1174 732 1351 821 τριςάγιον,

85 825 137 894 καί
155 824 200 894 τά
218 824 327 896 λοιπὰ
345 833 512 908 ποιοῦσιν,
534 824 581 908 τίς
601 829 636 900 έν
656 855 696 922 τρ
680 831 956 922 ’Χρυσοστάμσυ
972 831 1171 927 λειτουργίᾳ.
1192 836 1294 906 Μετά
1314 837 1354 906 δὲ

86 924 121 994 6
86 923 372 1016 ευαγγέλιον
353 953 373 998 ο
395 924 549 1011 διάκονος

156 1037 331 1128 mmm
355 1029 491 1117 πάντες
514 1033 660 1132 ὲξὸλης
686 1043 750 1134 τῆς
766 1045 899 1136 ψυχῆς.
939 1034 1054 1139 Κύριε
1069 1039 1351 1142 παντοκράτωρ,
1521 1139 1524 1148 ,

86 1161 105 1206 ο
93 1131 219 1218 θεὸς
241 1141 332 1210 τῶν.
376 1133 452 1208 Ἔτι
477 1132 691 1232 δεόμεθα
668 1135 762 1236 υπὲρ
787 1149 876 1216 τῶν.

309 1279 383 1351 Η0
371 1283 478 1374 ιερεδς
496 1284 642 1374 λέγει
605 1311 666 1378 την
686 1283 782 1378 εὐχὴν
802 1283 925 1382 ταύτην
943 1295 1119 1377 μυστικῶς.

86 1489 106 1572 ξ
162 1382 323 1564 166394686
353 1387 485 1474 θεὸς
463 1397 586 1486 ημῶν,
621 1390 690 1489 τὴν
715 1394 840 1506 ἐκτενῆ
865 1391 1007 1492 ταύτην
1031 1393 1175 1471 tueatur
1197 1393 1352 1496 πρόςδε-

104 1515 183 1588 αιρ
541 1553 544 1564 .

165 1621 217 1690 Τὰ
237 1617 327 1692 ουτοι
344 1619 364 1691 6
385 1619 549 1708 διάκονος,
576 1649 634 1694 και
624 1623 803 1696 ἐνταῦθα
824 1623 910 1717 ἁπίρ
932 1632 997 1696 τῶν
1017 1628 1330 1721 ιιατηγουμένιον,ς
1304 1657 1351 1714 υς

87 1719 174 1814 ίντῇ
194 1730 255 1793 τοῦ
276 1722 520 1814 Χρυσοστόμου
540 1723 729 1818 λειτουργίᾳ
749 1725 848 1816 λέγει.

159 1829 396 1915 Εὕξασθε
361 1857 396 1903 οι
421 1827 690 1927 κατηχοάμενσι
714 1837 768 1930 τῷ
795 1831 935 1932 Κυρίῳ.

163 1929 209 2006 Οί
235 1930 359 2006 πιστοί
382 1929 485 2028 ὑπέρ.

160 2028 358 2130 Κατηχήση
384 2032 531 2162 a6tol9u
534 2029 612 2108 τόν.
736 2053 740 2064 ’
832 2059 835 2067 ·

154 2131 393 2264 Ἀποκαλτίεμη
421 2134 557 2219 αὐτοῖς.

155 2231 296 2332 Ἑναίσῃ
322 2232 469 2320 αὐτούς.

161 2343 314 2426 Σῶσον,
340 2337 497 2434 ἐλέησον.

163 2439 209 2514 06
232 2435 503 2536 κατηχοάμενσι
526 2435 594 2522 τὰς
615 2431 788 2537 κεφαλάς.
851 2517 854 2526 ,

85 2583 204 2677 6616‘
184 2588 271 2678 υπέρ
292 2593 358 2656 τῶν
377 2587 628 2678 κατηχουμένων
647 2587 715 2674 πρὸ
736 2593 796 2676 τῆς
816 2583 914 2674 ἁγίας
936 2583 1118 2681 ἀναφορᾶς,
1139 2581 1180 2680 ἣν
1201 2539 1255 2659 6‘
1244 2589 1350 2680 εερεὰς

569 2687 667 2868 λέγει
678 2695 853 2774 μυστικῶς.

160 2791 319 2893 Κύριε
301 2822 322 2867 ο
345 2792 477 2878 Θεὸς”
455 2801 577 2890 ημῶν,
605 2793 625 2867 ὁ
651 2797 693 2868 ἐν
719 2793 893 2890 οὐρανοῖς
917 2801 1104 2872 κατοικῶν
1128 2823 1160 2896 p.
1175 2729 1260 2872 349.

159 2909 261 2977 Μετὰ
292 2909 352 2999 τὴν
383 2906 578 3000 ίκφῶνησιν,
610 2905 672 2978 6‘
661 2909 767 2998 ιερεὰς
799 2905 942 2991 έξαπλσῖ
970 2911 1010 2979 τδ
1037 2907 1168 3003 είλητὸν
1198 2911 1283 2981 κατὰ
1309 2913 1349 2982 τὸ

88 3005 229 3100 σίνηθες.

601 3092 640 3164 ‘0
661 3088 825 3174 διάκονος.
846 3143 849 3152 ,

151 3197 256 3276 Ὀσοι
289 3196 557 3296 κατηχούμενοι
596 3197 813 3296 προέλθετε,
851 3197 886 3272 οἱ
895 3195 1188 3326 κατηχούμενσι
1219 3200 1349 3296 προέλ-
1385 3220 1389 3228 ’

89 3299 223 3389 θετε,“
203 3325 283 3377 οσοι
308 3297 577 3404 κατηχούμενοι
609 3300 819 3428 προέλθετε,
852 3296 905 3396 μή
938 3329 993 3384 τις
1016 3307 1094 3375 τῶν
1119 3301 1349 3396 κατηχουμέ-

90 3427 167 3476 νων.
197 3401 306 3480 Ὅσοι
335 3403 469 3477 πιστοί.
501 3383 578 3476 Ἔτι
602 3401 666 3476 καὶ
690 3403 757 3491 έτι,
782 3404 824 3476 έν
849 3396 974 3499 εἰρήνῃ
1000 3409 1069 3476 τοῦ
1093 3400 1237 3500 Κυρίου
1263 3399 1349 3498 δεη-

161 3615 346 3708 Ὁχόρός.
379 3600 492 3704 Κυρίε
517 3604 675 3702 ἐλέησον.

89 3745 163 3842 Είγὴ
190 3761 320 3823 πιστῶν
346 3751 462 3846 πρώτη
487 3753 574 3841 μετὰ
598 3753 637 3822 τὸ
666 3750 871 3844 ἁπλωθῆναι
897 3753 937 3822 τὸ
965 3749 1103 3844 είλητάν,
1132 3743 1173 3844 ἣν
1200 3749 1218 3821 6
1217 3749 1348 3852 ἱερεὺς

571 3853 660 3942 λέγει
681 3862 856 3940 μυστικῶς.

178 3959 241 4035 Σίν
265 3957 380 4057 Κύριε
405 3957 659 4044 κατέδειξας“
638 3965 731 4086 ημῖν
755 3957 798 4034 τὸ
823 3959 938 4090 μέγα
944 3965 1056 4086 τοῦτρ
1081 3965 1146 4053 τῆς
1166 3955 1348 4054 σωτηρίας

91 4059 293 4188 μυστήριον,
320 4060 369 4137 σὺ
393 4060 666 4158 κατηξίωσας“
645 4069 745 4157 ημᾶς
770 4060 857 4143 τοὺς
881 4058 1077 4142 ταπεινοὺς
1092 4087 1156 4133 και
1145 4059 1349 4143 ἀναξίους

89 4155 232 4284 δούλους
257 4187 340 4253 σου,
366 4166 551 4290 γενέσθαι
570 4161 804 4265 λειτουργοὺς
827 4169 895 4237 τοῦ
921 4161 1067 4288 ἁγίου
1053 4183 1123 4235 σου
1139 4163 1348 4256 θυσιαστη-

92 4259 172 4352 ρίου.
223 4265 286 4340 Σὺ
318 4263 507 4345 ἱκάνωσον
529 4263 629 4360 ἡμᾶς
653 4272 698 4359 τῘ
725 4260 885 4358 δυνάμει
910 4271 978 4338 τοῦ
1003 4260 1112 4388 ἁγίρυ
1138 4257 1348 4356 πνεύματος

90 4363 190 4444 εἷς
153 4395 228 4494 την
243 4365 441 4443 διακονίαν
464 4364 618 4462 ταύτην,
643 4366 708 4440 ἵνα
733 4363 988 4462 ἀκατακρίτους
1014 4360 1167 4445 στάντες
1187 4359 1348 4437 ἐντόπιον

93 4469 146 4590 ῑῖρι
167 4465 272 4596 ἁγίας
297 4465 406 4566 δόξης
431 4491 514 4557 σου,
539 4462 784 4597 πρσςοίγωμέν
809 4489 868 4542 σοι
892 4465 1039 4542 θυσίαν
1064 4464 1246 4548 αἰνέσεως.
1283 4463 1347 4538 Σὺ

92 4560 154 4659 γὰρ
183 4568 262 4642 εί
245 4598 265 4643 ο
278 4574 461 4698 ἐνεργῶν
485 4569 533 4644 τὰ
558 4565 682 4698 πάντα
706 4571 748 4645 ἐν
773 4576 876 4645 πᾶσι.
928 4566 1003 4650 Δὸς
1027 4562 1140 4662 Κύριε
1164 4565 1229 4640 καί
1252 4563 1347 4662 ὑπὲρ

93 4671 159 4737 τῶν
180 4669 366 4771 ἡμετέρων
392 4667 686 4773 ἁμαρτημάτων,
711 4669 775 4746 καί
790 4679 871 4748 τῶν
886 4699 954 4747 του
936 4676 1064 4744 λαοῦ
1082 4663 1346 4822 ἀγριοημάτων,

1087 4787 1119 4840 τε
