3388 5304
941 393 1015 468 584

336 577 398 667 τήν
417 574 521 663 μέγαν
542 579 601 664 τής
624 577 713 644 Θεοῦ
735 569 861 663 σοφίας
880 573 970 656 ναῦν,
991 573 1049 642 καί
1070 569 1344 662 προςευξάμενος,
1372 573 1506 642 καὶτοῦ
1526 601 1600 665 μνη-

338 675 495 764 μοσύνου,
518 672 564 755 οἱς
584 671 722 765 εἴρηται,
744 668 868 743 άνεισι·
890 675 948 744 καί
968 681 1027 765 τῆς
1046 673 1162 762 κυρίας
1176 672 1370 765 ἐπιστάσης,
1391 672 1599 744 πάντωνσον-

338 775 572 870 ηθροισμένων
591 773 729 846 κάτεισι.
751 776 822 844 Καὶ
842 776 885 844 τά
907 773 1117 865 ἀρχιερατικὰ
1137 777 1224 862 μετά
1243 781 1304 844 τοῦ
1317 774 1440 844 σάκιιου
1454 775 1598 853 ἀνδύεται

339 879 483 966 καὶτῆς
510 875 716 966 λειτουργίας
743 873 945 964 άπάρχεται,
979 878 1129 948 κατὰτὸ
1160 875 1244 957 ἔθος
1269 884 1336 944 τῶν
1362 879 1598 966 μητροπολιτῶν

340 976 609 1068 προςκυνούντων
633 978 691 1046 καί
717 977 753 1046 ἰν
778 983 827 1067 τῷ
848 975 991 1067 σηνήθει
1010 977 1106 1068 τόπῳ
1128 980 1190 1060 τὰς
1211 976 1304 1066 ἱεράς
1322 977 1599 1064 περιβαλλομένων

339 1080 471 1161 στολάς,
492 1080 549 1148 καί
569 1079 866 1168 προςκαλοομόνων
880 1076 1036 1168 συνήθως
1049 1079 1084 1149 ἐν
1097 1087 1145 1169 τῷ
1159 1086 1264 1169 καιρῷ
1276 1087 1337 1170 τῆς
1350 1077 1490 1158 εἰςόόοο.
1509 1078 1599 1148 Μετὰ

339 1185 399 1272 τὴν
421 1179 550 1260 ε’ίςοάον
571 1181 609 1250 βε*
630 1177 650 1270 ή
674 1179 769 1271 φήμη
789 1177 880 1248 κάτω
902 1176 942 1248 ού
963 1179 1099 1268 γίνεται,
1131 1178 1202 1249 ἀλλ’
1225 1179 1271 1262 ιὶς
1290 1180 1327 1250 ίν
1348 1177 1522 1268 ἀρχιερέως
1538 1205 1599 1262 χει-

340 1281 475 1374 ροτονίᾳ
497 1281 534 1350 ἐν
554 1280 738 1370 συνθρόνῳ.
771 1281 874 1350 Μετὰ
893 1280 955 1369 γάρ
977 1283 1035 1350 τόν
1056 1281 1222 1370 τριςάγιον
1242 1282 1300 1350 καί
1319 1283 1379 1370 τήν
1400 1279 1494 1370 εύχήν
1512 1305 1598 1370 τηρο-

342 1383 441 1454 όοοία
462 1381 598 1472 γίνεται,
620 1379 859 1468 ἀναπτομίνων
880 1381 1002 1472 φοίτων
1022 1385 1157 1452 πολλῶν
1179 1383 1237 1452 άιά
1256 1383 1316 1472 τήν
1331 1380 1428 1468 χάριν
1440 1389 1499 1452 τοῦ
1511 1379 1600 1450 πνεύ-

339 1510 456 1572 ματος,
478 1483 744 1572 ίγκαινιζομίνην
764 1491 812 1573 τῷ
834 1481 967 1576 ἱεράρχη
988 1485 1075 1572 πρὸς
1095 1485 1155 1574 τήν
1174 1491 1234 1574 τῆς
1247 1485 1431 1572 καθολικής
1445 1481 1599 1574 ἂκληοίας

342 1583 533 1672 οἰκονομίαν
554 1585 668 1654 τεκαὶ
690 1582 871 1674 ἐγχείρησιν
893 1585 951 1654 διὰ
976 1593 1037 1676 τῆς
1057 1585 1093 1656 ἰν
1113 1592 1161 1676 τῷ
1182 1583 1268 1676 θείῳ
1290 1583 1405 1674 θρόνῳ
1425 1592 1473 1674 τῷ
1493 1609 1599 1672 πατρι-

343 1694 465 1778 αρχικῷ
488 1683 580 1772 ἱεροῖς
600 1684 841 1774 καθιόρύσεως.
865 1715 875 1754 ι
890 1736 1027 1756 ......

425 1788 566 1858 Λοιπὸν
587 1784 606 1856 ά
628 1785 836 1877 πατριάρχης
857 1786 888 1857 εἰ
908 1787 966 1856 καί
987 1784 1183 1871 ἐπίσκοπος,
1206 1784 1276 1856 ἀλλ’
1294 1779 1454 1856 οὖνκατὰ
1467 1784 1599 1874 τήνάιο·

340 1888 460 1960 κονίαν·
472 1888 531 1958 καί
550 1885 653 1974 μείζω
667 1887 831 1977 λαμβάνει
843 1887 950 1974 χάριν,
971 1888 1028 1957 καί
1047 1891 1174 1975 μᾶλλον
1189 1888 1224 1958 ἐν
1238 1895 1286 1978 τῷ
1300 1884 1596 1958 ἀποκαθίστασθαι.

332 1991 440 2061 Ὅθεν
460 1990 518 2060 καί
539 1990 773 2077 ίναπτομένων
793 1998 859 2058 τῶν
882 1988 1012 2080 φώτων,
1035 1987 1171 2058 πάντων
1192 1987 1376 2075 ἱσταμένων
1397 1987 1433 2058 ἐν
1455 1995 1526 2069 ταῖς
1544 1995 1598 2073 βα-

341 2091 443 2179 θμῖσι
470 2091 555 2162 κατά
581 2093 642 2181 τήν
661 2090 755 2174 τάξιν
775 2090 845 2159 ύπό
866 2090 927 2160 δύο
948 2097 1014 2158 τῷν
1035 2089 1178 2180 πρώτων
1200 2088 1376 2180 ἀρχιερέων
1397 2087 1596 2177 ἐγκαθιδρύε-

340 2215 412 2262 ται·
440 2189 677 2280 λαμβανόντων
705 2189 806 2262 αύτόν
834 2190 1052 2282 ἑκατέρωθεν,
1080 2193 1138 2261 καί
1164 2200 1211 2282 τῷ
1231 2191 1319 2281 θείῳ
1340 2190 1457 2281 θρόνῳ
1479 2189 1598 2278 ἔγκοθι·

343 2294 474 2378 ζόντων,
496 2297 553 2364 καί
574 2291 764 2380 ἰκβοιύντων
785 2295 824 2362 τό
846 2289 950 2376 ἀξιος.
972 2288 992 2362 ό
1014 2295 1054 2383 δή
1076 2295 1134 2363 καί
1154 2291 1323 2384 ψάλλεται
1343 2293 1416 2380 τρίς
1436 2293 1527 2380 παρά
1543 2297 1598 2356 τόν

342 2397 437 2478 ἐντός
463 2394 599 2464 πάντων
627 2393 824 2485 ἱερωμένων,
850 2396 907 2465 καί
932 2396 1009 2485 τρίς
1025 2397 1120 2486 παρὰ
1140 2402 1207 2464 τῷν
1229 2395 1323 2476 ἐκτὸς
1344 2397 1483 2482 ψαλτεῖν
1500 2418 1534 2460 τε
1551 2391 1597 2458 καί

340 2501 510 2590 κληρικῷν.
545 2497 617 2566 Καὶ
643 2497 798 2583 δευτέρον
820 2491 922 2578 αὖθις
944 2495 1099 2566 ἀνιστᾶσι
1124 2497 1237 2566 τεκαὶ
1257 2496 1448 2580 καθίζουσι,
1473 2501 1599 2582 βοῶντες

342 2600 382 2668 τὸ
404 2593 509 2679 άξεος,
529 2598 588 2666 καί
608 2595 713 2666 πάλιν
726 2605 825 2667 τοῦτο
840 2600 921 2687 τρῖς,
943 2598 1036 2680 ἐντὸς
1048 2600 1106 2668 καί
1120 2596 1248 2680 ἔξωθεν
1261 2595 1439 2686 ψάλλεται.
1461 2597 1527 2666 Καὶ
1539 2591 1596 2680 τρί-

341 2723 399 2768 τον
420 2695 547 2784 ὁμοίως
568 2697 796 2784 όνθρονίζεται
817 2697 897 2788 παρ’
921 2697 1038 2782 αὐτῶν,
1060 2701 1117 2768 καί
1130 2700 1170 2769 τό
1184 2695 1279 2781 ἀξιος
1291 2701 1433 2787 λέγεται,
1455 2700 1509 2769 καί
1522 2696 1598 2786 ψάλ-

342 2803 438 2868 λεται
464 2799 545 2885 τρίς,
573 2797 669 2885 παρά
695 2825 732 2868 τε
758 2808 823 2869 τῷν
855 2799 1041 2890 ἱερωμένων
1067 2802 1171 2882 ἐντὸς,
1197 2800 1255 2870 καί
1276 2802 1371 2888 παρά
1391 2808 1458 2870 τῷν
1477 2801 1599 2890 ψαλτοῖν

343 2902 446 2982 ἐκτός,
468 2905 522 2970 καί
543 2900 620 2970 τότε
639 2898 660 2990 ή
684 2900 778 2992 φήμη
800 2901 935 2990 γίνεται,
962 2901 1037 2992 ήτις
1064 2903 1104 2992 δή
1131 2903 1189 2972 καί
1217 2900 1291 2988 ἱερά
1311 2903 1403 2972 ἐστιν
1423 2903 1528 2990 τελετή
1547 2903 1597 2966 τοῦ

342 3009 494 3090 Χριστοῦ
523 3001 716 3093 νικήσαντος
742 3011 790 3093 τῷ
811 3011 943 3094 σταυρῷ
962 3005 1021 3073 καί
1041 3002 1191 3094 θανάτῳ,
1219 3005 1276 3074 καί
1297 3001 1497 3084 ἀναστάντος
1514 2999 1596 3088 σαρκί

341 3105 400 3174 καί
421 3101 672 3195 άνυψωθέντος,
693 3105 751 3174 τὸν
770 3103 894 3191 κόσμον
916 3101 1112 3186 ἑλκύσαντες
1131 3113 1172 3196 τῇ
1192 3103 1307 3174 πίστει
1322 3103 1436 3176 αὐτοῦ.
1454 3103 1537 3174 Ἐπεί
1547 3102 1597 3170 καί

343 3205 426 3296 αῦτη
455 3205 545 3274 ἐστίν
571 3203 591 3294 ἡ
621 3205 703 3296 νίκη,
730 3203 834 3294 καλή
864 3205 1027 3294 νικήσασα
1054 3207 1112 3276 τόν
1132 3207 1266 3293 κόσμον,
1294 3204 1314 3295 ή
1336 3205 1452 3288 πίστις
1471 3198 1596 3296 ήμῶν,ά

342 3305 556 3398 ήγαπημένος
583 3307 695 3398 φησίν,
722 3305 796 3396 ἥτις
823 3308 882 3378 καί
908 3308 966 3378 όιά
987 3315 1053 3377 τιῦν
1074 3307 1252 3397 ἀρχιερέων
1269 3316 1420 3395 Χριστοῦ
1440 3310 1496 3398 τήν
1513 3311 1599 3392 βασι-

343 3407 446 3489 λείαν,
468 3409 527 3498 τήν
548 3408 606 3477 τὸν
619 3409 768 3500 Χριστόν
787 3410 869 3499 πρὶν
891 3409 1075 3480 διώκουσαν
1093 3418 1140 3500 τῷ
1154 3415 1290 3500 Χριστῷ
1304 3409 1523 3490 καθυπὲταξι.
1540 3403 1599 3474 Διὸ

342 3511 400 3579 καί
420 3513 572 3594 βασιλεῖς
592 3506 871 3601 ἀνακηρύττονται
884 3509 1033 3598 εὐσεβεῖς
1047 3509 1106 3582 οῦκ
1121 3507 1272 3592 άπιστοι,
1294 3509 1373 3583 ούόί
1391 3509 1596 3602 ἱτερόῳρονες,

343 3611 400 3680 καί
421 3609 546 3680 τούτων
568 3612 680 3679 πολλά
701 3612 855 3700 λέγονται
875 3609 943 3702 άτη,
971 3609 1022 3704 ε’ίη
1051 3613 1091 3682 τό
1118 3614 1286 3701 διαμένειν
1307 3611 1376 3681 ἀεὶ·
1406 3611 1462 3682 ότι
1480 3611 1532 3681 καί
1549 3615 1599 3696 τής

342 3711 518 3798 βασιλείας
538 3719 688 3799 Χριστοῦ
716 3711 775 3782 ούκ
802 3712 899 3784 ἔσται
918 3714 1025 3794 τέλος.
1060 3713 1170 3804 Καλή
1194 3711 1415 3804 ἀρχιερωσύνη
1438 3714 1475 3784 άὲ
1495 3713 1596 3798 ούντῇ

343 3811 500 3906 βασιλείῳ
521 3808 765 3902 ἀναγορεύεται,
789 3813 842 3884 ὅτι
863 3816 919 3884 καί
939 3814 959 3906 ή
983 3813 1203 3906 ἀρχιερωσύνη
1218 3817 1277 3906 τήν
1289 3813 1466 3902 βασιλείαν
1479 3815 1597 3900 Χριστῷ

342 3914 569 3998 καθυπόταξε,
590 3917 647 3985 καί
668 3913 750 4008 αῦτη
771 3916 1051 4006 τήνΧριστιανιῦν
1070 3917 1243 4003 βασιλείαν
1258 3923 1417 4008 καθιστῷ.
1439 3915 1506 3985 Καί
1518 3911 1536 4004 ή
1549 3917 1598 3980 τοῦ

343 4023 495 4106 Χριστοῦ
516 4013 736 4108 ἀρχιερωσύνη
760 4016 905 4100 αἰώνιος,
927 4019 967 4087 σύ
991 4017 1097 4106 ἱερεύς
1117 4020 1189 4108 γάρ,
1213 4019 1323 4110 φησίν,
1353 4016 1402 4098 εἰς
1423 4018 1479 4087 τὸν
1500 4015 1598 4092 αἰῶνα,

343 4118 506 4201 τουτέστι,
530 4118 587 4188 όιά
598 4118 739 4199 παντὸς·
761 4119 845 4188 κατά
860 4121 919 4209 τήν
934 4118 1030 4203 τάξιν
1044 4121 1260 4206 Μελχισεδὲκ,
1282 4102 1339 4189 κάὶ
1354 4117 1393 4189 ού
1407 4119 1491 4189 κατά
1503 4115 1599 4204 νόμω.

342 4219 415 4288 Καί
436 4217 523 4288 οῦτω
544 4216 653 4312 σοφίᾳ
666 4218 874 4307 πρόσχωμεν,
894 4220 1071 4310 κράζοντας
1083 4231 1143 4292 τοῦ
1157 4220 1312 4292 διακόνου
1325 4223 1382 4290 τὸ·
1398 4220 1506 4312 εἰρήνη
1517 4225 1599 4296 πάσι,

345 4317 364 4390 ό
387 4318 594 4412 πατριάρχης
615 4321 766 4412 ἰκῳωνεῖ.
787 4321 875 4411 Περί
896 4315 946 4406 ού,
969 4319 1014 4403 ιός
1033 4323 1218 4414 εἰρήκαμεν,
1241 4321 1310 4393 ἔδει
1333 4323 1517 4413 φροντίζειν
1526 4317 1599 4386 πάν-

346 4447 417 4506 τας,
438 4421 496 4491 καί
517 4425 569 4491 όεῖ
590 4420 776 4515 φροντίζειν
796 4423 853 4492 καί
875 4420 1046 4512 ἀρχιερεῖς,
1069 4427 1126 4495 καί
1147 4422 1247 4515 ἱερεῖς
1259 4427 1433 4508 ἵστασθαι,
1455 4423 1509 4494 καί
1522 4417 1600 4490 ἀντι·

345 4529 469 4612 φωνεῖν
498 4522 598 4615 αὐτῷ,
625 4525 757 4614 καὶτῷ
784 4525 951 4613 πνευματί
977 4549 1049 4610 σου,
1075 4526 1132 4596 καί
1159 4526 1247 4598 οῦτω
1268 4527 1452 4608 καθέσθαι,
1481 4522 1532 4592 καί
1551 4520 1598 4588 τὸν
1664 4537 1665 4566 ³

344 4621 427 4692 λαόν
455 4622 581 4714 ὁμοίως
613 4624 791 4715 δεξάμενον
821 4627 881 4716 τήν
908 4626 1052 4720 εἰρήνην,
1086 4628 1145 4699 καί
1169 4635 1217 4722 τῷ
1245 4625 1409 4715 πνεύματί
1435 4651 1493 4698 σεο
1517 4627 1601 4713 MV·
