3394 5308
953 415 1002 492 68

340 601 480 703 τρίψας
502 606 581 686 τοῖς
605 603 809 698 μαθηταῖς,
834 597 1032 700 ἀνελήφθη
1057 603 1109 684 εἰς
1123 596 1212 684 τούς
1228 596 1425 688 οὗνανούς,
1450 595 1513 673 καὶ
1525 599 1600 673 ἐκα-

342 704 470 802 θέσθη
496 705 538 779 ἐκ
563 701 697 788 δεξιῶν
723 725 792 778 σου
816 708 886 778 τοῦ
912 706 1008 778 θεοῦ
1033 700 1099 776 καὶ
1122 699 1263 800 πατρὸς
1288 701 1416 778 αὐτοῦ.
1425 701 1447 798 ¹)

419 841 472 915 xl
476 841 510 914 V.
546 837 793 936 Μεμνημίνοι
826 833 895 914 οὖν
929 829 984 914 ῶν
1017 835 1068 912 δι’
1097 836 1197 936 ἡμᾶς
1227 833 1435 933 ὑπέμεινεν,
1467 834 1602 932 εὐχαρι-

341 957 505 1054 στοῦμόν
537 981 608 1048 σοι,
644 954 707 1032 Θεό
741 952 1021 1056 παντοκράτορ,
1054 955 1124 1052 οὐχ
1155 955 1246 1032 ὅσον
1277 953 1492 1055 ὀφείλομεν,
1528 951 1597 1027 ἀλλ’

342 1073 434 1152 ὅσον
466 1072 682 1172 δυνάμεθα,
713 1076 779 1152 καὶ
809 1075 879 1172 τὴν
910 1071 1082 1162 διάταξιν
1107 1073 1225 1152 αὐτοῦ
1250 1081 1473 1174 πληρσῦμεν.
1522 1061 1602 1166 ἕνῇ

340 1192 416 1296 γὰρ
446 1194 556 1272 νυκτὶ
585 1192 823 1294 παρεδίδοτο,
856 1190 987 1292 λαβὼν
1019 1193 1135 1294 ἀρτον
1165 1198 1247 1277 ταῖς
1273 1190 1398 1295 ἀγίαις
1420 1189 1484 1268 καὶ
1507 1183 1603 1286 ἀμεύ-

340 1339 427 1410 μοις
458 1311 575 1388 αὐτοῦ
607 1311 727 1411 χερσὶ,
759 1311 824 1388 καὶ
857 1309 1074 1410 ἀναβλέψας
1099 1311 1192 1410 πρὸς
1217 1310 1257 1386 σύ
1282 1309 1351 1388 τὸν
1379 1309 1472 1386 θεὸν
1497 1307 1604 1383 αὐτοῦ

341 1429 406 1505 καὶ
429 1429 583 1530 πατέρα,
608 1428 673 1506 καί
696 1426 848 1520 κλάσας,
874 1429 988 1506 ἔδωκε
1012 1435 1091 1514 τοῖς
1113 1432 1317 1526 μαθηταῖς,
1344 1424 1476 1529 ελποίν·
1503 1433 1605 1501 τοῦτο

341 1547 385 1622 τὸ
409 1545 618 1648 μυστήριον
641 1555 706 1646 τῆς
730 1555 860 1645 καινῆς
885 1543 1085 1644 διαθήκης·
1123 1545 1254 1646 λάβετε
1280 1549 1320 1633 ἐξ
1344 1546 1475 1636 αὐτοῦ,
1500 1540 1605 1645 ηόγε-

341 1693 398 1741 τε·
435 1663 547 1742 τοῦτό
572 1664 718 1741 ἔστιτὸ
743 1662 855 1766 σῶμά
879 1675 980 1764 μου,
1000 1664 1044 1741 τὸ
1069 1665 1152 1768 περὶ
1177 1673 1326 1743 πολλῶν
1350 1659 1606 1766 θρυπτόμενον

343 1789 394 1870 ελς
425 1785 562 1884 ἄφεσιν
588 1781 801 1886 ἁμαρτιῶν·
839 1780 1013 1870 ῶςαάτως
1037 1783 1101 1860 καὶ
1119 1779 1168 1860 ’τὸ
1193 1781 1371 1884 ποτήριον
1396 1777 1552 1886 κεράσας
1574 1781 1607 1864 ἐξ

342 1906 448 1978 οἴνου
465 1901 529 1980 καὶ
543 1899 693 1992 ὕδατος,
719 1902 784 1979 καὶ
800 1899 971 2005 ἁγιάσας,
997 1902 1180 1983 ἐπέδωκεν
1196 1903 1336 1994 αὐτοῖς,
1357 1901 1494 2006 λέγων·
1520 1897 1607 1974 πίετε

274 2053 278 2067 ·
341 2023 382 2106 ἐξ
412 2019 531 2097 αὐτοῦ
555 2017 708 2105 πάντες·
740 2019 854 2097 τοῦτό
878 2025 956 2096 ἐστι
980 2021 1024 2097 τὸ
1050 2019 1146 2120 σίμά
1171 2051 1260 2120 μου,
1292 2020 1337 2098 τό
1362 2019 1449 2122 περὶ
1473 2024 1608 2096 πολλῶν

341 2134 592 2234 ἐκχυνόμενον
616 2143 667 2222 ελς
692 2139 829 2238 ἄφεσιν
854 2138 1061 2238 ἁμαρτιῶν.
1086 2148 1198 2216 τοῦτο
1224 2147 1358 2216 ποιεῖτε
1375 2145 1427 2226 είς
1443 2137 1512 2236 τὴν
1526 2133 1609 2232 ἐμὴν

342 2252 567 2353 ἀνάμνησιν.
614 2251 742 2341 ὁσάκις
771 2255 845 2360 γὰρ
872 2255 940 2333 ἐὰν
964 2256 1114 2356 ἐσθίητε
1139 2256 1208 2336 τὸν
1233 2259 1349 2360 ἄρτον
1375 2265 1524 2346 τοῦτον,
1554 2249 1609 2327 καί

343 2373 471 2472 πίνητε
496 2371 540 2450 τὸ
565 2369 743 2474 ποτήριον
766 2383 892 2466 τοῦτο,
917 2374 985 2452 τὸν
1009 2373 1184 2458 θάνατον
1208 2377 1276 2454 τύν
1301 2375 1396 2474 ἐμὸν
1420 2369 1611 2477 καταγγέλ-

343 2499 434 2584 λετε,
461 2493 568 2593 άχρις
594 2489 643 2569 ἀν
668 2493 780 2568 ἔλθω.
821 2495 1050 2595 μεμνημένοι
1074 2494 1207 2572 τοίνυν
1230 2485 1300 2571 τοῦ
1324 2491 1479 2580 πάθους
1503 2490 1610 2568 αὐτοῦ

341 2611 406 2688 καὶ
436 2618 505 2688 τοῦ
538 2608 726 2702 θανάτου,
758 2610 823 2688 καὶ
854 2620 919 2710 τῆς
944 2615 984 2690 ίκ
1009 2622 1154 2716 νεκρῶν
1180 2611 1435 2703 ἀναστάσεως,
1468 2610 1612 2705 καὶτῆς

342 2733 394 2813 είς
425 2727 609 2827 οὐρανοὺς
640 2726 841 2818 ἐπανόδου,
874 2729 939 2808 καὶ
970 2740 1035 2829 τῆς
1066 2729 1269 2830 μελλούσης
1301 2732 1422 2809 αὐτοῦ
1447 2729 1612 2826 δευτέρας

342 2846 562 2946 παρουσίας,
594 2850 636 2924 ἐν
666 2842 692 2945 ᾗ
723 2849 867 2948 ἔρχεται
898 2847 993 2948 μετά
1028 2847 1137 2948 δόξης
1161 2850 1225 2925 καὶ
1250 2834 1464 2948 δυνάμεως,
1496 2853 1611 2950 κρῖναι

343 2963 487 3056 ζῶντας
517 2963 581 3040 καὶ
612 2965 777 3064 νεκρούς,
809 2965 874 3042 καί
906 2966 1116 3046 ἀποδοῦναι
1148 2963 1292 3068 ἑκάστῳ
1324 2969 1424 3044 κατὰ
1456 2965 1504 3043 τά
1530 2967 1612 3067 ἔργα

344 3082 475 3173 αὐτοῦ,
502 3084 755 3184 προςφέρομίν
781 3109 840 3160 σοι
863 3093 918 3184 τῷ
943 3087 1092 3184 βασιλεῖ
1114 3085 1177 3161 καὶ
1205 3090 1299 3186 Θεῷ,
1333 3085 1432 3162 κατὰ
1458 3084 1527 3183 τὴν
1552 3081 1614 3158 αὐ

342 3209 411 3279 τοῦ
437 3197 620 3295 διάταξιν,
645 3201 714 3278 τὸν
739 3204 857 3304 άρτον
881 3211 1029 3294 τοῦτον,
1055 3202 1119 3280 καὶ
1144 3200 1385 3306 τὸζποτήριον
1407 3213 1534 3294 τοῦτο,
1559 3199 1614 3276 εὐ-

339 3320 603 3418 χαριστοῦντες
639 3347 698 3398 σοι
723 3320 774 3398 δι’
805 3323 937 3413 αὐτοῦ,
962 3324 1022 3424 ἐφ’
1054 3321 1109 3408 οίς
1132 3322 1362 3422 κατηξίωσας
1385 3323 1489 3420 ἡμᾶς
1513 3313 1615 3398 ἑστά-

342 3463 408 3513 ναι
435 3433 596 3515 ἐνιύπιόν
621 3463 703 3530 σου,
735 3438 799 3515 καὶ
824 3437 1024 3540 ἱερατεύειν
1049 3465 1121 3531 σοι,
1147 3442 1210 3518 καὶ
1236 3441 1415 3538 ἀξιοῦμέν
1441 3464 1496 3531 σε,
1523 3437 1617 3518 ὅπως

344 3554 507 3650 εὐμενῶς
539 3556 738 3652 ἐπιβλὲιμης
767 3557 829 3632 ἐπὶ
858 3557 906 3632 τά
931 3557 1153 3659 προκείμενα
1179 3559 1286 3660 δῶρα
1312 3567 1435 3634 ταῦτα
1461 3551 1616 3637 ἀνῶπιόν

345 3695 427 3761 σου,
455 3669 502 3747 σύ
529 3669 548 3746 ό
575 3670 750 3771 ἀνενδεὴς
770 3674 870 3766 Θεὸς,
895 3675 959 3750 καὶ
984 3674 1186 3775 εὐδοκήσης
1209 3677 1266 3753 ἀπ’
1297 3677 1426 3762 αὐτοῖς
1442 3681 1495 3762 είς
1509 3673 1618 3774 τιμὴν

340 3835 652 3851 m

431 3911 456 3973 1)
481 3912 518 3964 Uti
544 3913 693 3978 ρττεεεύεοε
712 3913 795 3966 Oratio
819 3879 911 3966 ότεούο
936 3919 1047 3982 exposuit
1070 3917 1203 3970 doctrinam
1228 3918 1258 3969 da
1277 3917 1355 3978 Ρειτε,
1379 3917 1412 3968 ita
1432 3932 1496 3984 quaa
1514 3913 1620 3980 aequiaur

345 3995 465 4063 appellari
489 4005 570 4062 ροίιτί
593 3999 750 4063 paraphrasis
774 4001 869 4068 articuli
886 4003 993 4054 secundi.
1030 4003 1100 4064 Quod
1117 4003 1223 4066 Litargia
1241 4003 1321 4052 minua
1339 4009 1407 4053 curat
1424 4001 1544 4066 Spiritum
1559 3999 1617 4048 Saa-

346 4089 410 4132 ctum
429 4081 535 4132 ostendit
553 4089 670 4132 remotam
689 4082 741 4132 eina
759 4083 885 4148 originem.
921 4083 1084 4151 chryson.
1103 4085 1174 4138 flam.
1192 4085 1226 4138 λλ
1243 4087 1267 4138 in
1287 4085 1378 4138 leon:
1401 4077 1538 4151 εὐλογίαν
1555 4075 1620 4134 ὅταν

344 4153 425 4229 είκύ,
441 4155 533 4216 πάντα
551 4157 720 4216 ἀναπτύσσει
737 4159 786 4217 τόν
803 4167 850 4229 τῆς
864 4163 1023 4236 εὐεργεσίας
1038 4168 1087 4220 τοῦ
1103 4169 1171 4221 θεοῦ
1186 4161 1340 4240 θησαυρόν,
1356 4167 1404 4220 καί
1421 4166 1479 4220 τῶν
1488 4157 1619 4236 μεγάλαν

235 4242 238 4253 ’
344 4239 459 4298 ίκείνυν
482 4239 703 4320 ἀναμιμνήσκων
727 4247 840 4316 δωρεῶν
862 4249 911 4301 καλ
932 4249 986 4321 γὰρ
1010 4251 1058 4303 καλ
1078 4245 1159 4320 ἡμεῖς
1181 4249 1354 4320 ἐπιλέγοντες
1375 4249 1413 4318 τῶ
1431 4251 1558 4320 ποτηρίῳ
1575 4241 1621 4304 τός

345 4321 471 4398 ἀρότους
492 4327 651 4400 εὐεργεσίας
674 4331 722 4384 τοῦ
735 4333 804 4386 θεοῦ
819 4333 867 4386 καί
890 4329 965 4388 όσυν
987 4329 1227 4406 ἀπολελαύκαμεν,
1251 4331 1337 4396 οὕτως
1353 4327 1421 4388 αὐτό
1438 4327 1620 4403 προςύγομεν

344 4413 394 4464 καλ
411 4416 608 4485 κοινωνοῦμεν,
625 4411 858 4487 εὐχαριστοῶντες,
875 4411 916 4472 ότι
933 4420 978 4484 τῆς
993 4413 1100 4485 πλάνης
1116 4411 1257 4485 ἀπήλλαξί
1271 4435 1299 4472 τε
1317 4419 1371 4472 τῶν
1388 4414 1557 4490 ἀνθρώπων
1571 4416 1620 4486 γί-

346 4511 410 4556 νος·
429 4491 470 4549 ὅτι
485 4495 598 4569 μακράν
615 4489 703 4567 ὄντας,
722 4497 805 4570 ίγγύς
822 4501 966 4570 ίποίησεν·
984 4501 1025 4557 ότι
1044 4502 1143 4557 ίλπίδα
1159 4498 1198 4573 μὴ
1216 4503 1331 4574 ἔχοντας
1347 4501 1393 4555 καί
1409 4501 1518 4562 ἀθέους
1536 4501 1567 4554 ίν
1585 4495 1622 4564 τῶ

344 4572 443 4678 κόσμῳ
465 4579 604 4678 ἀδελςρούς
626 4582 725 4638 ἑαυτοῦ
745 4580 927 4641 κατεσκεύασε
950 4588 998 4642 καλ
1014 4582 1265 4660 συγκληρονόμοος,
1288 4584 1358 4660 ὐπίρ
1376 4578 1486 4641 τούτων
1502 4579 1623 4640 καὶτῶν

344 4679 476 4720 τοιουτυν
492 4681 625 4722 απαντυν
643 4665 873 4740 εὐχαριστοῦντες,
890 4667 961 4727 εὐτυ
978 4667 1123 4744 πρόςιμεν.
