3314 5304
891 407 964 482 318

375 595 406 655 V.
429 593 689 672 Evangelium,
711 588 756 657 et
777 584 1093 676 Edoyydlaoestl‘
1123 591 1180 656 llic
1201 591 1303 656 Codes
1323 609 1385 654 non
1407 591 1568 656 continua·

287 705 350 760 tttn
373 695 495 758 exbibet
515 694 703 774 evangelicae
725 693 871 758 historiae
892 695 1014 768 seriem,
1035 692 1091 758 sed
1107 691 1268 771 Evangelia
1290 691 1321 756 in
1343 702 1441 756 certas
1465 703 1569 774 partes

288 797 335 868 ¹vel
355 797 511 860 sectiones
540 796 644 869 divisa,
669 814 743 876 quas
766 795 871 858 Graeci
892 787 1059 880 τμήματα,
1079 788 1174 880 μέρη,
1196 787 1396 874 mecoenatis,
1418 785 1571 878 ἀναγνό-

287 915 368 974 evaeo¹
385 898 549 980 appellant.
593 897 667 960 Nam
696 897 728 958 in
756 897 894 960 orientali
918 896 1048 960 ecclesia
1069 913 1130 960 oon
1152 894 1249 958 solum
1271 894 1396 976 quaevis
1417 895 1567 958 lascivitas

287 999 342 1062 sed
365 999 456 1062 etiam
479 997 602 1080 quaevis
625 997 699 1062 levia
720 1016 808 1062 suum
830 997 923 1064 babet
943 997 1120 1078 Apostolum
1142 1006 1232 1076 atque
1252 995 1409 1077 proprium
1431 995 1567 1076 Evange-

288 1101 373 1165 lium.
416 1100 508 1180 Viget,
530 1099 747 1181 scripturarum
774 1097 865 1161 lectio
895 1117 991 1180 eaque
1020 1115 1081 1161 non
1103 1097 1180 1162 adeo
1203 1097 1380 1178 interrupta.
1423 1096 1567 1177 Exceptis

287 1203 370 1266 enim
399 1200 662 1274 sollemnitatibus,
687 1216 765 1279 quae
794 1200 950 1280 proprium
977 1199 1037 1264 sihi
1057 1209 1188 1281 poscatnt
1208 1197 1410 1276 Evangelium,
1439 1197 1568 1278 reliquie

288 1305 360 1368 anni
383 1302 491 1366 diebus
513 1301 715 1381 evangelicam
737 1300 846 1364 seriem
869 1300 924 1379 (uti
941 1299 1098 1382 epistolas)
1120 1300 1161 1362 ita
1175 1299 1404 1380 dispertiuntur,
1428 1309 1461 1362 ut
1476 1299 1566 1362 unius

287 1404 373 1486 prius
388 1403 597 1482 Evangelistoe
620 1410 734 1466 tentum
756 1402 788 1464 in
811 1394 968 1486 τμήματα
989 1402 1124 1466 dividant
1144 1409 1177 1464 et
1196 1400 1303 1464 diebus
1325 1399 1489 1481 applicent,
1512 1399 1567 1462 do-

288 1525 345 1570 nec
367 1505 467 1580 finiar,
489 1503 682 1584 postmodum
704 1502 828 1566 alterius
849 1504 1037 1580 continuent,
1064 1504 1162 1566 donec
1183 1502 1284 1566 omnia
1307 1501 1345 1564 ad
1368 1501 1482 1564 exitum
1499 1517 1567 1582 per·

289 1607 430 1678 duxerint
451 1616 482 1677 ot
504 1604 610 1668 diebus
642 1603 809 1668 Dominicis
842 1623 859 1667 a
892 1604 1042 1686 scriptore
1076 1603 1228 1684 Evangelii
1261 1621 1373 1666 nomen
1409 1602 1569 1682 imponant

288 1710 459 1792 pbldsq.
502 1706 583 1770 Sane
610 1704 713 1768 multis
741 1704 875 1786 placabit
901 1705 977 1768 baec
998 1706 1159 1772 reformata
1181 1704 1316 1768 indoles:
1349 1722 1406 1768 nos
1429 1701 1567 1764 dolemus

290 1808 371 1890 qnod
396 1808 474 1890 apud
492 1807 623 1868 Graecos
638 1805 828 1870 desideratur
842 1806 947 1870 intima
964 1815 994 1868 et
1008 1806 1133 1886 mystica
1149 1805 1228 1870 inter
1241 1803 1408 1886 Epistulam
1424 1813 1456 1868 et
1469 1803 1567 1866 Eteo—

289 1909 398 1990 peliutn
421 1907 625 1980 necessitudo,
646 1907 771 1970 omnino
794 1908 865 1970 anni
888 1906 1087 1971 ecclesiastici
1109 1925 1164 1986 per
1178 1907 1351 1971 llominicas
1373 1923 1446 1970 suas
1470 1917 1502 1968 ot
1516 1923 1567 1986 pe·

288 2013 410 2092 ricopas
432 2009 639 2089 significanter
659 2008 801 2089 dispositi
824 2009 898 2072 ordo
924 2018 957 2074 et
976 2008 1160 2090 pulcritudo.

292 2161 298 2172 .
373 2111 420 2174 vt.
456 2111 681 2192 Apostolus,
715 2101 974 2186 Ἀπόστολος
1005 2129 1032 2173 s.
1062 2101 1344 2192 πραξαπόσνολος
1375 2127 1411 2172 ex
1440 2108 1568 2172 Actibus

287 2212 512 2294 Apostolorum,
540 2210 687 2291 Epistolis
707 2212 793 2274 Pauli
816 2220 847 2274 et
869 2209 1042 2284 Catholicis,
1071 2229 1128 2274 nec
1155 2227 1217 2273 non
1239 2208 1420 2290 Apocalypsi
1442 2227 1568 2290 compo·

289 2315 366 2377 situs
395 2321 453 2376 est.
498 2312 609 2376 Toxlus
637 2313 669 2374 in
696 2308 799 2392 plures
827 2323 930 2393 partes
959 2311 1073 2374 divisus
1096 2321 1127 2374 et
1148 2311 1254 2373 diebus
1277 2310 1404 2389 singulis
1427 2317 1459 2372 et
1482 2309 1568 2372 lestis

288 2413 397 2478 diebus
419 2413 672 2488 accommodatus,
696 2412 737 2474 ita
758 2423 793 2475 nt
814 2414 964 2495 completo
985 2412 1064 2475 libro
1087 2431 1121 2476 ea
1145 2430 1264 2493 quoque
1286 2412 1386 2474 omnia
1402 2411 1569 2473 terminen-

290 2527 346 2588 tur,
370 2513 505 2594 nihilque
527 2515 557 2576 in
580 2513 619 2576 iis
641 2513 690 2587 sit,
715 2514 794 2594 quod
817 2514 849 2576 in
870 2514 947 2576 libro
971 2531 1031 2576 non
1058 2513 1204 2577 hahentur
1229 2522 1260 2575 et
1280 2512 1461 2593 quaudoque
1477 2513 1569 2575 ctiam

290 2617 338 2679 bis
367 2625 398 2678 et
423 2623 480 2690 ter,
509 2623 543 2678 ut
570 2633 640 2678 sese
663 2613 766 2677 tulerit
787 2615 917 2688 occasio,
940 2616 1110 2697 repetitum.
1154 2615 1209 2678 Est
1230 2615 1303 2678 mihi
1324 2613 1489 2696 Apostolus
1511 2614 1569 2678 Vc-

290 2717 381 2782 nerito
410 2715 576 2797 impressus
604 2735 682 2778 anno
708 2719 800 2781 1706.
826 2721 860 2780 4.
889 2719 951 2780 312
966 2733 1069 2798 popm:
1097 2708 1314 2793 Ἀπόστολος,
1342 2705 1484 2800 πράξεις
1511 2709 1570 2778 καὶ

290 2812 469 2882 ἐπιστολαὶ
489 2808 545 2880 ἐπ’
568 2809 741 2903 ἐκκλησίας
766 2809 845 2882 καθ’
870 2809 1008 2902 hanape
1028 2810 1266 2904 κηρυννόμεναι
1286 2811 1405 2880 νεωστὶ
1423 2835 1570 2897 petow-

289 2920 466 2982 πωθεῖσαι
486 2937 522 2981 τε
543 2914 599 2982 καὶ
621 2916 882 3001 διορθωθεῖσαι.
907 2920 1031 2982 Adiecta
1054 2929 1101 2981 est
1113 2915 1199 2982 Pauli
1221 2917 1387 2981 sententia:
1409 2909 1429 3002 ἡ
1452 2909 1570 2991 πίστις

288 3011 384 3106 ἡμῶν
412 3009 471 3084 οὖν
498 3011 534 3082 ἕν
562 3014 670 3106 σοφίᾳ
696 3011 889 3105 ἀνθρώπων
911 3013 982 3086 ἀλλ’
1003 3015 1040 3086 ἐν
1062 3013 1202 3103 δυνάμει
1224 3020 1322 3086 Θεοῦ.
1365 3017 1567 3081 Novissimam

289 3121 430 3204 pagimm
453 3121 568 3184 obtinet
589 3111 716 3206 εἴδησις
735 3119 823 3207 πρὸς
843 3118 901 3186 τὸν
922 3113 1131 3210 ἀναγνώστην
1152 3121 1212 3186 τοῦ
1233 3109 1467 3198 &weneloch

374 3223 437 3286 vlt.
467 3213 752 3306 Ἀναμνώσεων
779 3224 895 3288 biber
923 3225 1059 3288 eontinet
1079 3224 1241 3288 Lectiones
1261 3242 1318 3304 per
1337 3232 1435 3284 totum
1456 3238 1567 3284 annm

290 3343 326 3388 ea
348 3333 448 3387 vetera
471 3331 649 3388 testamento
671 3325 855 3390 recitandas.

375 3425 451 3487 Vlll.
487 3425 733 3502 Psalteriuna,
760 3421 1014 3513 Ψαλνήριον,
1037 3427 1116 3490 liber
1138 3437 1168 3490 et
1190 3427 1221 3489 in
1242 3426 1343 3489 blissis
1367 3433 1396 3486 et
1417 3422 1449 3486 ln
1472 3423 1566 3486 blato-

291 3527 363 3590 linis
384 3525 528 3608 precibus
550 3527 674 3590 omuino
696 3527 728 3592 in
751 3529 891 3592 omnibus
913 3529 1022 3592 officiis
1043 3529 1317 3612 frequentissimus,
1339 3535 1491 3607 tamquam
1515 3523 1565 3607 qui

290 3645 412 3708 semper
429 3646 505 3709 prae
527 3627 666 3693 manibus
688 3630 738 3706 sit,
759 3630 831 3694 licet
850 3629 890 3692 ob
911 3629 1064 3694 assiduam
1086 3629 1167 3693 illius
1189 3629 1396 3692 recitationem
1419 3645 1566 3692 ememo-

290 3729 337 3792 ria
365 3730 431 3792 lere
463 3728 564 3792 omnia
595 3730 743 3794 dicantur.
786 3730 952 3794 Numerant
976 3731 1083 3794 Graeci
1111 3731 1165 3793 XX
1191 3730 1377 3793 Psalmorurn
1406 3729 1567 3794 Secuooes

377 3981 402 4045 ll
427 3983 559 4047 deonoti
586 3983 683 4036 Dente.
702 3985 738 4036 Vl.
762 4000 785 4052 p.
806 3983 872 4036 tut:
899 3985 960 4048 „llis
987 3985 1106 4038 Grieebeo
1134 3998 1231 4036 neuneu
1256 3984 1295 4036 die
1321 3983 1565 4047 Eveoaelienbocber,

290 4083 387 4120 vorant
414 4069 456 4118 die
486 4083 568 4123 moo-
596 4071 645 4120 ond
672 4071 839 4134 lestttglieben
866 4071 1011 4135 Pericopen,
1037 4069 1187 4133 gevbholieb
1211 4070 1255 4120 mit
1277 4071 1348 4120 einer
1375 4069 1466 4120 borean
1493 4069 1565 4118 l’ere·

291 4154 381 4219 phrase
399 4153 448 4206 uod
466 4153 602 4216 Erlltrnnp
627 4155 652 4204 in
670 4155 882 4218 neupriecbischer
898 4155 1006 4220 Sprecbe
1023 4155 1163 4218 vorpelesen
1188 4154 1293 4213 verdon
1311 4153 1493 4218 Spttaxaria
1515 4149 1564 4202 ond

290 4239 330 4290 die
353 4240 379 4290 in
395 4239 500 4302 teretia
522 4239 651 4302 besorateo
668 4241 794 4301 dungebeo
818 4240 867 4290 ond
885 4240 1009 4290 lhdructe
1027 4239 1155 4292 desselben
1174 4238 1228 4288 aiod
1246 4237 1409 4301 personnis
1426 4239 1450 4288 in
1469 4249 1565 4300 erotem

291 4323 375 4386 llenpe
398 4323 437 4374 bei
462 4323 508 4374 deu
532 4321 700 4385 griechischen
719 4325 830 4374 christon
854 4325 879 4376 in
897 4324 1072 4375 verder-leion
1096 4322 1249 4374 rerbreilet“
1283 4321 1314 4374 tlt
1336 4335 1379 4372 vox
1395 4311 1566 4386 ceratapon

291 4408 456 4471 vulgatissima
473 4407 572 4458 notione
589 4423 637 4458 non
655 4407 867 4470 Evangelisttrlom
885 4408 1011 4472 signillcat,
1028 4407 1072 4460 sed
1089 4408 1175 4460 breves
1191 4407 1250 4462 etue
1267 4407 1422 4468 Sanctorum,
1438 4404 1566 4460 elleaaeis

290 4501 426 4556 excerptae
502 4538 507 4546 .

297 4629 300 4636 ,
376 4577 402 4638 2)
423 4576 566 4643 hpoetolue,
589 4579 630 4644 qui
647 4591 732 4644 graece
750 4577 774 4628 io
793 4577 871 4628 laceto
889 4577 970 4642 prodit
987 4578 1119 4630 hoeeortee
1139 4576 1204 4630 atet
1221 4583 1246 4628 et
1265 4575 1339 4638 ΗΜ,
1362 4575 1456 4641 primes
1474 4575 1566 4626 Bw

292 4673 347 4709 ron
366 4660 427 4710 liber
444 4669 482 4712 eet
496 4663 558 4726 typis
576 4675 688 4726 mouens,
705 4663 778 4714 hodie
796 4662 946 4715 rarissimos.
