3360 5304
911 415 984 488 176

303 603 505 676 delictorum
547 611 759 694 nostrorum,
801 610 835 674 et
867 601 1101 675 remissionem
1133 609 1347 698 peccatorum
1383 609 1595 695 nostrorum,

306 729 367 803 per
394 703 534 800 gratiam
560 728 655 777 suam
682 715 715 776 et
741 703 974 776 miserationes
1001 729 1079 778 suas
1106 703 1141 775 in
1170 703 1312 777 saecula.

384 805 466 879 lloc
491 804 633 878 inclinat
663 830 699 879 se
726 806 772 878 ad
792 815 926 903 partem
951 805 1158 906 inferiorem,
1187 807 1303 878 eadem
1323 805 1593 904 pronann'ando,

307 909 484 1005 eodernque
516 908 612 981 nando
646 907 701 980 illi
727 908 962 1006 remandent:
1005 917 1075 981 tam
1107 906 1295 980 inclinatur
1326 931 1447 981 nereus
1480 907 1596 979 altare

307 1019 340 1084 et
369 1009 463 1083 dicit.

381 1112 474 1185 Deus
500 1109 650 1183 omnium
676 1109 853 1203 Dominus,
880 1110 924 1183 sit
951 1133 1026 1183 cum
1053 1109 1209 1184 omnibus
1236 1109 1334 1184 nobis
1360 1112 1595 1207 pergratiam

306 1235 401 1288 suam
428 1222 462 1286 et
486 1213 732 1304 miserationes,
759 1209 795 1283 in
822 1213 965 1285 saecula.
1018 1212 1135 1286 Amen.

384 1315 429 1388 m
462 1315 645 1387 inclinatas
671 1314 717 1386 ad
742 1314 928 1387 Diaconum
953 1315 1011 1412 qui
1037 1324 1088 1388 cat
1114 1339 1135 1387 a
1161 1314 1314 1401 sinistra,
1350 1313 1442 1387 dicit.
1496 1313 1594 1388 Deus

306 1416 456 1491 omnium
483 1416 646 1489 Dominus
681 1417 856 1489 confirmet
888 1417 988 1489 rerba
1020 1427 1088 1509 tua,
1123 1427 1157 1489 et
1189 1425 1337 1514 praestet
1368 1417 1432 1490 tibi
1456 1440 1594 1514 pacem,

307 1520 534 1616 suscipiatque
562 1517 764 1591 oblationem
791 1517 877 1591 hanc
903 1541 944 1591 ex
972 1519 1125 1592 manibus
1152 1519 1248 1611 meis,
1285 1541 1355 1616 pro,
1373 1543 1440 1612 me,
1467 1528 1502 1592 et
1528 1543 1594 1617 pro

307 1632 352 1714 te,
379 1645 440 1719 pro
467 1629 536 1692 toto
564 1643 704 1718 corpore
720 1619 892 1694 Ecclesiae
919 1631 1052 1694 sanetae
1071 1619 1272 1713 Catholicae,
1300 1632 1334 1692 et
1350 1644 1411 1718 pro
1432 1621 1594 1695 universo

306 1721 432 1796 mundo
459 1744 520 1818 per
545 1723 687 1817 gretiam
712 1723 786 1796 eius
813 1735 847 1796 et
871 1722 1105 1796 miserationes
1131 1723 1204 1796 eius
1232 1722 1266 1793 in
1293 1723 1435 1797 saecula.

574 1891 719 1965 Inclinat
745 1915 781 1965 se
808 1893 853 1965 ad
877 1893 988 1966 altare
1015 1900 1202 1966 et'secreto
1230 1892 1323 1966 dicit.

382 2025 437 2099 IX.
463 2025 605 2100 Domine
632 2026 781 2100 et'Deus
808 2037 923 2100 noster
948 2051 992 2100 ne
1015 2026 1157 2125 aspicias
1180 2027 1221 2098 ad
1242 2027 1490 2100 multitudinem
1512 2053 1595 2126 pec-

306 2138 457 2202 catomm
490 2138 694 2221 nostrorum,
728 2151 837 2226 neque
870 2137 1035 2202 avertatur
1069 2129 1215 2224 dignitas
1249 2140 1305 2202 tua
1342 2144 1479 2228 propter
1514 2153 1594 2226 gra·

305 2230 439 2302 ritatem
466 2230 692 2328 nequitiarum
718 2239 920 2324 nostrarum,
958 2231 1016 2306 sed
1043 2230 1270 2328 pergratiam
1297 2241 1388 2304 tuam
1414 2233 1592 2306 inenarra-

305 2330 407 2404 bilem
440 2332 610 2405 sanctifica
645 2331 846 2405 sacrificium
872 2333 974 2427 istud,
1010 2342 1044 2405 et
1070 2334 1109 2406 da
1137 2357 1198 2430 per
1225 2332 1305 2405 illud
1331 2334 1594 2431 possibilitatem

171 2489 175 2496 1
308 2443 342 2506 et
368 2433 536 2527 virtutem,
562 2434 609 2506 ite
636 2445 672 2506 ut
698 2433 905 2508 obliviscaris
931 2446 1067 2532 peccata
1094 2445 1209 2508 nostra
1234 2435 1350 2529 multa,
1379 2437 1492 2535 sisque
1511 2461 1595 2534 pro·

305 2536 421 2633 pitius,
449 2560 525 2608 cum
551 2535 818 2610 manifestaberis
845 2540 878 2610 in
907 2539 973 2611 fine
1001 2550 1199 2636 temporum,
1226 2537 1261 2610 in
1288 2538 1424 2611 homine
1451 2562 1594 2637 quema

306 2637 404 2710 nobis
431 2639 632 2732 assumsisti,
670 2639 943 2738 inveniamusque
970 2665 1082 2713 caram
1110 2651 1143 2712 te
1170 2641 1310 2735 gratiam
1337 2651 1372 2712 et
1394 2639 1593 2713 misericor-

305 2739 409 2913 ldqgm,
443 2740 603 2866 dignique
638 2741 823 2815 efficiamur
857 2742 1013 2816 laudandi
1040 2754 1073 2814 te
1100 2765 1176 2816 cum
1204 2741 1355 2814 coetibus
1382 2742 1594 2816 intellectua-

318 2857 328 2912 l
356 2863 405 2914 us,

488 3009 491 3017 ·
548 2975 670 3072 *Surgit
696 2986 729 3051 et
756 2978 837 3050 dicit
864 2977 949 3051 banc
978 2976 1172 3050 Orationem
1199 2989 1339 3050 secreto.

384 3109 590 3183 confitemur
614 3111 757 3185 Domine
785 3125 818 3187 et
844 3113 934 3186 Deus
968 3124 1085 3186 noster
1117 3113 1248 3186 divitias
1276 3111 1484 3188 abundantes
1511 3135 1592 3209 gra·

303 3211 372 3284 tiae
398 3221 473 3286 tuae
500 3235 580 3309 erga
608 3239 689 3288 nos:
716 3215 762 3288 Et
784 3216 1013 3314 prosequitur.
1050 3215 1114 3300 Qui
1142 3238 1218 3288 cum
1244 3226 1436 3312 peccatores
1463 3224 1497 3286 ct
1524 3214 1592 3288 hu·

305 3314 401 3388 miles
429 3339 593 3409 essemus,
620 3330 758 3415 propter
783 3318 1031 3392 multitudinem
1057 3317 1252 3390 clementiae
1282 3327 1359 3389 tuae
1386 3316 1496 3389 iecisti
1525 3340 1593 3389 nos

308 3417 429 3510 dignos
456 3417 710 3492 administrandi
736 3421 894 3515 mysteria
921 3431 1033 3492 sancta
1061 3419 1212 3518 corporis
1239 3430 1273 3492 et
1298 3419 1472 3514 sanguinis
1491 3417 1593 3490 Chri·

303 3520 350 3588 sti
376 3519 435 3590 tui.
489 3518 637 3594 Petimus
664 3521 823 3594 auxilium
849 3545 869 3593 a
895 3537 939 3614 te,
974 3523 1016 3594 ad
1042 3521 1147 3594 robur
1173 3521 1357 3594 animarum
1383 3533 1592 3613 nostrarum,

306 3629 344 3689 ut
377 3619 410 3689 in
447 3620 582 3692 caritate
615 3623 775 3718 perlecta,
813 3635 847 3695 et
879 3624 914 3694 in
951 3621 1016 3696 lade
1051 3648 1127 3696 vera
1160 3624 1433 3697 administremus
1460 3623 1594 3695 donum

306 3728 402 3791 tuum
437 3743 516 3815 erga
549 3743 622 3795 nos.
677 3725 800 3797 Canon.
852 3723 897 3796 Et
932 3725 1116 3798 reseremus
1150 3724 1210 3798 tibi
1244 3726 1389 3818 laudem,
1432 3724 1591 3821 gloriam,

307 3821 554 3896 confessionem
580 3836 615 3897 et
639 3827 879 3921 adorationem,
907 3851 996 3899 nunc
1022 3836 1057 3899 et
1082 3850 1226 3924 semper,
1254 3838 1288 3900 et
1307 3826 1493 3900 insaecula
1513 3849 1593 3898 sae-

305 3925 468 3999 cularum.

286 4041 292 4054 ·
383 4026 504 4123 Signat
530 4053 565 4101 sc
592 4029 686 4123 signo
712 4031 824 4103 erucis
851 4040 884 4102 et
910 4031 1120 4127 respondent.
1173 4029 1291 4102 Amen.

382 4161 421 4234 X.
462 4163 506 4236 Et
532 4165 758 4262 prosequitur.
812 4165 892 4238 Pax
919 4165 1147 4237 vobiscum.

391 4434 450 4498 Cap.
468 4435 495 4485 x.
530 4436 745 4486 Renatdotias
765 4436 781 4486 Ι.
793 4451 812 4486 a
832 4451 855 4501 p.
867 4435 977 4501 illlam:
995 4435 1022 4486 la
1041 4433 1101 4486 Cod.
1119 4435 1257 4495 recentiori,
1281 4447 1325 4497 pro
1345 4429 1457 4482 omnibns
1476 4429 1593 4480 Catholi-

307 4517 351 4566 cis.
386 4517 413 4567 la
432 4517 520 4569 Codice
540 4521 614 4582 littae,
633 4529 656 4570 et
675 4521 737 4582 allis,
756 4519 838 4571 ultima
857 4535 899 4571 ron
918 4521 1049 4583 caluitum
1069 4521 1158 4573 serrari
1177 4527 1256 4569 tamen
1275 4526 1355 4582 potest
1373 4521 1396 4564 et
1413 4513 1493 4574 debet,
1512 4513 1592 4563 moda

307 4599 433 4650 deleantur
454 4612 542 4666 puncta
568 4605 616 4655 duo
641 4621 702 4669 quac
721 4605 822 4668 pluralis
841 4603 1008 4656 numericam
1027 4612 1091 4665 sunt,
1115 4613 1138 4655 et
1157 4619 1219 4668 qnae
1236 4603 1266 4652 de
1284 4616 1328 4651 sno
1347 4599 1433 4651 adiecit
1451 4599 1491 4664 qni
1507 4596 1592 4647 aliam

308 4684 416 4735 codicem
441 4686 578 4754 descripsit.
612 4689 671 4739 Nom
691 4689 812 4740 catholica
838 4687 965 4752 legendam
986 4697 1030 4752 est,
1055 4703 1103 4754 qua
1122 4687 1219 4738 nomine
1238 4685 1374 4752 appellator
1392 4685 1469 4733 cratin
1488 4679 1591 4746 similis,
