3368 5308
679 437 751 510 527

79 617 140 694 καὶ
172 617 409 705 καταξίωσον
442 616 590 707 αὐτοὺς,
626 621 668 694 ἐν
698 615 801 748 γήρει
826 617 928 695 πίονι
951 626 1193 748 καταντῆσαι,
1219 621 1260 696 ἰν
1284 648 1352 696 κα-
1424 630 1427 643 “

80 723 186 818 θαρᾷ
212 728 260 817 τῇ
284 718 423 819 καριίίηι
449 719 787 823 ἐργαζομένους
743 750 811 850 της
835 717 985 806 ἐντολάς
1012 745 1092 851 σρυ.
1133 721 1197 796 Σὺ
1221 720 1296 898 γὰόρ
1321 719 1353 797 εἰ

81 851 99 896 ο
87 819 255 905 Θεὸς
233 830 357 919 ημῶν,
386 819 474 907 θεὸς
498 830 566 898 τοῦ
580 825 703 951 ἰλρεῖν
727 851 792 898 και
779 819 961 914 σώζειν,
986 823 1052 899 καὶ
1077 846 1136 898 σοι
1123 819 1282 919 τὴνδό
1284 825 1355 908 ξαν

82 921 349 1019 ἅναπέμπομεν
385 922 456 1050 συν
490 931 545 1023 τῷ
571 921 725 1023 ἀνόρχιμ
752 947 821 1000 σου
839 924 972 1056 πατρί,
996 924 1061 1000 καί
1085 931 1140 1022 τῷ
1140 924 1352 1054 παναγίιρ,

80 1023 139 1100 καὶ
171 1025 330 1154 ἀγαθῷ,
361 1025 426 1101 καί
461 1024 629 1124 ζωοποιῷ
663 1051 733 1102 σου
757 1023 953 1124 πνεύματι,
984 1033 1058 1104 νῦν
1088 1026 1154 1104 καί
1186 1026 1258 1117 ἀεὶ,
1289 1024 1353 1102 καί

82 1130 128 1214 εἰς
151 1125 243 1212 τοὺς
268 1132 408 1212 αἰῶνας
431 1135 510 1204 τῶν
536 1124 697 1204 αἰιόνυιν.

158 1238 335 1333 ἰθτειόι
375 1223 504 1327 Ἀμήν

605 1391 644 1463 Ὁ
666 1392 831 1478 διάκονος.

155 1513 395 1644 Ἀντιλαβρῦ,
423 1521 560 1642 σῶσον,
584 1503 741 1644 ἐλέησον.

165 1615 246 1712 Τὴν
269 1614 414 1714 ἡμέραν
440 1623 567 1692 πᾶσαν
591 1615 795 1706 τελείαν,’
772 1615 897 1718 αγίαν.

155 1717 333 1846 Ἄγγελον
357 1713 502 1816 εἰρήνης
521 1717 667 1807 πιστὸν,
694 1716 843 1846 ὅιίηγόν.

156 1813 431 1948 Σργγνυίμην
434 1819 499 1896 καὶ
524 1821 659 1920 ἄφεσιν
684 1828 762 1896 τῶν
771 1819 995 1944 66666666.

156 1914 221 1994 Τὰ
247 1919 345 1996 καλὰ
369 1920 433 1996 καὶ
458 1922 699 2020 συμφέροντα
724 1928 806 2006 ταῖς
829 1928 980 2019 ψυχαῖς.

166 2021 244 2098 Τὸν
269 2017 473 2100 ὑπόλοιπον
495 2021 637 2150 χρόνον
662 2031 727 2120 τῆς
753 2023 857 2120 ζωῆς

167 2123 247 2220 Τὴν
272 2121 428 2221 ἑνότητα
452 2132 518 2221 τῆς
542 2123 708 2209 πίστεως.

541 2287 715 2382 Ἐκφοίνως
735 2287 788 2360 6
777 2290 895 2380 ιερετς.

164 2409 242 2485 Καὶ
267 2410 548 2497 καταξίιυσον
526 2419 637 2508 ημᾶς,
664 2411 839 2502 δέσποτα,
864 2408 959 2508 μετὰ
975 2410 1233 2541 666666669’
1213 2439 1353 2486 αιιατα-

89 2495 213 2688 κρίτυλιές
238 2521 386 2614 τολμᾷν
405 2512 662 2590 ἐπικαλεῖσθαί
681 2541 734 2604 σε,
760 2514 828 2590 τὸν
845 2508 1070 2613 ἐπουράνιον
1090 2514 1182 2590 θεὸν
1199 2513 1354 2614 πατέρα,

89 2612 144 2686 καί
203 2642 297 2716 γειν.

162 2726 277 2800 Kal‘
258 2755 277 2798 o
298 2728 391 2813 λαὸς,
412 2729 463 2812 τὸ,
491 2712 667 2816 Πάτερ
645 2724 755 2814 ημιῦν
780 2719 821 2794 ἰν
846 2722 923 2802 τοῖς
948 2716 1157 2832 οὐρανοῖς.

542 2877 716 2974 Ἐκφιίνυς
737 2881 790 2954 6‘
778 2884 895 2974 ιερεὺς.

153 3001 236 3078 Ὅτι
272 3009 341 3132 σοῦ
373 3005 475 3078 ἐστιν
497 3033 522 3100 η
547 3003 732 3103 βασιλεία,
765 3003 829 3078 καὶ
861 3033 884 3100 η
870 3001 1071 3100 δυναμις
1109 3005 1173 3078 καὶ
1197 3035 1221 3102 η
1207 3001 1353 3094 δόξα,

92 3109 150 3228 τοί)
177 3103 333 3232 πατρὸς,
368 3103 432 3178 καὶ
462 3113 531 3180 τοῦ
563 3106 662 3195 υἱοῦ,
697 3104 854 3180 καὶτοῦ
870 3103 990 3232 ἁγίου
1016 3102 1245 3204 πνεύματος,
1280 3113 1356 3182 νῦν

92 3201 146 3276 καὶ
169 3203 240 3296 ἀεὶ,
265 3205 330 3280 καί
355 3209 405 3290 εἰς
428 3203 517 3292 τοὺς
542 3211 682 3292 αἰῶνας
705 3214 785 3282 τῶν
810 3201 970 3282 αἰώνων.

163 3315 337 3410 “.οχορός
377 3304 508 3404 Ἀμήν.

164 3417 343 3507 Ὁίερεύς
389 3406 530 3539 16666'66
555 3417 657 3485 πᾶσι.

165 3517 392 3604 Ὁθιάκονος
447 3510 522 3595 Τὰς
545 3509 756 3610 κεφαλὰς“
732 3519 845 3650 υμῶν
869 3517 924 3608 τῷ
949 3507 1079 3609 Κυρίῳ
1104 3506 1262 3584 κλίνατε.

167 3617 252 3694 Εἰτα
273 3625 557 3752 προςφίρετρι
521 3651 560 3696 το
575 3626 685 3696 κοινὸν
699 3624 870 3717 ποτήριον,
892 3651 949 3695 και
939 3620 1093 3715 εὔλογιῖ
1107 3621 1222 3696 αὐτὸ
1204 3651 1222 3696 ο
1239 3621 1355 3715 ἱερεύς.

168 3725 238 3796 Καὶ
258 3725 404 3815 λέγει
368 3753 428 3818 την
449 3725 544 3818 εὐχὴν
564 3725 697 3820 ταύτην.

608 3911 648 3982 ‘O
670 3909 834 3992 ιίιόκονος.

481 4091 556 4162 Τοῦ
582 4083 725 4185 Κυρίου
751 4082 959 4180 δεηθῶμεν.

166 4241 208 4322 0
235 4253 372 4340 Θεὸς
354 4285 374 4330 ο
407 4250 532 4332 πάντα
563 4251 718 4384 ποιήρας
748 4261 795 4350 τῇ
820 4248 925 4349 ἰσχύι·
947 4275 1029 4342 σου,
1061 4249 1126 4327 καὶ
1133 4245 1360 4378 στερειέοας

99 4339 158 4438 τὴν
187 4355 443 4486 οἰκουμένην
452 4355 516 4432 καί
534 4353 739 4484 ,κοσμησας
771 4355 838 4430 τὸν
871 4353 1058 4484 ρτέφαναν
1090 4348 1244 4426 πάντων
1275 4379 1356 4427 των

101 4459 368 4550 πεποιημένων
374 4457 448 4534 ὑπὸ
484 4465 564 4534 σοῦ.
611 4456 686 4532 Καὶ
720 4455 763 4531 τὸ
795 4453 972 4587 ποτήριον
1002 4452 1046 4529 τὸ
1077 4451 1205 4529 κοινὸν
1181 4459 1355 4580 ντοῦτρ,

101 4555 334 4656 παρεχόμενος
366 4567 442 4646 τοῖς
475 4563 704 4660 ουναφθεῖοι
738 4558 829 4658 πρὸς
854 4556 979 4661 γόμου
1003 4552 1218 4646 κοινωνίαν,
1251 4551 1355 4632 εὐλό-

100 4671 203 4748 ἰησον
226 4660 374 4766 εὐλογίᾳ
398 4670 640 4762 πνευματικῇ.
