3314 5304
916 411 989 486 358

643 590 681 661 ‘0
704 589 774 662 66‘
764 591 870 683 ιερεδς
891 589 1069 676 ἐπεύχεται
1087 599 1263 679 μυστικῶς.

398 699 509 775 Μετὰ
536 694 694 786 τούτων,
731 696 795 772 καὶ
819 697 923 792 ἡμεῖς
948 696 1027 772 τῶν
1052 697 1252 798 μακαρίων
1278 695 1488 794 δυνόαειον,
1520 699 1568 775 66-

316 828 433 880 σποτα
471 797 729 901 φιλοίνθρωπε,
764 800 919 898 βοῶμεν
953 798 1016 874 καί
1035 799 1224 924 λίγοαεν·
1262 800 1393 930 ἅγιος
1418 800 1474 891 εἶ,
1505 805 1569 878 καί

315 901 546 1032 παγοίγιος
573 904 790 998 (016613),
828 899 888 989 σὺ,
924 901 1002 975 καί
1028 899 1048 974 6
1074 901 1334 1026 μονογενής
1360 927 1443 977 σου
1467 905 1568 993 υἱὸς,

314 1007 389 1082 καὶ
425 1005 474 1080 τὸ
510 999 700 1098 πνεῦμά
730 1028 813 1078 σου
847 1001 897 1076 τὸ
934 1001 1069 1131 ἅγιον
1096 1005 1171 1098 (Ιεο.
1200 1007 1279 1102 29)·
1292 1001 1422 1132 ἅγιρς
1447 1003 1487 1094 εἶ,
1518 1007 1569 1080 καί

314 1104 539 1234 πανοίγιος,
532 1103 596 1180 καὶ
620 1073 942 1232 μεγαλοπρεπὴς“
921 1135 944 1200 η
971 1100 1063 1188 δόξα
1090 1129 1171 1194 σου,
1199 1107 1239 1190 ὃς
1262 1103 1331 1181 τὸν
1355 1103 1495 1202 κόσμον
1513 1131 1568 1182 σου

314 1209 432 1292 οὕτως
466 1204 671 1338 ἠγάπησας,
709 1206 854 1290 ῶςτετ
833 1205 900 1281 τὸν
920 1214 1109 1335 μονογενῆ
1137 1231 1205 1281 σου
1231 1199 1317 1282 6666
1342 1206 1533 1297 δοῦναι,’
1519 1239 1568 1282 ινο

313 1318 385 1394 πᾶς
410 1311 430 1386 6
456 1307 640 1384 πιστεύων
666 1313 716 1392 εἰς
741 1305 859 1435 αἰπὺν
883 1307 935 1404 μὴ
961 1306 1152 1404 ἀπόληται,
1179 1309 1295 1438 666³
1255 1339 1345 1436 εχη
1373 1307 1470 1406 ζωὴν
1495 1308 1569 1384 666

312 1441 412 1488 νιον.
442 1411 487 1495 ὃς
513 1409 686 1497 ἐλθὼν,
720 1408 797 1484 καὶ
822 1417 975 1538 πᾶσαγ
1000 1407 1083 1538 τὴν
1108 1407 1221 1505 ὑπὲρ
1246 1409 1376 1505 ἡμῶν
1403 1417 1568 1487 οἰκονο-

311 1513 425 1610 μίαν
461 1507 705 1642 πληρῶσας
739 1517 791 1608 τῇ
829 1509 977 1598 νυκτὶ,
1013 1504 1037 1606 6
1070 1510 1374 1640 παρεδίδοτο,
1410 1521 1569 1608 μᾶλλον

313 1613 416 1689 δὲ
398 1609 569 1688 ταυτὸν
590 1611 924 1708 παρεδίδομεν
902 1611 1015 1709 υπὲρ
1051 1620 1129 1708 τῆς
1159 1621 1243 1688 τοῦ
1268 1609 1447 1710 κόσμου
1472 1615 1569 1741 ζωης

313 1719 427 1814 (clem.
460 1717 607 1790 14.1εσ.
637 1717 711 1811 29),
748 1713 962 1810 66666'
945 1715 1091 1810 οίρτον
1118 1743 1166 1788 εν
1192 1721 1293 1799 ταῖς
1320 1714 1568 1845 ἁγίαιςαύ-

220 1893 225 1901 ,
311 1826 414 1906 τοῦ,
440 1817 517 1892 καί
544 1813 829 1943 όιχροίντοις,
846 1815 922 1889 καὶ
949 1813 1221 1942 ἆμωμήτοις
1242 1817 1429 1944 χερσίν,
1455 1815 1568 1913 εὐχό-

311 1917 555 2018 ριστήσας,
598 1918 662 1992 καί
697 1914 917 2020 εὐλογήσας,
956 1915 1175 2044 ἁγιάσας,
1213 1916 1406 2009 κλοίσας,
1444 1919 1567 1996 ἔδωκε

309 2027 407 2105 τοῖς
433 2019 551 2122 ἁγίοις
578 2019 724 2096 αὐτοῦ
750 2022 1022 2115 μαθηταῖς,
1037 2017 1113 2093 καὶ
1140 2017 1425 2106 ἀποστόλοις
1444 2018 1569 2096 εἶπόν

311 2117 500 2235 (66616.
529 2122 665 2197 Ιιο.30.
692 2123 753 2196 Μο.
774 2125 844 2218 16).
869 2151 897 2198 0·

842 2231 1052 2326 Ἕκφώνησις.

382 2337 598 2468 Λόβετε,
635 2337 828 2468 φηίγετε,
864 2337 1005 2414 τοῦτό
1031 2337 1121 2436 μού
1147 2343 1242 2413 ἐστι
1270 2339 1320 2416 τὸ
1347 2347 1495 2437 σῶμα,
1528 2341 1566 2414 τὸ

308 2442 421 2572 ὑπὲρ
446 2443 576 2538 ἡμῶν
601 2438 840 2536 κλιόμενον
867 2443 971 2524 εἷς
955 2443 1126 2539 οίφεσιν
1145 2441 1402 2542 ἅιιαρτιῶν.
1428 2454 1566 2546 Ὁχορός

301 2543 442 2640 Ἀμήν
468 2547 581 2636 (Clem.
598 2545 747 2618 14.1οτ
761 2546 820 2618 30
848 2546 995 2641 111ο.16).

397 2657 524 2727 Ίοίτοο
555 2659 592 2726 66
619 2657 811 2746 λεγομένου,
842 2655 982 2728 δεικνύει
1009 2663 1057 2748 τῷ
1084 2657 1167 2747 ἱερεῖ
1194 2687 1213 2728 ο
1201 2655 1445 2742 διακονος
1411 2687 1468 2730 τον
1488 2657 1566 2747 ἅγιοι

310 2757 432 2836 δίσκον,
464 2767 592 2847 κρατῶν
623 2761 680 2829 καί
711 2760 749 2828 τὸ
769 2757 926 2884 ῶροίριον
956 2767 1029 2840 τοῖς
1059 2761 1174 2922 6666t
1181 2759 1356 2841 δακτύλοις
1382 2768 1442 2876 τῆς
1463 2761 1566 2843 δεξιᾶς.

306 2858 450 2948 Ὁμοίως
470 2861 527 2930 καὶ
549 2861 629 2930 ὅταν
651 2858 779 2950 λέγει(
761 2888 780 2929 ο
803 2857 910 2985 ίερεῦς
930 2862 969 2930 τὸ
997 2847 1174 2929 Πίετεί
1154 2893 1170 2932 ς
1198 2849 1316 2924 αὐτοῦ
1342 2845 1485 2934 ποίντες.

391 2961 600 3032 Σονδεικνίει
619 2964 676 3032 καί
699 2959 799 3042 αὐτὸς
818 2963 857 3030 τὸ
880 2961 974 3050 ἅγιον
996 2961 1169 3052 ποτήριον,

674 3127 681 3148 .
765 3078 803 3148 ‘0
826 3079 932 3170 ἱερεὺς
951 3089 1127 3168 μυστικῶς.

385 3184 581 3279 Ὁμοίως
614 3184 693 3261 καὶ
728 3184 779 3259 τὸ
814 3185 1044 3284 ποτήριον
1078 3183 1194 3282 μετὰ
1227 3185 1277 3260 τὸ
1312 3185 1565 3284 δειπνῆσαι,

307 3287 461 3388 λέγων.

841 3381 1052 3475 Ἔκφώνησις.

391 3487 531 3562 Πίετε
568 3491 614 3573 ἐξ
650 3489 795 3614 66606
832 3487 1028 3578 ποίντες,
1072 3487 1211 3620 60666
1247 3493 1344 3565 ἐστι
1382 3491 1432 3566 τὸ
1467 3485 1566 3615 6666

305 3617 415 3684 μου,
442 3590 492 3663 τὸ
517 3598 597 3686 τῆς
620 3589 785 3686 καίνης
810 3587 1063 3688 διαθήκης,
1100 3591 1148 3666 τὸ
1175 3590 1291 3688 ὑπὲρ
1317 3591 1468 3718 ὑμῶν,
1501 3590 1565 3667 καὶ

306 3697 488 3767 πολλῶν
513 3689 832 3786 ἐκχανόμενον
857 3693 972 3775 ew
947 3718 1119 3789 αφεσιν
1144 3692 1402 3791 ἁμαρτιῶν.
1427 3703 1566 3796 Ὁχορός·

298 3789 438 3889 Ἀμήν
465 3795 578 3886 (Clem.
595 3796 652 3868 14.
680 3796 744 3867 lac.
758 3796 817 3868 36.
845 3795 907 3868 Μο.
924 3795 994 3891 16).

664 3923 737 3994 “0
725 3928 833 4056 ιερεύς
853 3925 1028 4013 ἐπεύχεται
1047 3933 1224 4014 μυστικῶς.

389 4030 492 4104 XXX.
540 4036 633 4125 Μεγ
619 4031 847 4158 μνημὲνοι
883 4030 1049 4108 τοίνυν
1084 4039 1176 4160 τῆς
1200 4029 1435 4130 σωτηρίου
1467 4023 1567 4104 ταό-
1641 4085 1642 4097 .

303 4158 381 4226 της
406 4135 611 4228 ἐντολῆς·
649 4131 726 4206 καὶ
763 4131 951 4210 πόντων
976 4141 1068 4209 τῶν
1093 4131 1207 4230 ὑπὲρ
1233 4132 1363 4230 ἡμῶν
1388 4159 1566 4236 γεγενη-

307 4275 616 4288 Μαύ-

388 4335 446 4402 Cup.
466 4337 543 4388 XXIX.
579 4337 609 4388 11.
629 4337 654 4388 C.
673 4339 730 4388 Ven.
748 4339 805 4390 681.
830 4365 863 4376 -
880 4333 1043 4396 ἀποστόλοις
1063 4329 1161 4390 ελπιίν.
1193 4331 1223 4388 Ὁ
1246 4334 1335 4404 ἱερεὺς
1357 4337 1444 4390 κλίνει
1467 4337 1566 4402 1676-

304 4413 396 4486 φαλὴν
419 4419 467 4469 καί
491 4420 579 4488 αἴρων
602 4415 651 4482 τὴν
673 4413 767 4478 δεξιὰν
791 4417 878 4472 αὐτοῦ
893 4417 963 4491 μετὰ
981 4417 1125 4487 εὐλαβείας
1141 4418 1249 4490 εὐλογεῑ
1267 4419 1314 4473 τὸν
1330 4419 1415 4488 ἅγιον
1432 4411 1511 4486 όρων
1526 4415 1566 4468 ἔκ-

304 4495 406 4568 φῶνως
427 4501 530 4570 λέγων·
555 4494 649 4568 λάβετε
674 4503 730 4555 κτλ.
762 4497 792 4554 '0
815 4501 845 4555 δὲ
869 4495 997 4564 διάκονος
1014 4505 1070 4556 κτλ.
1096 4499 1248 4574 -’όμοίως
1265 4504 1312 4557 καί
1329 4497 1393 4558 ὅτου
1411 4497 1540 4573 όναηωνι]
1553 4491 1565 4549 ὃ

303 4579 403 4654 ἱερεύς·
422 4581 455 4636 τα
474 4585 509 4638 66
527 4583 557 4638 ἔκ
575 4573 629 4638 τῶν
646 4589 711 4641 σῶν,

389 4669 447 4735 Cap.
465 4672 532 4722 XXX.
567 4673 677 4726 λεῑσειοι
700 4675 820 4742 ιίιοτςίιι
837 4677 883 4729 τίω
903 4678 1007 4744 Spiritus
1025 4678 1105 4730 Sancti
1126 4693 1172 4746 ησι
1190 4679 1261 4746 panis
1279 4686 1303 4729 ει
1319 4679 1399 4729 vinum
1417 4691 1503 4744 ωτροε
1519 4671 1564 4724 τῶ·
