3368 5308
735 361 812 438 479

213 539 282 614 Pax
308 542 400 615 robis
430 543 597 617 omnibus.
1276 589 1280 594 ·

212 643 418 740 Incognitae,
445 645 785 743 incomprehensibili,
809 650 1077 749 trihypostaticae
1094 657 1217 731 Deitati
1240 658 1413 735 Trinitatis

134 755 288 838 sanctae„
312 746 615 841 consubstantialis,
643 750 788 824 vivificae
815 763 849 824 et
874 753 1064 831 individuae
1090 760 1136 833 sil
1167 761 1285 858 gloria,
1319 775 1412 861 pote·

134 857 205 919 stes
230 858 283 935 et:
293 847 401 925 honor
427 869 517 922 nuno
543 861 577 922 et
601 875 735 950 semper
761 865 794 926 et
819 855 854 927 in
884 858 1029 932 saecula.
1343 859 1346 866 ’

211 948 382 1024 Sacerdos
399 951 501 1044 tavae
524 977 656 1026 monuo.

210 1051 396 1126 Diaconos.
447 1053 601 1146 Domine,
628 1055 781 1131 benedic.

210 1153 302 1225 Dein
327 1153 495 1228 Sacerdos
521 1166 672 1230 eoactum
695 1183 842 1232 mennam
869 1161 1052 1252 occulatur,
1080 1166 1251 1240 descendit
1276 1167 1313 1240 in
1336 1187 1411 1244 me*

133 1257 224 1330 mom
253 1256 428 1330 ecclesiam
454 1266 487 1329 ot
513 1258 595 1330 dicit
622 1259 712 1331 alote
736 1283 836 1333 uoce:
946 1319 950 1330 ,

208 1360 408 1452 Benedicas,
443 1359 598 1452 Domine,
632 1361 674 1433 iis
708 1363 764 1459 qui
791 1363 995 1440 benedicunt
1019 1377 1052 1440 te
1079 1379 1113 1441 et
1138 1372 1318 1467 sanctifica,
1351 1376 1409 1475 qui
1442 1365 1446 1374 “
1476 1387 1480 1393 '

130 1473 270 1559 sperant
296 1463 399 1535 inte.
452 1461 548 1534 Salva
574 1464 733 1559 populum
760 1476 865 1558 tuum,
893 1467 1071 1544 benedicas
1098 1470 1293 1548 haereditati
1319 1487 1409 1571 tuae,

131 1588 303 1656 conserve
321 1564 482 1637 ecclesiae
509 1574 583 1637 tuae
610 1565 892 1662 plenitudinem.¹)

208 1661 388 1740 Sa'notilica
423 1689 559 1758 omnes,
602 1668 659 1764 qui
694 1668 847 1764 deligunt
877 1670 995 1745 domus
1030 1683 1106 1748 tuae
1139 1679 1410 1774 pulcritudinem.

130 1767 289 1840 Glcrilica
322 1769 413 1864 ipsos
447 1769 557 1840 divina
592 1779 646 1841 tua
671 1771 819 1866 potentia
844 1795 954 1870 neque
981 1775 1115 1849 deseras
1141 1803 1216 1871 nos,
1251 1782 1307 1878 qui
1334 1805 1411 1879 spen

127 1894 249 1944 mmus
272 1871 307 1942 in
335 1881 378 1943 te.
420 1870 470 1943 Da
495 1893 610 1966 pacem
638 1871 795 1944 universo
821 1872 906 1966 orbi,
941 1877 1092 1950 ecclesiis
1119 1889 1153 1950 et
1178 1884 1408 1958 sacerdotibus

129 1973 180 2066 [et
214 1973 367 2069 piissimo
401 1974 630 2065 Aulocratori,
665 1996 785 2068 magno
819 1977 960 2074 principi
997 1977 1133 2052 Nicolao
1169 1980 1409 2079 Pavvlowitsolr,

129 2076 283 2148 omnium
314 2073 511 2148 Russiarum
536 2075 759 2172 Imperatori],
793 2075 836 2149 da
868 2102 984 2174 pacem
1018 2082 1176 2156 exercitui
1188 2082 1213 2179 ²>
1248 2096 1282 2157 et
1315 2088 1407 2160 omni

128 2177 254 2272 populo
288 2187 357 2248 tuo.
410 2176 517 2252 Omne
552 2179 640 2249 enim
667 2178 780 2249 datum
807 2180 970 2276 optimum
996 2193 1031 2254 et
1055 2207 1155 2256 omne
1181 2187 1304 2260 donum
1331 2213 1408 2286 per·

127 2278 256 2350 lectum
284 2279 500 2352 descendite
528 2290 571 2371 te,
599 2301 618 2350 a
644 2278 740 2350 Patre
766 2280 948 2354 luminum:
977 2284 1031 2357 eui
1058 2286 1174 2381 gloria,
1200 2299 1348 2385 potestas
1374 2302 1409 2365 et

127 2379 241 2452 honor
267 2391 302 2452 et
326 2380 515 2453 benedictio
542 2405 636 2454 nunc
659 2391 693 2452 ot
718 2405 861 2478 semper,
889 2395 924 2457 et
949 2385 983 2458 in
1010 2389 1152 2462 saecula.
1196 2391 1314 2464 Amen.
1362 2389 1409 2468 ‘0

128 2480 298 2581 εὐλογῶν
322 2479 410 2564 τοὺς
434 2480 679 2582 εὐλογοῦντας
703 2485 834 2581 peto.
1311 2502 1314 2510 “
1403 2549 1405 2556 .

211 2583 352 2724 Cleopuo.
404 2583 626 2660 Benedictum
662 2586 707 2658 sit
739 2587 1022 2664 nomenDomini
1055 2593 1162 2665 nostri
1196 2604 1346 2687 nuncet
1371 2594 1407 2668 in

128 2686 309 2781 saecula.)

208 2787 388 2860 Sacerdos.
441 2784 510 2878 Tu,
545 2811 564 2858 o
598 2788 744 2881 Christe,
779 2791 971 2887 redemptor
1004 2805 1130 2888 nosoer,
1164 2821 1201 2869 es
1234 2797 1408 2894 plenitudo

128 2889 217 2984 legis
253 2898 288 2961 et
319 2887 568 2985 prophetarum.
621 2889 685 2974 Qui
713 2893 916 2987 complevisti
945 2919 1042 2967 omno
1069 2909 1245 2993 paternum
1270 2899 1406 2972 manda·

129 3001 215 3082 tum,
251 3015 314 3062 nos
351 3013 483 3088 quoque
517 2991 682 3089 compleas
701 2993 844 3089 ¹Spiritu
871 3004 928 3067 tuo
956 2995 1090 3070 Sancto.
1146 2996 1197 3070 Td
1222 2996 1406 3099 πλήρωμα

127 3097 199 3165 τοῦ
225 3097 348 3184 νόμου
374 3092 504 3189 p.371.

209 3193 349 3266 (litoreo.
402 3194 553 3285 Alleluia,
581 3192 731 3287 Alleluia,
758 3196 909 3270 Alleluia.

208 3295 388 3368 Diocoauo.
442 3295 623 3392 Sapientia.

210 3395 389 3470 Sacerdos.
442 3397 508 3470 Pax
535 3396 703 3470 omnibus.

209 3498 348 3572 Chorus.
401 3498 546 3573 Etcum
573 3501 692 3596 spiritu
725 3510 793 3573 tuo.

208 3600 389 3674 Diaconos.
442 3602 625 3674 Audiamus
653 3625 728 3674 cum
755 3603 886 3674 timore.

209 3701 388 3775 Sacerdoa.
441 3701 522 3775 Pars
548 3703 732 3799 Evangelii,
760 3703 849 3803 quod
876 3703 1075 3800 conseripsit
1091 3703 1235 3778 Sanctus
1254 3707 1406 3780 loannes.

219 3959 242 4018 l)
260 3958 347 4008 Steck:
371 3958 419 4008 Der
437 3958 541 4010 Diacon:
566 3957 653 4020 Segne,
678 3957 747 4008 llerr.
783 3957 884 4008 llieraul
905 3957 991 4008 nimmt
1008 3973 1035 4009 er
1051 3958 1106 4020 (der
1124 3957 1238 4020 Priorum)
1256 3959 1299 4009 dae
1317 3958 1407 4022 heilige

130 4043 284 4106 Euangeliou
304 4045 327 4093 tn
345 4044 414 4093 selue
432 4043 522 4104 litarde,
541 4043 606 4092 belet
623 4055 653 4092 aa
672 4042 720 4092 und
738 4042 806 4093 locet
823 4043 869 4093 den
887 4042 960 4092 lltar.
996 4043 1048 4094 llud
1065 4044 1181 4094 nachdem
1200 4059 1227 4093 er
1244 4045 1268 4094 in
1287 4043 1325 4093 die
1341 4043 1406 4094 llltte

131 4128 175 4178 der
193 4127 279 4178 llirclre
303 4127 531 4190 harabgelommen,
556 4127 649 4192 sprienr
673 4141 699 4176 er
722 4125 773 4177 laut
799 4128 842 4178 dae
865 4126 979 4189 lolpeude
997 4128 1086 4178 Debet:
1111 4129 1159 4178 Der
1176 4129 1211 4177 Dn
1236 4135 1333 4189 regnent
1356 4126 1405 4188 die,

129 4213 221 4263 welclre
240 4211 299 4280 Diqlr
323 4227 413 4274 aegnen
438 4213 486 4263 und
511 4211 582 4273 hellis
607 4211 715 4261 machont
732 4211 771 4261 die
789 4213 832 4261 ani
846 4209 905 4260 Dieh
924 4211 1071 4262 llotlenden:
1095 4219 1184 4262 arrone
1201 4211 1262 4261 Dein
1278 4210 1338 4261 volt
1355 4211 1406 4262 und

130 4313 205 4361 segne
224 4293 282 4347 Dein
301 4295 372 4358 Erue,
391 4297 483 4348 erhilte
501 4298 539 4348 dle
557 4279 730 4348 Gelammthait
748 4295 835 4345 Deiuer
853 4295 954 4358 lltrelre;
979 4297 1070 4359 remige
1087 4295 1138 4356 Die,
1162 4294 1253 4346 welche
1272 4295 1314 4346 mit
1332 4293 1406 4345 Liebe

131 4383 170 4432 die
197 4383 330 4432 smerden
356 4382 444 4432 Delnee
470 4381 563 4436 llaueee
591 4381 715 4431 rerehren.
761 4379 926 4430 lerherrliclre
951 4379 987 4430 Du
1013 4393 1060 4430 une
1088 4379 1132 4430 mit
1157 4379 1247 4430 Delner
1271 4379 1405 4442 getulicum

130 4467 198 4518 man
216 4481 313 4518 u.e.vr.
1247 4523 1248 4528 ,

217 4551 243 4610 2)
261 4552 346 4602 Steclr:
364 4575 398 4588 ·-
416 4551 503 4614 denen,
520 4551 611 4602 welche
629 4551 668 4602 dio
685 4549 775 4600 wellen
795 4551 834 4600 ror
849 4551 885 4601 ele
903 4549 983 4612 (reges
1001 4548 1134 4612 christiani)
1152 4550 1264 4601 uolumen.
1317 4575 1320 4584 .

217 4636 243 4698 3}
260 4637 346 4688 Seeck:
364 4637 412 4687 Dm
431 4637 490 4690 tolla
507 4638 599 4703 vprleht
617 4635 732 4688 drotmat:
750 4637 781 4687 Ea
800 4637 836 4686 eet
854 4637 898 4686 der
914 4635 990 4686 Nauae
1008 4648 1100 4686 unu.
