3314 5304
656 423 730 499 355

67 607 127 706 ἐφ’
153 605 303 783 ἡμᾶές,
329 605 408 680 καὶ
433 607 519 684 ἐπὶ
532 607 585 682 τὰ
612 606 899 738 προκείμενα
925 607 1054 708 δοῦρα
1080 617 1232 688 ταῦτα
1258 615 1335 708 (lae.

68 707 219 808 26),καί
244 705 305 783 ἐπὶ
330 704 455 784 πάντα
480 708 549 786 τὸν
573 705 667 787 λαόν
692 731 773 787 σου.

581 872 620 943 Ὁ
643 873 806 958 διάκονος.

132 978 368 1108 Αντιλαβοῦ,
396 985 534 1068 σοῦσον,
561 979 709 1076 ἐλέησον
735 1008 798 1055 και
786 977 1097 1081 διαφύλαξον“
1074 990 1174 1080 ημᾶς
1199 1011 1219 1056 ο
1205 979 1335 1066 “Θειίς

68 1087 107 1177 25
131 1075 437 1276 σδὴίιάίήίίίραν
461 1187 618 1257 πᾶσαν
653 1179 857 1310 τελείαν,
890 1180 1053 1312 ἁγίαν,
1089 1183 1334 1284 εἰρηνικὴν

67 1282 134 1480 ηρ)
159 1279 522 1511 1διῖηαμοίρτητον,
555 1282 679 1380 παρὰ
704 1290 788 1358 τοῦ
813 1284 993 1380 Κυρίου
1021 1282 1333 1382 αἰτησαίμεθα

133 1487 350 1613 Αγγελον
375 1480 585 1581 εἰρήνης,
611 1483 779 1562 πιστὸν
806 1483 1013 1615 ὁδηγὸν,
1027 1481 1214 1584 φύλακα
1238 1496 1333 1564 τῶν

70 1595 233 1716 ψυχῶν
254 1586 333 1660 καί
366 1593 460 1662 τῶν
486 1583 714 1683 σωμάτων
739 1586 871 1684 ήμῶν
896 1586 1018 1686 παρὰ
1044 1595 1127 1664 τοῦ
1153 1588 1333 1687 Κυρίου

70 1684 367 1816 αἰτησαίμεθα
393 1691 468 1782 (lac.
498 1691 570 1785 12).

142 1785 482 1917 Συγγναίμην,
504 1789 581 1864 καί
618 1789 791 1887 ἄφεσιν
825 1795 918 1864 τῶν
954 1787 1221 1918 ἁμαρτιῦν,
1256 1791 1334 1867 καὶ

71 1899 149 1967 τῶν
173 1887 630 2019 ηλημμελημοίτων
607 1897 739 1986 ημῶν
767 1891 841 1985 (lac
872 1893 944 1988 12),
971 1889 1073 1989 παρὰ
1099 1900 1168 1967 τοῦ
1188 1891 1333 1992 Κυρίου

71 1989 311 2120 αἰτησαίμεθα.

145 2095 206 2169 Τὰ
239 2093 378 2184 καλοὶ,
411 2093 490 2168 καί
522 2093 828 2192 συμφέροντα
854 2098 957 2178 ταῖς
982 2099 1157 2190 ψυχαῖς
1181 2093 1333 2192 ἡμῶν,

71 2195 135 2270 καὶ
159 2192 348 2293 εἰρήνην
372 2202 434 2294 τῷ
460 2192 639 2294 κόσμῳ,
665 2193 788 2293 παρὰ
813 2203 896 2271 τοῦ
922 2193 1102 2293 Κυρίου
1129 2193 1335 2294 αἰτησαί-

73 2300 180 2392 μεθα
206 2301 282 2394 (lac.
305 2300 375 2393 12).

148 2399 235 2476 Τὸν
267 2395 527 2526 ῦπόλοιπαν
560 2393 736 2494 χρόνον
770 2405 850 2494 τῆς
884 2395 1052 2494 ζωῆς
1031 2405 1164 2527 ημηῦν
1196 2401 1245 2474 ἐν
1270 2403 1335 2472 εἰ-

76 2495 192 2626 ρήνη,
217 2499 295 2576 καὶ
318 2496 550 2629 μετανοίᾳ
576 2498 861 2574 ἐκτελέσαι
839 2507 976 2596 ημᾶς,
1003 2498 1124 2598 παρὰ
1149 2528 1232 2576 του
1213 2506 1335 2575 Kv-

76 2601 165 2696 ρίου
191 2597 499 2698 αἰτησαίμεθα
525 2602 599 2692 (lac
625 2602 696 2698 12).

143 2701 410 2802 Χριστιανοὶ
444 2700 500 2776 τδι
533 2701 635 2798 τέλη
660 2709 740 2798 τῆς
766 2701 927 2798 ζωῆς
905 2709 1056 2832 ημρίν,
1090 2697 1336 2794 ἀνώδυνα,

77 2803 433 2900 ἀνεπαίσχυντα,
477 2803 713 2900 εἰρηνικὰ,
756 2803 837 2878 καὶ
879 2801 1025 2900 καλὴν
1071 2801 1336 2936 ἀπολογίαν

76 2905 144 3001 τὴν
176 2909 250 2982 εἰεί
284 2914 366 2980 τοῦ
401 2905 611 3004 φοβεροῦ
635 2902 866 3004 βήματος,
901 2904 1023 3004 παρὰ
1048 2915 1131 2982 τοῦ
1156 2907 1336 3005 Κυρίου

78 3005 366 3105 αἰτησαίμεθα
393 3011 468 3103 (lac.
498 3009 568 3104 12).

141 3117 219 3206 Τῆς
244 3108 497 3237 παναγίας,
519 3104 775 3236 ἀχρηίντου,
793 3106 1336 3236 ῦπερευλογημίνης,ἐν

77 3207 218 3301 δίξου,
253 3209 553 3308 δεσποίνης
531 3217 662 3335 ημρίν
691 3205 940 3297 Θεοτόκου,
975 3207 1053 3282 καὶ
1079 3209 1337 3337 ἀειπαρθή-

77 3337 145 3386 νου
170 3311 377 3412 Μαρίας,
412 3311 530 3408 μετὰ
556 3307 748 3386 πάντων
773 3317 866 3385 τῶν
892 3306 1042 3438 ἁγίων
1066 3309 1338 3441 μνημονεῦ

79 3435 245 3504 σαντες,
282 3413 500 3502 ἑαυτοὺς,
543 3411 620 3488 καὶ
656 3407 903 3507 ἀλλήλους,
949 3409 1028 3484 καὶ
1064 3419 1219 3489 πᾶσαν
1254 3411 1338 3508 τὴν

80 3509 235 3612 ζωὴν“
214 3523 345 3614 ημῶν
368 3521 561 3613 Χριστῷ
586 3521 647 3612 τῷ
678 3517 770 3611 Θεῷ
797 3509 1133 3612 παραθαίμεθα
1160 3516 1235 3610 (lac.
1266 3516 1337 3613 31)

519 3676 591 3747 ‘0‘
581 3679 687 3767 ιερεὺς
709 3675 875 3769 ἰκφοίνως.

148 3783 232 3858 Διὰ
257 3791 352 3858 τῶν
386 3790 646 3882 οἰκτιρμῶν
671 3792 753 3859 τοῦ
779 3791 1071 3910 μονογενοῦς
1096 3808 1182 3860 σου
1206 3784 1339 3875 υἱοῦ,

83 3885 167 3967 μεθ’
189 3879 240 3960 οὗ
266 3884 516 3989 εὐλογητὸς
541 3884 579 3960 εἰ
606 3885 689 3961 σῦν
714 3893 775 3984 τῷ
797 3883 1061 4012 παναγίῳ,
1058 3913 1136 3960 και
1123 3886 1340 4014 ἀγαθῷ,

83 3984 145 4057 καὶ
177 3986 387 4085 ζωοποιῷ
424 4012 509 4062 σου
535 3982 788 4083 πνεύματι,
825 3994 912 4062 νῦν
937 3986 1015 4060 καί
1041 3986 1134 4076 ἀεὶ,
1171 3985 1250 4063 καί
1275 3990 1341 4070 εἰς

82 4085 174 4170 τους
197 4093 373 4171 αἰωνας
397 4097 489 4164 τῶν
516 4085 702 4164 αἰώνων
730 4091 804 4185 (Ιαο.
832 4091 892 4164 27.
920 4089 1022 4164 Clem
1052 4091 1124 4186 10).

613 4250 652 4320 ‘0
675 4251 790 4341 ἱερεύς.

153 4357 286 4431 XXVII.
339 4352 515 4454 Εἰρήνη
541 4364 665 4431 πᾶσι.

91 4507 367 4531 Ἢ-

156 4591 209 4657 Cap.
226 4593 313 4645 nvn.
347 4595 407 4656 (5⁰5.
424 4595 450 4645 B.
468 4586 661 4661 ίιγαιιήσαμεν
678 4585 820 4656 ἀλλήλους.
854 4592 913 4645 Καὶ
928 4585 1000 4662 μετὰ
1016 4599 1047 4644 το
1064 4589 1183 4657 δοθῆναι
1199 4586 1249 4656 τήν
1265 4583 1342 4660 ἀγοί-

93 4679 136 4732 πυ
153 4671 220 4740 λέγει
240 4669 254 4728 5
278 4667 420 4736 διάκονος·
444 4673 493 4735 τὰς
513 4669 603 4746 θύρας
624 4674 681 4726 κτλ.
715 4677 792 4730 Etiam
810 4679 837 4731 G.
856 4679 957 4731 omiuit:
979 4674 1028 4729 ἵνα
1050 4673 1083 4730 ἐν
1104 4669 1223 4746 ὁμονολρ
1240 4675 1297 4731 κτλ.
1315 4685 1342 4730 εἰ
