3368 5308
679 443 754 518 473

153 625 324 700 Sacerdos
346 636 553 723 prostrates,
581 627 659 701 duan
685 653 722 702 se
743 641 964 727 praetemunt
990 639 1112 720 omnes,
1139 636 1198 732 pai
1220 635 1355 726 adeunt,

74 737 152 801 orat
180 738 331 800 secreto:
1314 795 1317 800 .

151 828 278 902 Sancte
304 829 462 926 Spiritus,
490 841 605 903 auctor
631 841 665 904 et
690 832 767 910 sous
793 832 890 926 vitae,
925 833 1019 908 dator
1044 835 1268 933 perfectorum
1296 837 1357 911 do·

73 955 210 1023 norum,
245 931 435 1004 miserearis
469 933 549 1005 huic
574 935 695 1032 populu
723 946 791 1028 tuo,
826 936 884 1032 qui
909 947 1095 1033 prostratus
1123 949 1211 1012 tuam
1239 935 1369 1014 adorat

73 1032 295 1106 divinitatem.
348 1033 516 1107 conserva
548 1059 606 1108 eos
633 1061 652 1108 a
677 1031 1013 1134 pcccato'immunes'
1034 1041 1255 1136 imprimendo
1284 1043 1355 1116 ani·

74 1136 138 1208 mis
165 1136 318 1232 ipsorum
346 1135 486 1209 eandem
507 1131 702 1232 imaginem,
729 1163 829 1237 quam
856 1142 1023 1238 recipiunt
1048 1142 1083 1214 in
1110 1144 1180 1215 suis
1207 1146 1354 1242 corpori·

75 1236 150 1330 bus,
187 1249 226 1310 ut
260 1237 363 1434 ipsisi)
378 1237 551 1312 inhaereat
583 1250 617 1312 et
643 1263 700 1314 eos
726 1241 905 1338 participes
931 1243 1031 1316 iaciat
1056 1244 1234 1339 bonorum,
1270 1269 1355 1343 quae

75 1351 215 1410 ventura
243 1349 331 1410 suut.
448 1403 449 1410 ,

150 1440 338 1513 Diaconos.
391 1439 546 1533 Domine,
572 1441 740 1523 benedic.

151 1541 323 1618 Sacerdos
349 1540 444 1614 claro
470 1566 567 1615 voce:
594 1543 659 1616 Per
676 1546 844 1620 Christum
863 1546 972 1620 lesum
991 1547 1172 1621 Bominum
1189 1559 1353 1645 nostrum,

77 1665 151 1716 cum
178 1666 247 1740 quo
274 1642 347 1736 tibi,
374 1643 497 1718 Sancte
523 1645 680 1742 Spiritus,
706 1659 740 1720 et
756 1647 845 1720 Patri
864 1648 1091 1745 Omnipoteuti
1118 1652 1234 1744 gloria,
1262 1661 1355 1747 pote-

77 1757 142 1818 stus
171 1756 207 1816 et
232 1744 342 1818 bonor
369 1768 458 1818 nuuc
484 1757 518 1818 et
543 1772 676 1845 semper
702 1762 736 1822 et
753 1751 786 1823 iu
805 1751 938 1822 saecula
957 1747 1180 1825 saeculorum.
1203 1750 1353 1847 Amen.⁷)

150 1845 335 1920 Menas.
387 1846 616 1923 Attendamus.

152 1948 324 2022 Sacerdos
351 1949 460 2022 elevat
482 1951 685 2048 sacrificium
702 1951 831 2048 (panaro
847 1957 1023 2048 sunctum),
1049 1964 1088 2027 nt
1104 1956 1252 2052 conspici
1266 1979 1354 2052 poa·

78 2050 121 2124 sit
147 2051 277 2149 (before
302 2050 355 2123 bie
382 2073 470 2147 epos.
501 2051 621 2126 Steeie:
648 2053 796 2126 eicbtbor
823 2054 898 2126 dom
929 2053 1039 2152 vetto)
1068 2056 1202 2128 dmens:

151 2153 278 2226 Sancta
304 2153 439 2226 sanetis.

153 2253 297 2328 Chorus.
351 2253 443 2327 Unus
470 2255 624 2348 Sanctus,
651 2255 742 2328 unus'
766 2256 909 2330 Sanctus
927 2257 1091 2332 Dominus
1117 2267 1233 2343 noster
1258 2259 1353 2332 iesus

81 2353 232 2428 Christus
267 2357 301 2427 in
336 2355 441 2451 gioria
467 2358 529 2430 Dei
555 2358 663 2430 Patris
696 2360 741 2450 (to
775 2359 831 2431 the
857 2359 966 2432 bonor
991 2360 1030 2432 of
1053 2361 1125 2434 God
1152 2361 1207 2434 the
1234 2361 1354 2455 father)

80 2480 101 2552 P
152 2547 336 2632 Moenus.
390 2556 545 2650 Bornine,
571 2558 723 2633 benedic.
822 2619 825 2628 .

152 2661 335 2734 Sacerdos.
387 2659 589 2734 Benedictus
616 2673 752 2736 sanetus
779 2661 887 2760 Pater,
914 2687 1013 2736 verus
1037 2663 1140 2737 Beus.

154 2763 297 2836 Chorus.
349 2761 466 2833 Amen.

84 2930 87 2948 ,
154 2865 337 2952 Diaconum.
391 2862 545 2956 Domine,
572 2862 724 2940 benedic.

153 2965 335 3038 Sacerdos.
388 2964 590 3038 Benedictus
617 2978 752 3040 sanctus
777 2965 895 3058 Filius,
922 2990 1020 3040 verus
1045 2968 1148 3040 Deus.

154 3067 298 3156 Cborue.
350 3065 468 3139 brnen.
661 3085 665 3094 ’

154 3168 337 3240 Diaconos.
390 3167 544 3261 Domine,
572 3167 724 3240 benedic.

156 3269 336 3343 Sacerdos.
390 3269 591 3344 Benedictus
618 3263 763 3366 Spiritus
790 3268 946 3361 Sanctus,
973 3289 1071 3342 verus
1098 3268 1201 3342 Deus.

154 3371 298 3470 Cborua.
351 3371 469 3445 Amen.

154 3473 338 3546 Diuooous.
392 3474 546 3565 Domine,
573 3472 726 3545 benedic.

157 3575 336 3648 Sacerdos.
388 3575 583 3648 Benedictio
626 3588 660 3648 et
698 3573 803 3668 gloria
837 3571 927 3645 Patri
959 3583 996 3664 ,et
1026 3569 1111 3646 Filio
1148 3585 1182 3646 et
1215 3573 1355 3670 Spiritui

87 3675 203 3749 Sancto
232 3700 323 3748 nuno
349 3687 383 3748 et
408 3701 540 3774 semper
567 3689 600 3748 et
627 3675 820 3747 insaecula
846 3675 1066 3747 saeculorum.

91 3807 93 3816 ’
158 3779 299 3853 Cborua.
352 3779 469 3852 nmen.

157 3881 301 3954 Sanctus
327 3879 436 3974 Pater,
465 3880 606 3953 Sanctus
634 3878 750 3970 Filius,
779 3877 922 3950 Sanetus
950 3875 1106 3975 Spiritus.
1154 3878 1357 3952 Benedictus

90 3977 178 4055 Pater
204 3993 237 4055 et
254 3981 360 4056 Filius
387 3993 421 4054 et
437 3982 581 4080 Spiritus
601 3979 743 4054 Sanctus
770 4002 861 4051 nuuc
888 3991 921 4052 et
946 4005 1078 4077 semper
1105 3991 1139 4052 at
1164 3982 1198 4056 in
1225 3980 1358 4054 saecula

89 4086 302 4161 saeculorum.
353 4084 470 4157 Amen.

91 4321 94 4329 ·
168 4289 190 4348 l)
208 4289 262 4339 Nau
279 4296 345 4338 recte
362 4289 533 4352 interpretatus
552 4301 607 4337 esse
623 4283 835 4336 vttetarsnctias
854 4286 916 4338 hauc
933 4287 1082 4340 orationem:
1101 4283 1357 4346 ‚peruadnouette

91 4367 130 4418 des
145 4371 237 4422 lehem
262 4371 311 4424 bist
333 4373 382 4424 aad
405 4373 449 4423 der
468 4373 592 4436 nanosces
610 4370 653 4422 der
670 4371 829 4432 Echermuun
854 4369 954 4432 heitiper
972 4372 1047 4430 (trist,
1071 4368 1180 4420 erbarme
1197 4369 1257 4418 Dicb
1275 4368 1358 4420 dieser

95 4451 276 4519 immutans,
300 4455 391 4507 welche
408 4471 451 4507 zur
468 4456 531 4507 Erdc
549 4456 652 4519 gebrant
669 4454 742 4504 baiae
761 4455 867 4509 Guttbeit
884 4454 988 4507 anhelat.
1022 4453 1135 4502 Beusbre
1153 4453 1187 4503 sie
1207 4453 1357 4516 uurersebrt,

93 4536 174 4590 tmen
199 4541 269 4592 ibren
288 4540 374 4592 Seeleu
393 4541 436 4592 des
454 4539 558 4592 Zeicben
576 4540 619 4590 des
637 4539 723 4590 Lethes
741 4539 788 4600 eiu,
814 4539 862 4600 dae,
875 4540 988 4592 audeutet
1005 4537 1051 4588 deu
1069 4536 1147 4586 Besitz
1165 4537 1213 4588 and
1231 4536 1275 4588 das
1294 4537 1358 4589 Erbe

92 4619 132 4672 der
148 4625 268 4687 mottigen
288 4625 388 4678 ther.“

169 4709 193 4772 λ)
212 4710 338 4761 secentas:
357 4700 534 4778 παράλληλον
552 4709 608 4760 tacit
626 4707 759 4761 orationem
778 4707 874 4760 Basilii:
891 4705 1018 4758 Δέσποτα
1035 4696 1121 4773 Κύριε
1139 4721 1164 4772 p.
1178 4706 1237 4765 436.
