3368 5308
915 372 1063 446 466.

393 557 551 649 benedic,
577 557 665 654 quod
693 567 744 630 est
771 558 803 629 in
833 557 896 630 boc
923 557 1024 632 calice
1051 569 1085 632 et
1110 557 1162 632 iac
1188 558 1221 630 id
1248 577 1363 632 rerum
1390 561 1578 656 sanguinem

317 659 449 734 Domini
476 670 510 733 et
535 659 754 756 redemptoris
781 660 886 732 nostri
912 659 987 732 lesu
1015 659 1149 736 Christi.

393 763 562 834 Diaconos
589 771 642 833 ter
668 771 816 834 secreto:
843 761 962 834 Amen.

392 863 438 936 tt
465 863 631 936 Sacerdos
659 863 852 937 beraedicens
874 887 997 960 panem
1022 873 1054 934 et
1080 861 1193 936 cirrum
1218 877 1272 936 ter
1297 863 1401 939 dicit:

393 965 558 1038 Conseora
592 964 681 1036 branc
713 989 833 1061 panem
868 977 902 1036 et
925 968 1037 1040 vinum
1066 964 1099 1035 in
1127 989 1240 1040 verum
1267 988 1388 1062 corpus
1416 976 1450 1039 et
1473 991 1577 1042 rerum

314 1069 513 1162 sanguinem
540 1065 672 1140 Domini
698 1077 733 1138 et
758 1067 979 1164 redemptoris
1006 1064 1111 1140 nostri
1138 1067 1214 1140 lesu
1232 1065 1369 1166 Christi,
1396 1079 1577 1164 permutans

316 1169 444 1266 Spiritu
471 1181 527 1242 tuo
555 1169 688 1240 Sattcto.
1071 1189 1073 1196 ‘

393 1270 564 1344 Dicamus
590 1280 663 1342 ter:
690 1268 838 1364 braeost)

394 1372 570 1446 Sacerdos.
624 1370 667 1444 Ut
702 1371 758 1444 stat
790 1369 1030 1467 accipientibus
1058 1369 1154 1442 nobis
1182 1394 1247 1442 nou
1276 1371 1310 1442 in
1339 1371 1576 1446 condemnatio·

315 1497 405 1567 nem,
432 1473 491 1546 sed
519 1474 552 1544 iu
580 1473 799 1568 expiationem
826 1485 861 1544 et
886 1473 1116 1546 remissionem
1135 1483 1357 1567 peccatorum.

395 1575 534 1648 Chorus.
588 1575 733 1671 Spiritus
765 1575 845 1666 Dei,
883 1575 939 1672 qui
973 1599 991 1646 a
1025 1574 1116 1648 coeio
1150 1575 1359 1648 wdescendens
1393 1589 1576 1671 mysterium

316 1677 401 1769 eius,
421 1677 476 1774 qui
498 1701 562 1750 uua
581 1687 690 1748 tecum
710 1677 989 1772 conglorificatur,
1017 1700 1174 1750 manuum
1193 1687 1383 1750 nostrarum
1401 1679 1577 1752 ministerio

316 1780 466 1876 perficis:
503 1803 563 1875 per
589 1781 785 1874 sangninem
814 1781 885 1852 eius
912 1779 1053 1850 otiosum
1079 1801 1255 1876 precamur
1282 1790 1314 1851 te
1339 1781 1491 1876 requiem
1515 1783 1578 1854 ani·

316 1882 434 1954 mobus
460 1881 597 1953 iratrurn
627 1893 826 1972 nostrorum,
854 1880 909 1977 qui
937 1878 1197 1954 obdormierunt.

393 1983 573 2054 Diaconos.
626 1982 780 2074 benninc,
801 1981 952 2054 benedic.

393 2083 559 2156 Sacerdos
586 2094 734 2157 secreto:
763 2084 915 2156 Concede
942 2105 1142 2180 quaesumus
1165 2080 1228 2153 boc
1246 2082 1409 2154 sacrificio
1429 2107 1578 2174 amorem,

317 2186 526 2259 stabilitatem
553 2197 586 2256 et
611 2209 726 2282 paoem
752 2187 812 2257 toti
839 2184 977 2276 mundo,-
1004 2195 1137 2258 sanctae
1160 2183 1331 2275 ecciesiae,
1359 2185 1515 2258 omnibus
1532 2211 1579 2256 or·

316 2287 471 2360 thodoxis
506 2287 699 2385 Episcopis,
734 2285 992 2377 Sacerdotibus,
1027 2285 1195 2376 Diaconis,
1231 2284 1392 2381 Regibus,
1428 2288 1580 2384 Principi-

316 2389 397 2478 bus:
425 2389 579 2462 omnibus
613 2390 669 2485 quui
697 2391 952 2486 peregrinantur
977 2399 1064 2460 tcrra
1092 2388 1257 2485 marique:
1285 2389 1342 2484 qui
1369 2401 1449 2461 sunt
1474 2391 1507 2462 in
1533 2413 1579 2460 ca·

316 2493 475 2589 puritate,
511 2494 544 2562 in
578 2490 790 2564 tribulatione
824 2502 858 2562 et
884 2490 1035 2564 miseria:
1071 2489 1125 2586 qui
1154 2491 1345 2566 inciderunt
1370 2491 1404 2562 in
1433 2491 1580 2564 barbaro-

314 2609 391 2666 rum
425 2617 552 2666 manus.
606 2592 758 2664 Concede
801 2592 898 2666 nobis
932 2589 996 2663 hoc
1030 2591 1192 2666 sacrificio
1227 2593 1314 2664 aeris
1347 2592 1578 2684 salubritatem,

317 2706 351 2767 et
376 2695 508 2788 frugum
536 2694 744 2766 terrestrium
770 2694 1024 2768 abundantiam:
1062 2693 1114 2766 sac
1140 2706 1292 2789 aegrotos
1320 2718 1337 2766 a
1365 2694 1493 2766 morbis
1519 2695 1580 2768 suis

317 2806 445 2868 mature
481 2796 720 2868 convalescere.
773 2797 925 2870 Concede
960 2795 1024 2868 boc
1058 2795 1220 2869 sacrificio
1256 2795 1404 2894 requiem
1433 2797 1580 2870 omnibus

314 2897 502 2995 Episcopis,
530 2899 586 2994 qui
613 2899 648 2969 in
676 2897 808 2972 Cltristo
835 2899 966 2973 devio
993 2898 1190 2992 migrarunt,
1216 2898 1373 2972 omnibus
1400 2897 1580 2972 Sacerdoti·

314 3000 379 3076 bus
415 3011 450 3072 et
480 3000 637 3075 Diacouis
671 3009 705 3072 et
737 3002 826 3072 omni
862 3001 949 3073 clero
985 3011 1118 3072 sanctae
1151 2999 1328 3090 ecclesiae,
1365 3001 1579 3098 omnibusque

317 3103 411 3174 iaicis
437 3102 593 3174 masculis
620 3093 823 3194 et't'eminis
852 3104 907 3199 qui
935 3105 967 3173 in
996 3101 1060 3173 fide
1087 3099 1349 3175 obdormierunt.

393 3204 494 3276 Eictc
519 3226 617 3276 uoce:
644 3203 686 3275 Et
713 3228 788 3276 cum
815 3204 867 3277 bis
894 3227 1104 3300 uosquoque
1122 3202 1246 3296 visites,
1274 3203 1467 3278 misericors
1486 3205 1578 3294 Deus,

312 3317 349 3378 et
375 3329 466 3378 nunc
491 3330 607 3403 preces
636 3317 766 3380 nostras
793 3307 834 3378 ad
862 3317 894 3378 te
921 3302 1128 3401 suscipias.²)

396 3406 534 3481 Chorus.
586 3409 750 3480 Memento
778 3419 941 3498 nostrum,
968 3408 1122 3497 Domine,
1150 3417 1183 3476 et
1209 3405 1368 3478 miserere
1396 3405 1505 3480 nobis.

395 3508 571 3582 Sacerdos.
626 3509 813 3600 Precamm,
847 3509 962 3582 matris
995 3509 1077 3600 Dei,
1113 3517 1246 3580 sauctae
1280 3507 1418 3602 virginis
1451 3509 1578 3600 Mariae,

309 3680 626 3704 ᾑ-ι-Ἶ-ι-

405 3794 428 3848 u
446 3794 497 3844 AC:
515 3795 562 3844 ber
581 3795 684 3844 Prisster
702 3795 765 3856 neiat
781 3794 833 3844 sich
853 3795 900 3844 ond
918 3795 982 3845 hetet
1000 3795 1064 3846 atttt:
1092 3795 1142 3844 Wir
1159 3795 1229 3845 beten
1249 3809 1277 3844 an
1297 3795 1344 3844 und
1362 3795 1437 3844 bitten
1451 3797 1498 3845 nnd
1511 3798 1579 3846 beben

316 3895 345 3932 za
364 3879 414 3938 bir,
430 3880 522 3941 gutigar
539 3881 603 3938 hott,
621 3879 696 3930 sande
714 3879 773 3930 ttbcr
791 3893 836 3928 uns
855 3879 902 3929 nod
921 3879 980 3930 tbar
998 3881 1064 3930 diest
1082 3879 1270 3940 dergcbrachten
1289 3879 1371 3930 Gaben
1386 3879 1477 3930 Detuen
1497 3881 1579 3942 gleich-

316 3965 406 4027 ewigcn
432 3965 479 4014 nnd
503 3963 766 4026 gieicb·weeentticbcrt
791 3963 894 4026 heiligen
912 3965 985 4016 Gaiat.
1020 3966 1052 4016 Er
1076 3964 1161 4014 arbebt
1183 3964 1244 4024 sich,
1269 3963 1349 4014 macbt
1372 3964 1415 4013 das
1433 3963 1512 4012 Kreua
1529 3965 1579 4012 uber

317 4050 355 4099 die
374 4048 525 4113 Optargnbsn
545 4050 592 4098 und
611 4046 704 4112 spricbt
721 4050 752 4096 im
772 4047 872 4096 Stiiien:
900 4047 978 4098 Drrrcb
997 4048 1148 4098 nelchenbu
1167 4048 1247 4099 dieses
1266 4047 1495 4109 reseruata-iiim
1511 4049 1579 4097 wabr-

317 4133 392 4196 bnitig
417 4147 471 4182 zum
489 4131 561 4182 baibe
587 4146 689 4182 unsaros
708 4132 784 4182 Herrn
808 4131 856 4182 und
875 4131 1060 4182 catacensem
1081 4132 1169 4182 Christi
1193 4132 1338 4194 gemacht
1363 4132 1443 4180 best.
1472 4131 1577 4192 threicii

316 4217 475 4274 wiederboh.)
511 4217 561 4266 Urtd
587 4215 633 4266 den
652 4223 796 4278 gssegneten
814 4216 835 4278 †
854 4216 926 4264 heich
946 4217 1085 4278 trahrbehig
1103 4216 1246 4280 gemacht
1264 4217 1406 4266 beataum
1426 4215 1496 4266 biota
1514 4231 1578 4266 unse·

308 4315 357 4350 aas
377 4301 452 4350 iterra
478 4301 525 4351 ond
544 4300 672 4351 {tetlandus
688 4301 745 4350 iesu
765 4287 861 4352 Christi.
888 4299 1003 4361 (breimat
1023 4300 1181 4360 wiederbott)
1216 4300 1294 4350 bnrcb
1319 4298 1428 4348 weicheri
1449 4299 1483 4349 [lo
1509 4301 1577 4350 diosa

316 4393 445 4447 asseruere
462 4383 483 4450 †
501 4385 564 4436 brad
588 4386 636 4436 und
660 4386 742 4436 diesen
760 4383 833 4434 balah
858 4385 998 4448 nabrhattig
1022 4399 1075 4436 auur
1094 4385 1166 4436 tetta
1184 4384 1232 4434 trud
1250 4384 1318 4434 blute
1337 4397 1423 4433 unscrs
1443 4383 1519 4434 iterra
1538 4381 1577 4432 ord

317 4467 428 4518 Eritaers
450 4470 506 4520 lero
535 4471 622 4522 Christi
645 4469 789 4533 gemacht
813 4469 897 4530 best,
922 4469 957 4520 sie
982 4468 1146 4521 rer-wandetud
1171 4468 1247 4518 durch
1272 4467 1362 4518 bainus
1387 4467 1493 4531 heiligen
1513 4469 1577 4520 Gaist

316 4551 400 4604 Dirces
418 4554 493 4606 Gebet
511 4555 652 4604 wiedsrbott
669 4568 696 4604 cr
713 4551 816 4602 braina!
835 4553 883 4602 und
902 4553 944 4602 der
961 4553 1050 4604 Diaron
1069 4561 1122 4616 aaut
1139 4551 1204 4602 stitt:
1222 4553 1305 4602 Arnon.

403 4635 427 4697 2)
445 4639 497 4688 bc:
517 4638 555 4687 un
574 4639 655 4688 diesen
674 4639 746 4688 suabe
765 4639 826 4687 auch
845 4651 890 4687 uns
909 4638 981 4700 heim,
1000 4639 1092 4702 catiger
1111 4637 1174 4698 Gon,
1194 4636 1236 4685 wir
1254 4637 1327 4685 hittun
1347 4635 1414 4686 bicb.
