3368 5308
908 333 980 406 524

304 543 408 594 σεται
440 517 549 620 χυνὴ,
584 517 640 592 ὅτι
673 519 713 590 ἐκ
745 522 814 591 τοῦ
841 513 979 614 ἀνδρὸς
1004 515 1118 610 αὐτῆς
1143 511 1289 612 ἐλήφθη
1315 513 1426 610 αὕτη,
1459 515 1580 590 ἕνεκεν
1666 575 1667 608 ,

304 617 441 696 τούτου
465 619 680 716 καταλείψει
706 616 973 715 ἄνθρωπος
934 646 1002 692 τον
1027 615 1167 711 πατέρα
1194 615 1312 692 αὐτοῦ
1333 617 1399 692 καὶ
1420 614 1488 712 τὴν
1509 645 1582 713 μη-
1666 621 1667 692 ξ

304 722 405 814 τέρα,
432 749 496 796 και
484 716 880 818 προςκολληθήσετοι
906 726 951 814 τῇ
978 716 1058 815 λδίᾳ
1083 717 1251 819 χυναικί·
1278 717 1342 793 καὶ
1368 720 1515 794 ἔσονται
1545 719 1581 792 οἱ
1666 715 1667 780 Ῑ

305 821 431 898 δάι’
402 853 452 908 εις
479 819 599 920 σάρκα
626 819 730 917 μίαν.
757 819 844 910 Καὶ,
871 820 937 906 οὓς
962 819 982 895 6
1007 819 1096 904 Θεὸς
1120 818 1223 910 ἐζευξ
1221 848 1276 914 εν,
1303 821 1509 918 ἅνθρωπος
1529 819 1581 916 μὴ

253 1001 265 1022 ‚
302 923 502 1022 χωριζέτω.
528 922 652 1008 Αὐτὸς
675 922 739 998 καὶ
746 931 850 1034 νῦν,
876 919 1037 998 δέσποτα
1060 917 1231 1049 Κύριε,“
1214 951 1234 996 ο
1260 920 1386 1048 Θιὸς“
1366 929 1488 1017 ημῶν,
1512 950 1576 996 κο
1666 911 1667 934 ’

290 1026 504 1124 ·ταπέμψον
536 1024 606 1122 τὴν
625 1021 743 1153 χάριν
769 1049 837 1100 σου
862 1022 932 1152 τῂν
957 1018 1245 1120 ἐπουράνιον,
1227 1022 1287 1097 επὶ
1311 1021 1400 1106 τοὺς
1424 1018 1581 1106 δούλους
1666 1051 1667 1074 ³

306 1151 376 1204 σου
401 1125 570 1216 τούτους,
596 1126 665 1203 τὸν
690 1124 810 1216 δεῖνα,
835 1153 899 1200 και
924 1124 993 1222 τὴν
1018 1123 1137 1214 δεῖνα,
1162 1153 1226 1200 και
1214 1122 1314 1210 δὸς
1333 1155 1379 1220 τη
1364 1122 1579 1219 παιδίσκῃ

305 1227 423 1325 ταύτῃ
457 1233 499 1305 ἐν
524 1237 638 1304 πᾶσιν
664 1226 912 1354 ὑποταγῆναι
922 1235 977 1324 τῷ
1003 1225 1128 1323 ἀνδρὶ,
1164 1225 1321 1302 καὶτὸν
1346 1223 1487 1300 δοῦλόν
1512 1251 1579 1301 σου

305 1328 454 1421 τούτον,
482 1329 577 1404 εἶναι
603 1335 654 1414 ελς
677 1327 843 1458 κεφαλὴν
867 1336 932 1424 τῆς
953 1325 1140 1456 χωναικός.
1157 1327 1284 1411 Οπως
1298 1323 1471 1424 βιώσωσι
1486 1327 1588 1402 κατὰ.

188 1466 191 1472 ’
305 1432 349 1508 τὸ
376 1429 523 1528 θέλημά
550 1456 632 1520 σου,
658 1428 742 1504 εὐλό
791 1453 860 1504 σον
885 1428 1035 1518 αὐτοὺς,
1067 1427 1239 1524 Κύριε,
1222 1459 1241 1503 ο
1271 1428 1402 1512 Θεὸς*
1381 1457 1506 1525 ημων,
1532 1429 1580 1554 69

307 1531 510 1662 εὖλόχησας
533 1531 601 1608 τὸν
615 1533 790 1628 Ἀβρααμ
815 1530 880 1606 καὶ
904 1531 973 1628 τὴν
994 1528 1162 1659 Σάῤῥριν.
1190 1527 1405 1660 Εὸλόχησον
1432 1530 1578 1619 αὐτοὺς,

307 1633 481 1732 Κύριεῇ
463 1665 483 1710 ο
512 1632 644 1718 Θεὸς
624 1642 746 1730 ημῶν,
773 1631 824 1717 τὸς
836 1630 1112 1762 εύλόχησας
1074 1661 1142 1708 τον
1161 1631 1300 1720 Ἰσαάκ,
1327 1631 1391 1706 καὶ
1415 1632 1488 1728 τὴν
1508 1633 1580 1706 Ῥε-

279 1737 457 1833 βέκκαν.
492 1732 711 1863 Εύλόχησον
734 1734 883 1824 αὐτοὺς,
909 1732 1080 1862 Κύριε,
1063 1733 1234 1818 οΘεὸς
1214 1741 1336 1831 ηιιῶν,
1363 1732 1415 1818 ὥς
1431 1732 1579 1862 εὐλύχη-

308 1862 376 1922 σας
400 1837 468 1914 τὸν
485 1837 625 1933 Ἰακὼβ
649 1835 714 1912 καὶ
733 1834 878 1920 πάντας
897 1835 984 1919 τοὸς
1005 1833 1246 1931 πατριάρχας.
1267 1832 1494 1964 Εὸλὸχησον
1514 1836 1578 1908 αύ-

305 1939 406 2027 τοὺς,
433 1935 605 2038 Κάριε,”
587 1967 607 2013 ο
637 1938 769 2023 Θεὸς“
748 1946 871 2036 ημῶν,
898 1937 949 2024 ὥς
968 1934 1169 2066 εὐλόχησας
1188 1937 1257 2012 τὸν
1267 1937 1404 2036 Ἰωσὴφ
1426 1935 1492 2011 καὶ
1516 1935 1579 2032 τὴν

302 2042 476 2117 Ἀσυνέθ.
518 2037 734 2167 Είχλύχησον
760 2039 908 2129 αὐτούς,
935 2036 1107 2133 Κύριε,“
1089 2069 1110 2113 ο
1139 2037 1271 2122 Θεὸς“
1250 2067 1373 2170 ημων,
1400 2037 1453 2122 ὥς
1479 2035 1578 2112 εὐλά

306 2165 444 2268 χησας
450 2142 596 2219 Μωσέα
622 2141 687 2216 καὶ
712 2139 931 2272 Σεπφόραν.
985 2138 1267 2270 Εὸλίχησον’
1222 2141 1372 2229 αυτούς,
1406 2137 1576 2236 Κάριε,ὸ

311 2243 444 2328 Θεὸς“
423 2272 545 2373 ημων,
573 2243 625 2327 69
643 2241 852 2372 εύλὸχησας
871 2243 1040 2338 Ἰωακεὶμ
1064 2271 1129 2317 και
1152 2240 1220 2338 τὴν
1238 2244 1389 2320 ’Ἀνναν.
1417 2240 1576 2368 Εύλάχη-

309 2370 378 2423 σον
411 2346 561 2434 αὐτοὺς,
594 2338 773 2444 Κύριε,
756 2374 776 2419 ο
806 2343 945 2429 Θεὸς
923 2372 1047 2442 ημων,
1082 2345 1133 2428 ὡς
1157 2339 1358 2472 εύλόχησας
1384 2343 1578 2440 Ζαχαρίαν

308 2448 373 2524 καί
396 2449 467 2543 τὴν
481 2443 683 2544 Ἐλισάβετ.
711 2443 955 2545 Διαφύλαξον
977 2446 1125 2533 αὐτούς,
1152 2442 1323 2540 Κύριε,
1305 2475 1326 2518 ο
1350 2444 1482 2529 Θεὸς“
1459 2453 1577 2540 ημιὸν,

310 2549 361 2633 ὥς
386 2545 671 2646 διεφύλαξας
634 2577 701 2624 τον
723 2552 849 2622 Νωε
834 2576 876 2624 εν
899 2557 946 2644 τῇ
971 2549 1133 2646 κιβωτῷ.
1161 2544 1403 2646 Διαφύλαξον
1429 2547 1576 2634 αὐτοὺς,

191 2717 197 2724 .
299 2647 481 2776 Κύριε,
464 2648 637 2733 οΘεὸς
616 2657 738 2745 ημῶν,
766 2648 817 2733 ὥς
841 2646 1066 2778 διεφύλαξας
1090 2649 1180 2726 τὸν’
1177 2651 1344 2725 Ιωνᾶν
1328 2677 1369 2724 εν
1394 2657 1443 2744 τῇ
1464 2646 1579 2744 κοιλία

308 2759 377 2826 τοῦ
410 2746 555 2847 κήτους.
598 2749 843 2880 Διαφύλαξον
868 2751 1018 2841 αὐτούς,
1052 2747 1230 2850 Κύριε,“
1212 2779 1233 2825 ο
1263 2749 1395 2833 Θεὸς’
1373 2759 1501 2846 ημῶν,
1534 2749 1579 2832 69

309 2849 557 2953 διεφύλαξας
558 2851 647 2937 τοὺς
671 2851 800 2983 ἆχίους
815 2859 920 2982 τρεῖς
945 2851 1124 2936 παῖδαςί
1121 2881 1148 2927 κ
1167 2859 1236 2928 τοῦ
1257 2851 1374 2950 πυρὸς
1393 2853 1579 2940 καταπέμ

310 2977 386 3082 φας
420 2953 546 3037 αὐτοῖς
578 2952 719 3050 δρόσον
752 2951 975 3053 οὐρανόθεν.
1009 2956 1187 3030 ἜλΘοι’
1172 2955 1228 3030 ια’
1258 2952 1396 3038 αὐτοὺς
1427 2953 1450 3050 6
1482 2951 1580 3050 χαρὰ

310 3053 442 3152 εκείνη,
468 3056 515 3152 ἣν
541 3057 647 3151 ἔσχεν
671 3055 693 3154 6
719 3056 886 3155 μακαρία
898 3055 1079 3154 Ἑλένη,”
1060 3085 1118 3132 οτι
1136 3045 1218 3183 εὗρε
1235 3055 1302 3131 τὸν
1322 3054 1449 3180 τίμιον
1470 3081 1581 3128 στου·

286 3187 387 3253 ,ρον
416 3155 697 3254 Μνημόνευσον
723 3159 863 3248 αὐτῶν,
890 3155 1061 3256 Κύριε,
1043 3154 1216 3242 οΘεὸς
1195 3165 1318 3252 ημῶν,
1344 3153 1395 3241 τὸς
1420 3152 1581 3286 ἐμνημό-

311 3285 446 3342 νευσας
476 3268 544 3333 τοῦ
573 3259 704 3354 Ἐνιὸχ,
740 3267 808 3335 τοῦ
823 3260 925 3386 Σίχμ
956 3258 1019 3334 καί
1052 3267 1121 3335 τοῦ
1139 3259 1260 3334 Ἠλία.
1302 3254 1580 3386 Μνημόνευσον

310 3360 451 3448 αὐτῶν,
485 3356 664 3488 Κύριε,”
646 3391 666 3434 ο
696 3359 835 3444 Θεὸς
813 3369 936 3489 ηαυλν,
970 3361 1020 3444 (ὸς
1053 3358 1332 3456 εανηαόνευσας
1362 3367 1443 3436 τῶν
1464 3359 1581 3488 ἆχίων
1666 3409 1667 3412 =

253 3479 256 3484 '
310 3487 378 3536 σου
404 3459 682 3590 τεσσαράκοντα
707 3461 925 3590 μαρτύρων,
951 3462 1197 3560 καταπέμψας
1217 3463 1345 3545 αὐτοῖς
1367 3460 1581 3552 οὐρανόθεν

310 3562 398 3645 τοὺς
423 3560 640 3660 στεφάνους.
675 3561 999 3660 Μνημόνευσον
981 3595 1001 3638 ο
1030 3563 1117 3648 Θεὸς
1141 3563 1204 3637 καὶ
1228 3571 1307 3642 τῶν
1334 3559 1579 3661 ἀναθρεφάν

311 3692 390 3737 των
422 3663 559 3746 αὐτοὺς
590 3666 749 3764 χονέων·
787 3665 843 3739 ὅτι
876 3665 982 3761 εὐχαὶ
1013 3666 1177 3792 χονέφν
1191 3665 1401 3762 στηρίζουσι
1426 3665 1579 3760 Θεμέλια

310 3769 434 3840 οἴκων.
463 3763 771 3894 Μνημόνευσον,
782 3764 953 3866 Κύριε,“
935 3796 955 3840 ο
982 3766 1113 3851 Θεὸς“
1085 3775 1214 3863 ημῶν,
1240 3775 1320 3842 τῶν
1341 3763 1494 3840 δούλων
1516 3793 1579 3840 σου

310 3875 388 3940 τῶν
413 3864 692 3994 παρανύμφων,
717 3877 796 3944 τῶν
823 3867 1088 3944 συνελθόντων
1113 3872 1162 3952 ελς
1186 3867 1256 3964 τὴν
1277 3867 1405 3965 χαρὰν
1429 3865 1578 3964 ταύτην.

312 3965 603 4064 Μνημόνευσον,
631 3967 801 4064 Κύριε,“
784 4001 803 4044 ο
833 3970 963 4055 3969‘
943 3980 1065 4066 ημῶν,
1090 3978 1158 4044 τοῦ
1184 3966 1323 4045 δούλου
1349 3994 1432 4059 σου,
1459 3969 1578 4057 τοῦδε,

309 4070 373 4144 καὶ
398 4078 462 4166 τῆς
487 4067 621 4166 δούλης
647 4095 728 4159 σου,
755 4071 874 4168 τῆςδε,
907 4072 970 4146 καί
996 4069 1197 4200 εὐλόγησαν
1223 4067 1370 4155 αὐτούς.
1412 4069 1558 4156 [169²
1515 4101 1580 4146 αυ-

310 4177 386 4255 τοῖς
410 4171 555 4269 καρπὸν
580 4171 731 4260 κοιλίας,
758 4173 1025 4262 καλλιτεκνίαν,
1053 4171 1235 4268 ὁμόνοιαν
1260 4181 1396 4267 ψυχῶν
1421 4176 1487 4249 καὶ
1509 4199 1578 4248 σω

310 4271 455 4368 μάτων,
480 4273 639 4368 ὕφωσον
655 4274 793 4358 αὐτοὺς
810 4275 860 4358 ὡς
878 4275 945 4359 τὸς
965 4275 1120 4404 κέδρους
1136 4282 1205 4349 τοῦ
1223 4274 1471 4372 Λιβάνου,“
1441 4305 1495 4360 ως
1511 4277 1578 4362 ἅμ

310 4384 420 4449 πελον
446 4375 762 4471 εὐκληματοῦσαν.
793 4374 968 4474 Δάρησαι
995 4378 1124 4460 αὐτοῖς
1148 4375 1293 4472 σπέρμα
1302 4373 1510 4506 στάχυος,
1519 4377 1578 4450 λ’να

310 4476 437 4551 πᾶσαν
463 4474 689 4606 αὐτάρκειαν
713 4480 857 4573 ἔχοντες
881 4475 1178 4606 περισσεύσωσιν
1194 4483 1245 4562 είς
1266 4486 1343 4554 πᾶν
1360 4481 1473 4604 ε’ρχον
1489 4479 1580 4608 ἄχα-

311 4579 401 4668 θὸν,
434 4579 497 4653 καὶ
523 4578 581 4654 σοὶ
607 4576 818 4681 εὐάρεστον,
852 4610 915 4656 και
903 4565 1138 4658 ἴδωσιν
1099 4577 1204 4665 υιοὸς
1227 4588 1306 4658 τῶν
1330 4580 1428 4658 υιῶν
1454 4580 1579 4656 αυτολν
