3336 5302
699 389 771 462 411

93 585 250 642 setermm
273 577 519 657 praestandam.“
562 579 600 638 ht
619 593 690 638 vero
713 593 838 656 magnus
864 573 914 638 iiie
935 574 1120 655 liturgiarum
1143 593 1312 642 consensus
1329 589 1373 639 nt⁴

94 697 155 760 qus
193 687 360 740 concentus
394 677 575 740 arctioribus
605 677 801 740 ecclesiarum
828 675 1017 739 orientalium
1047 679 1158 743 tinibus
1187 679 1375 742 continetur:

92 780 173 841 adeo
196 778 276 840 baud
301 778 428 858 grauior,
452 779 570 860 opinor,
603 789 652 842 cst
673 779 753 841 inter
774 777 930 840 orientalia
953 779 1054 850 officia
1077 797 1112 842 sc
1134 781 1226 844 latina
1250 779 1376 844 dirersi-

95 893 154 952 tas,
177 896 269 961 quom
292 898 367 960 quse
391 879 421 942 in
444 880 503 940 hcc
525 887 630 942 nostro
652 881 751 961 capite
773 881 949 960 perstringit
967 882 1072 944 aciem.
1100 883 1273 945 Graviorem
1296 881 1376 954 dico,

96 1001 188 1062 quem
213 999 291 1062 quae
314 982 495 1044 Graecorum
510 980 772 1044 Romanizantium
785 983 805 1058 ¹)
826 981 873 1044 rei
888 983 1090 1046 Romanorum
1107 984 1142 1046 ed
1160 1002 1285 1064 graccos
1302 984 1376 1045 ritus

97 1083 333 1164 propensiorum
368 1081 550 1158 (Catharini,
577 1082 670 1144 Bruni
694 1101 720 1145 e.
739 1089 779 1161 a.)
808 1082 1065 1164 disputationibus
1095 1085 1250 1150 obscurari
1279 1084 1378 1165 possit

95 1187 145 1249 sei
172 1184 377 1248 exterminari.
421 1182 493 1245 Nam
523 1183 578 1245 toti
607 1184 754 1248 ecciesiae
777 1184 956 1248 occidentali
981 1195 1041 1258 tem
1063 1197 1177 1250 certum
1202 1200 1257 1259 est,
1289 1203 1377 1266 quam

95 1288 179 1368 quod
204 1287 417 1357 certissimum,
439 1285 486 1347 his
512 1285 654 1348 uocibus:
688 1279 787 1350 τοῦτό
809 1281 882 1350 ἐστι
902 1282 941 1349 τὸ
963 1280 1060 1368 σῶμά
1080 1307 1157 1369 μου,
1185 1281 1285 1352 τοῦτό
1306 1283 1379 1352 ἔστι

95 1385 138 1453 τὸ
168 1375 256 1469 αἷμά
281 1407 347 1480 μου
370 1387 455 1449 effici
485 1387 746 1450 consecrationem
768 1407 824 1450 nec
847 1389 976 1470 amptius
999 1389 1071 1469 quid
1094 1389 1271 1453 desiderari.
1315 1389 1379 1450 uec

98 1490 229 1554 formula
254 1489 380 1570 prolata,
402 1487 535 1562 Romanp
557 1488 633 1551 fides
656 1487 754 1569 ipsum
770 1489 922 1552 Christum
938 1490 1107 1564 Dominum,
1130 1491 1186 1554 sub
1208 1492 1310 1573 specie
1324 1508 1378 1571 pa-

97 1593 148 1655 nis
178 1602 210 1654 et
230 1592 292 1654 vini
314 1591 443 1653 relatum
465 1590 497 1651 in
521 1608 570 1652 ara
594 1589 747 1670 conspicit
768 1600 800 1652 et
821 1590 896 1653 nibil
918 1592 999 1660 atiud
1022 1603 1107 1655 curat
1129 1591 1379 1657 caerimoniarum

97 1693 344 1773 pravissimarum
359 1700 390 1754 et
404 1691 769 1770 magnificentissimamm
789 1692 947 1755 multitudo
958 1725 1001 1778 -ss
1016 1695 1195 1768 incensatio,
1218 1711 1379 1775 campana·

102 1815 171 1858 runs
194 1795 310 1876 pulsus,
333 1791 459 1857 elevatio
483 1792 662 1855 sacramenti
683 1793 878 1868 (Graecorum
889 1785 1133 1881 ἆγλαῧψωσις),
1156 1795 1323 1876 genuflexio
1338 1825 1380 1840 -·

98 1898 158 1961 nisi
181 1907 214 1960 ut
237 1895 378 1958 omnibus
400 1895 610 1957 manifestetur
631 1894 854 1957 sanctissimum
877 1896 1086 1959 sanctissimae
1108 1899 1221 1960 missae
1242 1896 1334 1959 decus
1349 1903 1381 1958 et

98 2017 187 2080 apes.
232 1999 318 2082 Apud
348 1997 479 2061 Graecos
507 2015 592 2058 sacra
621 1996 803 2058 caerimonia
833 2008 959 2078 propter
985 1998 1137 2060 cancellos
1166 1997 1379 2078 superpositos

99 2113 130 2162 et
160 2117 263 2162 sacras
295 2099 376 2165 iores
406 2098 561 2160 obseratas
589 2096 692 2178 popuii
715 2087 812 2160 ocutis
835 2117 895 2159 non
917 2107 1015 2180 patet:
1044 2117 1102 2163 nec
1124 2099 1255 2162 eieratur
1277 2115 1378 2160 saura·

100 2211 237 2264 mentum
265 2218 364 2281 nsque
392 2199 472 2260 aliud
502 2198 573 2278 quid
602 2201 763 2279 peragitur,
793 2200 872 2279 quod
896 2200 1048 2280 Liturgiee
1071 2219 1216 2262 summam
1240 2209 1270 2260 et
1291 2207 1381 2278 caput

100 2303 238 2366 indicare
266 2300 375 2382 possit.
429 2299 599 2370 Enimvero,
639 2301 665 2362 si
695 2302 816 2362 modum
844 2303 976 2364 excessit
1002 2303 1149 2365 Ricardus
1176 2301 1297 2374 Simon,
1327 2300 1379 2380 qsri

100 2403 235 2466 Graecos
264 2401 353 2464 verba
382 2401 494 2465 Christi
522 2403 559 2463 ad
589 2402 850 2466 consecrationem
880 2403 956 2466 baud
981 2405 1151 2466 necessaria
1174 2404 1285 2467 hahere
1308 2420 1379 2464 con·

100 2505 242 2575 tenderit,
264 2504 340 2565 haec
355 2501 464 2564 invicta
487 2503 636 2564 sententia
652 2511 710 2576 cst,
732 2503 864 2567 Graecos
879 2505 1138 2572 consecrationem
1154 2504 1253 2567 verbis
1268 2503 1379 2569 Christi

100 2607 297 2686 incipere,
328 2603 522 2684 perficere
550 2605 647 2666 sancti
670 2603 802 2685 Spiritus
825 2605 1016 2668 invocatione
1038 2606 1380 2687 precantosacerdots:

100 2699 284 2792 ποίησον
308 2701 366 2768 τὸν
391 2700 453 2786 μὲν
481 2693 582 2785 ἄρτον
602 2707 720 2769 τοῦτον
741 2699 853 2787 τίμιον
872 2710 970 2788 σῶμα
990 2710 1050 2772 τοῦ
1071 2710 1221 2792 Χριστοῦ
1243 2723 1321 2770 oco·
1350 2714 1382 2766 et

101 2802 496 2889 ροειεεεμεταβαλών
521 2807 570 2890 τῷ
596 2801 762 2888 πνεύματι
785 2801 878 2892 ἁγίῳ.
917 2811 1082 2891 cupos.
1125 2811 1202 2872 Nic.
1228 2807 1380 2886 bulgari

101 2909 120 2970 i.
138 2929 164 2971 c.
188 2929 219 2989 p.
238 2913 299 2972 154
315 2927 379 2990 sup:
408 2903 478 2970 Διὰ
504 2903 564 2992 τὴν
584 2901 802 2994 ἐπιφοίτησιν
822 2913 883 2973 τοῦ
904 2905 1089 2995 Παναγίου,
1116 2907 1174 2975 καὶ
1194 2907 1381 2991 τελεταρχι-

100 3011 162 3074 τοῦ
182 3003 391 3090 nectemus,
414 3002 531 3090 ἔχομεν
552 3000 622 3072 ἀπὸ
644 3001 703 3072 τὸν
720 3002 939 3096 Ἀμφιλόχιον
959 3008 1000 3076 vni
1020 3009 1060 3076 τὸ
1082 3005 1224 3093 ἔβλεπεν
1245 3003 1383 3096 ὀφθαλ·

101 3113 275 3197 poposcis,
304 3104 385 3174 ὅταν
412 3103 605 3194 ἐλειτούργα
631 3103 651 3174 o‘
677 3107 782 3194 μέγας
802 3106 991 3190 Βασίλειος,
1023 3114 1225 3194 καταβαῖνον
1253 3107 1313 3175 ἐπὶ
1340 3106 1383 3174 τὰ

102 3214 216 3296 Δῶρα.
239 3207 313 3276 Καὶ
331 3207 416 3294 κατὰ
437 3207 496 3275 τὸν
516 3208 703 3297 πολυμαθῆ
722 3207 865 3293 Μόσχον
885 3216 974 3299 Κεφ.
989 3206 1048 3297 ον’.
1069 3206 1088 3278 c‘
1110 3208 1277 3296 θεοσεβὴς
1296 3205 1383 3275 ἐκεῖ·

104 3335 159 3391 νος
179 3306 387 3389 Ἐπίσκοπος
413 3307 577 3390 cidenas
596 3309 701 3392 τέλος,
729 3311 786 3378 καὶ
804 3311 868 3395 μὲν
889 3305 1181 3392 ἐξακολουθῶντας
1201 3309 1261 3397 τὴν
1278 3304 1385 3395 Ἱερὰν

104 3407 342 3500 Λειτουργίαν.
364 3409 557 3499 ἐρωτηθεὶς,
579 3407 670 3500 sieri
695 3408 805 3497 αἰτίας
826 3409 881 3480 ὅτι
902 3408 962 3480 οὖν
978 3405 1069 3480 εἶδον
1083 3407 1276 3500 (ἀπεκρίθη)
1297 3407 1384 3477 κατὰ

104 3515 141 3582 τὸ
168 3511 317 3602 σύνηθες
347 3512 408 3600 τὴν
440 3509 539 3599 r‘yins
570 3521 631 3580 τοῦ
656 3509 769 3601 ‘Apion
795 3511 995 3600 Πνεύματος
1027 3509 1254 3604 ἐπνφοίτησιν.
1289 3505 1384 3594 ’Ἐτζι

104 3621 189 3705 Κεφ.
212 3611 274 3697 κζ.
303 3607 426 3693 ’Ἄλλος
452 3613 730 3704 πνενματοφόρος
749 3614 869 3705 Πατὴρ
896 3613 987 3706 νόθη
1010 3615 1129 3706 φορὰν,
1151 3609 1240 3682 (1ποῦ
1262 3611 1385 3702 inpic-

191 3809 216 3868 1)
242 3805 272 3857 Ut
290 3806 374 3856 Graeci
399 3807 423 3857 iu
448 3804 551 3856 coneilio
569 3805 710 3856 Florentino
730 3805 810 3858 1439:
836 3807 933 3868 „interi
958 3822 1003 3858 uos
1027 3807 1139 3866 diximus,
1164 3821 1207 3872 per
1226 3807 1286 3857 haec
1304 3814 1383 3856 trsos·

106 3890 263 3942 substentieri
287 3903 384 3940 sacrum
408 3902 505 3953 psosm,
530 3898 554 3940 et
576 3890 627 3940 beri
653 3903 743 3955 corpas
762 3890 859 3942 Christi.
894 3891 942 3942 Sed
960 3900 1055 3958 postes,
1073 3891 1276 3956 quemadmodum
1296 3897 1319 3938 et
1337 3889 1383 3952 ipsi

108 3975 199 4026 dicitis:
226 3973 285 4024 iube
310 3973 370 4023 baec
393 3973 497 4038 perferri
520 3987 565 4039 per
583 3988 668 4024 menos
686 3974 763 4025 sancti
782 3975 860 4038 sossii
879 3977 911 4026 tui
926 3976 949 4026 in
968 3976 1072 4026 sublime
1090 3975 1165 4026 sitsrs
1183 3982 1264 4025 tuum:
1288 3973 1320 4022 its
1339 3987 1384 4021 nos

108 4073 203 4127 quoqne
222 4073 322 4109 cremus
340 4057 456 4117 dicentes,
474 4064 500 4108 nt
511 4058 616 4123 Spiritus
633 4065 732 4110 sanctos
750 4059 881 4109 descendet
898 4073 972 4122 super
989 4073 1042 4119 uos,
1062 4065 1086 4110 at
1103 4059 1192 4109 sidcist
1209 4058 1232 4108 in
1252 4056 1321 4106 nobis
1339 4071 1386 4119 ps-

108 4159 160 4196 ssro
178 4145 246 4195 hooc
263 4143 398 4208 pretiosum
417 4155 508 4207 eorpus
526 4142 615 4194 Christi
634 4142 684 4206 tai3
702 4151 727 4194 et
743 4141 808 4209 qood
826 4143 850 4194 in
869 4141 944 4194 esiics
961 4143 1008 4196 istc
1026 4152 1072 4204 est,
1089 4143 1223 4208 pretiosora
1242 4140 1383 4202 sanguinem

109 4229 195 4280 Christi
214 4229 259 4288 tui,
276 4233 468 4290 trsosmatstqus
487 4228 540 4291 ipss
557 4227 648 4292 Spiritu
665 4235 750 4278 ssacto
768 4241 822 4288 suo,
846 4233 871 4277 ut
889 4229 947 4278 dsst
965 4227 1198 4278 commouimotibus
1216 4225 1240 4276 in
1258 4223 1384 4288 purgetis·

109 4327 161 4364 usus
186 4313 292 4372 enimse,
318 4311 341 4360 in
366 4311 535 4361 remissionem
554 4319 719 4378 peccatorem,
743 4319 767 4362 et
784 4325 833 4362 noa
851 4312 910 4364 hant
927 4313 950 4363 in
969 4313 1082 4364 iudicium
1101 4319 1142 4362 sut
1159 4307 1384 4362 condemnationem

110 4397 245 4450 nostram.·‘
282 4395 300 4445 i.
318 4393 425 4448 bium:
448 4393 554 4461 Spiritus
577 4402 675 4448 ssnctss
702 4409 750 4447 non
768 4397 901 4459 invocetur,
924 4406 950 4448 ut
967 4397 1070 4447 iilsbsns
1088 4395 1176 4445 efficiat
1191 4409 1235 4444 seu
1254 4401 1387 4444 commutet

110 4495 194 4546 psssm
214 4481 239 4532 in
258 4493 348 4544 corpus
366 4487 391 4530 et
407 4479 487 4530 riuum
505 4480 529 4530 in
547 4480 689 4543 nupsinem
708 4479 840 4533 Sslsstcris
857 4479 949 4544 nostri;
974 4479 1017 4530 sed
1035 4485 1062 4528 nt
1078 4479 1120 4528 iiis
1138 4491 1226 4542 corpus
1244 4484 1269 4527 st
1285 4477 1385 4540 sunsai-

111 4579 163 4616 ssu
181 4579 237 4618 ssss
255 4565 333 4630 ipsias
349 4563 446 4614 bomini
464 4565 541 4616 nostri
559 4565 678 4626 osteudst,
702 4572 726 4615 st
748 4565 829 4628 iscist,
854 4573 880 4616 nt
897 4565 945 4616 sint
962 4563 1151 4630 percipientibus
1169 4576 1197 4612 es
1215 4562 1240 4612 io
1258 4560 1387 4613 remissio·

111 4663 162 4702 aen
180 4656 336 4716 peccatoram
355 4656 379 4700 st
395 4649 466 4700 sitsm
485 4659 617 4701 sstsrosm.
