3394 5308
720 431 837 522 ω

106 639 145 710 ἐν
174 637 257 718 ταῖς
288 631 506 732 προςευχοιῖς
539 629 667 708 αὐτῶν
698 631 763 708 καὶ
795 627 963 730 φύλαξον
995 629 1133 716 αάτοῦς
1164 633 1378 732 ἀτρίπτους,

108 737 330 832 ἀμ’μπτους,
364 729 621 836 ἀνεγκλήτους,
652 737 717 810 ἵνα
749 728 844 812 ὦσιν
877 733 977 837 ἅγιοι
1008 731 1155 831 στόματι
1186 736 1250 812 καὶ
1274 745 1378 836 ψυχῇ

109 839 154 936 μὴ
186 839 333 933 ἔχοντες
366 841 497 914 σπῖλον
529 833 553 933 ἢ
585 831 723 932 ῥόπιδα
755 837 781 932 ἥ
813 864 849 911 τι
873 843 953 911 τῶν
976 834 1171 928 τοιούτων,
1206 839 1286 912 ἀλλ’
1314 840 1379 915 ἵνα

110 937 197 1016 ιάσιν
222 940 346 1037 ἀρτιοι
370 938 434 1012 καὶ
459 936 589 1034 μηδεὶς
613 941 655 1013 ἐν
671 938 798 1021 αὐτοῖς
813 933 837 1034 ᾖ
854 937 1049 1036 κολοβὸςῆ
1068 935 1205 1037 ἀτελής.
1225 940 1377 1044 Ἀρωγὲ,

108 1039 263 1130 δυνατέ,
296 1035 624 1140 ἀπροςωπόληπτε,
664 1047 776 1141 γενοῦ
811 1037 1045 1140 ἀντιλήπτωρ
1077 1049 1148 1117 τοῦ
1181 1051 1273 1117 λαοῦ
1309 1066 1378 1120 σου

109 1140 253 1231 τούτου,
287 1141 333 1217 όν
363 1138 590 1244 έξηγόρασας
620 1149 674 1240 τῷ
706 1139 818 1240 τιμίῳ
845 1149 914 1217 τοῦ
940 1147 1109 1239 Χριστοῦ
1142 1169 1211 1219 σου
1238 1145 1378 1240 αἵματι.

110 1241 340 1344 Προστάτης,
373 1245 578 1342 ἐπίκουρος,
610 1242 759 1340 ταμίας,
793 1240 928 1342 φύλαξ,
960 1249 1078 1340 τεῖχος
1110 1243 1379 1342 ἐρυμνότατον,

112 1345 295 1448 ηραγμὸς,
329 1341 528 1442 ἀσφάλεια,
563 1344 619 1420 ὅτι
654 1350 695 1420 ἐκ
726 1354 791 1442 τῆς
817 1355 883 1442 σῆς
910 1346 1034 1443 χειρὸς
1059 1345 1182 1431 οὐδεὶς
1214 1347 1380 1445 ἁρπάσαι

109 1447 285 1524 δύναται·
323 1445 410 1522 οὐδὲ
435 1444 509 1549 γάρ
536 1449 613 1522 ἐστι
638 1445 728 1531 θεὸς
753 1445 876 1542 ὥσπερ
902 1447 951 1522 σὺ
977 1449 1097 1546 ἕτερος
1123 1447 1179 1523 ὅτι
1205 1451 1246 1525 ἒν
1272 1450 1379 1546 σοὶὴ

108 1549 276 1646 ὑπομονὴ
309 1547 429 1645 ἡμῶν.
477 1547 652 1652 Ἀγίασον
677 1547 814 1632 αὐτοὺς
839 1551 880 1623 ε”ν
903 1557 949 1646 τῇ
977 1549 1136 1649 ἀληθείᾳ
1161 1575 1243 1641 σου,
1277 1551 1379 1627 ὅτιὸ

110 1649 211 1754 λόγος
245 1649 266 1726 ὃ
300 1649 364 1733 σὸς
395 1647 554 1746 ἀλήθεια
592 1648 703 1726 ἐστίν.
749 1647 1052 1750 Ἀπροςχάριστε,
1095 1649 1379 1755 ἀπαραλόγιστε,

110 1759 213 1850 ῥῦσαι
241 1750 381 1840 αὐτοὺς
405 1751 525 1850 πάσης
549 1750 665 1830 νόσου
690 1751 754 1829 καί
779 1751 899 1848 πάσης
922 1753 1120 1848 μαλακίας,
1146 1754 1284 1838 παντὸς
1307 1785 1380 1830 πα-

109 1851 366 1952 ραπτώματος,
392 1850 512 1952 πάσης
535 1853 703 1952 ἐπηρείας
726 1853 791 1930 καὶ
808 1850 961 1950 ἀπάτης,
988 1854 1062 1930 ἀπὸ
1081 1853 1207 1954 φόβου
1224 1859 1379 1952 ἐχθροῦ,

108 1956 176 2031 ἀπὸ
200 1955 338 2054 βέλους
362 1957 566 2053 πετομένου
590 1955 740 2053 ἡμέρας,
768 1953 842 2030 ἀπὸ
862 1952 1080 2057 πράγματος
1095 1959 1137 2032 ἐν
1154 1953 1275 2032 σκότει
1296 1957 1381 2032 δια-

109 2059 359 2156 πορευομένου
392 2057 457 2133 καὶ
487 2056 720 2143 καταξίωσον
745 2056 881 2140 αὐτοῦς
905 2064 970 2154 τῆς
995 2057 1151 2134 αἰωνίου
1178 2057 1285 2155 ζωῆς,
1316 2067 1381 2156 τῆς

109 2163 144 2236 ἐν
167 2165 327 2258 Χριστῷ
364 2168 419 2257 τῷ
451 2158 522 2258 ῦιῷ
549 2187 619 2236 σου
644 2166 698 2259 τῷ
723 2163 929 2261 μονογενεῖ,
966 2167 1019 2257 τῷ
1046 2163 1127 2258 θεῷ
1153 2159 1216 2236 καὶ
1243 2168 1381 2258 σωτῆρι

108 2261 224 2358 ἡμῶν,
259 2259 311 2336 δι’
351 2256 396 2338 οὗ
432 2287 490 2337 σοι
522 2258 616 2348 δόξα
645 2260 711 2338 καὶ
746 2262 858 2358 σέβας
890 2263 932 2336 έν
958 2257 1054 2364 ἁγίῳ
1080 2258 1276 2359 πνεύματι,
1309 2271 1381 2339 νῦν

110 2363 165 2438 καί
189 2363 250 2438 ἀεὶ
275 2362 341 2438 καί
366 2369 416 2448 είς
440 2363 527 2448 τοῦς
552 2369 692 2447 αἰῶνας
716 2371 795 2440 τῶν
820 2358 991 2438 αῑυίνων·
1029 2361 1141 2461 ἀμήν.

364 2702 504 2778 ΜΙθδΑ
535 2702 762 2778 FIDELIUM
792 2702 828 2776 S.
861 2704 1126 2777 ΑΝΑΦΟΡΛ.

180 2889 222 2962 X·
250 2900 324 2970 Καὶ
336 2902 422 2988 μετὰ
435 2908 535 2971 τοῦτο
548 2904 670 2989 λεγέτω
684 2899 703 2971 ό
720 2899 889 2982 διάκονος·
912 2885 1159 2986 Πρόσχωμελί·
1185 2901 1256 2970 Καί
1270 2898 1382 2970 ἀσπα-

111 3019 217 3102 ζέσθω
240 3015 261 3087 δ
284 3015 471 3099 ἐπίσκοπος
490 3019 550 3110 τὴν
571 3018 743 3112 ἐκκλησίαν
763 3021 820 3089 καί
841 3019 978 3109 λεγέτω·
1002 3005 1026 3103 ἦ
1053 3001 1178 3106 ἒῑρήνη
1203 3014 1271 3082 τοῦ
1286 3009 1382 3083 θεοῦ

112 3123 199 3212 μετὰ
224 3121 383 3199 πάντων
403 3121 523 3219 ὑμῶν.
551 3121 625 3198 Καὶ
647 3123 666 3198 ἀ
689 3123 776 3208 λαὸς
798 3121 1086 3222 ἀποκρινάσθω·
1114 3123 1178 3199 καὶ
1199 3123 1293 3221 μετὰ
1313 3132 1381 3200 τοῦ

111 3239 319 3340 πνεύματός
345 3265 424 3317 σου.
464 3255 536 3324 Καὶ
556 3251 574 3324 ὁ
598 3253 750 3336 διάκονος
771 3252 901 3324 εἰπάτω
923 3261 1044 3324 πᾶσιν·
1066 3238 1290 3316 ἀσπάσασθε
1317 3242 1383 3316 ἀλ-

112 3357 238 3456 λήλους
264 3363 308 3436 ἓν
332 3355 510 3459 φιλήματι
536 3358 643 3462 ἁγίῳ·
670 3373 741 3442 Καὶ
761 3369 1033 3456 ἀσπαζέσθωσαν
1054 3369 1088 3441 ολ
1108 3379 1168 3441 τοῦ
1188 3369 1310 3462 κλήρου
1325 3371 1383 3442 τάν

113 3473 307 3560 έπίσκοπον,
331 3473 365 3544 οί
387 3476 498 3546 λαϊκοί
514 3469 630 3565 ἀνδρες
643 3475 721 3558 τοὺς
733 3474 879 3558 λαΐκοῦς,
901 3471 939 3544 αί
952 3477 1101 3564 γυναῖκες
1113 3473 1174 3556 τάς
1187 3479 1352 3563 γυναῖκας.
1360 3479 1383 3558 ¹)

195 3703 220 3762 l)
249 3702 413 3766 chrysost.
430 3701 519 3754 ίίοιιιίΙ.
539 3701 569 3753 18
588 3702 612 3752 in
630 3700 727 3754 λῦσαι
754 3695 872 3752 έπειδάν
894 3699 1029 3768 ελρξωμεν
1051 3697 1107 3749 τάν
1128 3697 1213 3768 ἱερῶν
1228 3692 1383 3770 περιβόλων

113 3779 172 3843 ιοός
186 3781 219 3838 οῦ
238 3783 416 3854 δυναμένους
431 3785 477 3849 τῆς
493 3783 570 3852 ίερδς
584 3787 735 3855 μετασχεῖν
752 3783 891 3850 τραπέζης,
908 3780 1006 3851 ἑτέραν
1023 3780 1054 3835 δὲ
1071 3783 1205 3851 γενέσθαι
1221 3777 1314 3850 εὐχὴν,
1334 3780 1382 3832 καλ

114 3866 211 3926 πάντες
226 3864 333 3937 ὁμοίως
349 3863 392 3919 ἐπ’
410 3861 533 3937 ἐδάφους
547 3871 674 3938 κείμεθα,
692 3868 740 3919 καλ
756 3863 858 3926 πάντες
880 3861 984 3937 ὁμοίως
999 3860 1187 3934 δνιστάμεθα,
1222 3860 1289 3919 ὅταν
1305 3861 1382 3932 εἰρή-

114 3967 159 4016 νης
178 3947 267 4005 πάλιν
287 3946 514 4020 μεταλαμβάνειν
530 3953 578 4004 καλ
593 3950 776 4021 μεταδιδόναι
793 3951 849 4022 δέη,
873 3947 975 4010 πάντες
992 3948 1095 4021 ὁμοίως
1111 3949 1302 4020 ἀσπαζόμεθα.
1337 3947 1380 4000 ἐπ’

114 4034 201 4088 ιιιίιιῑν
217 4031 305 4088 πόλιν
321 4037 377 4088 τοῖν
395 4029 628 4105 φρικωδεστότιιν
649 4039 809 4106 μυστηρίων
825 4033 970 4104 έπεόχεται
987 4029 1002 4088 ό
1019 4031 1108 4104 λερεός
1125 4037 1162 4102 τῷ
1179 4035 1247 4101 λαῷ,
1264 4027 1382 4100 έπειίχε-

117 4135 154 4170 ιιι
176 4121 224 4173 καλ
248 4115 263 4173 ό
287 4117 355 4178 λαός
378 4124 416 4186 ιηλ
437 4121 522 4192 ίερεῖ·
546 4115 576 4175 τό
598 4115 655 4190 γάρ
677 4117 748 4189 μετά
766 4119 814 4173 τοῦ
833 4111 992 4188 πνεύματός
1007 4133 1068 4184 σου,
1087 4116 1170 4172 οὐδὲν
1187 4111 1254 4169 ἄλλο
1272 4109 1383 4182 canufi

116 4206 205 4259 τοῦτο·
222 4202 255 4257 τιλ
273 4205 320 4270 τῆς
336 4201 511 4277 εὐχαριστίας
526 4199 612 4257 πόλιν
628 4198 718 4257 κοινά.
754 4200 818 4258 οὐδὲ
836 4199 889 4274 γὰρ
908 4202 1013 4264 ἐκεῖνος
1028 4200 1184 4273 εὐχαριστεῖ
1198 4196 1294 4271 μόνος,
1311 4193 1382 4252 δλλά

115 4289 158 4340 κτλ
175 4289 190 4342 δ
207 4285 274 4348 λαός
291 4285 375 4348 ἀπας.
409 4284 546 4362 πρότερον
572 4285 627 4360 γάρ
651 4286 745 4342 αὐτῶν
768 4284 862 4356 λαβὼν
884 4284 991 4358 φωνὴν,
1018 4281 1076 4341 εἶτα
1099 4287 1315 4356 συντιθεμένων,
1341 4279 1383 4337 ὅτι

115 4368 193 4433 ἰξίας
214 4375 263 4426 καλ
280 4372 396 4432 δικαίως
410 4373 488 4426 τοῦτο
506 4378 620 4443 γίνεται.
656 4369 716 4426 τότε
734 4365 847 4442 ἄρχεται
865 4372 910 4440 τῆς
926 4371 1100 4441 εὐχαριστίας
1116 4370 1165 4423 καλ
1181 4374 1208 4422 τί
1222 4368 1381 4439 θαυμάζεις,

116 4459 142 4508 εί
154 4475 207 4511 που
222 4455 295 4524 μετὰ
310 4457 361 4511 τοῦ
377 4457 471 4530 ἱερέως
487 4455 502 4512 ό
518 4455 586 4518 λαός
602 4460 764 4529 φθέγγεται,
782 4457 847 4512 δτου
863 4473 896 4526 γε
910 4457 958 4510 καλ
973 4457 1035 4525 μετ’
1056 4455 1147 4509 αὐτῶν
1165 4455 1219 4506 νῦν
1236 4453 1382 4523 Χερουβὶμ

30 4553 31 4602 3
116 4542 159 4593 τιιλ
170 4545 224 4596 τοῖν
235 4539 295 4596 ἀνω
308 4533 462 4609 δυνάμεων
471 4545 550 4614 κοινῇ
561 4537 721 4609 τοῦςίεροάς
729 4541 851 4602 έκείνοος
859 4538 966 4614 ὕμνους
974 4541 1143 4608 ἀναπέμπει.
1163 4541 1306 4606 cyrillus
1318 4541 1334 4590 Ι.
1342 4549 1380 4590 αι

30 4613 31 4674 λ
117 4619 169 4680 εἶτα
184 4629 237 4696 βοᾷ
253 4625 268 4683 ὁ
286 4623 431 4688 διάκονος·
449 4623 583 4694 ἀλλήλους
599 4621 752 4693 ἀπολάβετε
770 4628 817 4679 καλ
834 4623 966 4694 ἀλλήλους
983 4617 1382 4692 ἀσπαζοίμεθα--σημεῖον

119 4715 205 4768 τοίνυν
220 4713 280 4770 έστλ
296 4709 328 4768 τό
347 4713 457 4784 φίλημα
475 4714 523 4767 τοῦ
540 4713 735 4787 τλνακραθῆναι
752 4707 800 4772 τὰς
817 4708 910 4781 ψυχάς
926 4711 974 4764 καλ
991 4707 1087 4762 πᾶσαν
1104 4705 1231 4781 έξορίζιιίν
1241 4719 1381 4778 μνησικα-
