3336 5302
922 397 996 468 442

320 572 429 702 λέγων
448 601 506 646 και
495 573 638 662 λοβῶν
656 569 816 662 θυμίαμα
836 581 947 662 δυμιᾶ
966 575 1024 646 τὸν
1046 571 1238 663 ὐσττρίωων
1257 574 1316 648 καὶ
1334 574 1379 646 τὰ
1397 573 1590 664 καλύμματα

324 676 383 748 καί
407 673 657 768 παρακαλύψας
688 671 773 744 αὐτὰ
798 677 902 767 μηδὲν
927 674 1015 790 ὅλως
1035 678 1144 748 λαλῶν
1163 673 1303 767 μὴτε’
1260 677 1364 790 πχὴν
1383 684 1445 768 τὴς
1464 676 1590 766 προδέ

323 801 409 860 σεως
429 775 502 848 ἇλλ
524 773 686 868 ὴμόυοο·
677 761 753 855 ·δι
783 765 906 860 εὐχῶν
929 773 1008 842 τῶν
1032 761 1154 867 ἁγίων
1178 765 1359 862 πατέρων.

409 930 513 1000 Μετὰ
539 930 579 1000 δὲ
605 930 644 998 τδ
673 927 830 1017 κάθισμα
849 929 905 1000 τό·
948 912 1062 1014 Κύριε
1098 917 1269 1014 ἐκέκραξα
1297 919 1587 1014 (Ρε.142.143ὴ,

325 1031 374 1115 εἷς
395 1025 415 1102 6
436 1038 549 1124 θυμιᾷ
568 1027 590 1100 6.
611 1029 766 1112 διάκονος
785 1031 872 1101 κατδ
890 1032 951 1122 τὴν
970 1029 1075 1115 τάξιν,
1096 1029 1243 1120 γίνονται
1263 1033 1307 1102 τὰ
1321 1033 1470 1126 στιχηρδ,
1492 1032 1587 1116 Δόξα,

323 1131 512 1216 θεοτόκιον,
535 1127 609 1204 εἶτα
629 1130 650 1222 ὴ
674 1129 804 1216 είςοδος
825 1127 903 1204 ῶνευ
925 1130 1126 1222 εὐαγγελίου.
1143 1133 1222 1204 ’Ότι
1236 1133 1276 1204 δέ
1287 1135 1405 1220 μέλλει
1420 1133 1529 1206 εἰπεῖν
1542 1132 1589 1204 εὐ-

325 1237 477 1324 αγγέλιον
503 1229 605 1324 ἤγουν
632 1232 680 1316 είς
700 1235 761 1326 τὴν
781 1231 909 1324 εὐρεσιν
929 1241 989 1324 τὴς
1009 1234 1125 1321 τιμίας
1143 1238 1292 1326 κεφαλῆς
1310 1243 1371 1305 τοῦ
1389 1235 1587 1325 προδρόμου,

324 1344 390 1406 τῶν
411 1334 513 1426 ἁγίων
534 1346 576 1407 40
597 1333 781 1426 μαρτύρων,
803 1341 864 1408 τοῦ
884 1332 1122 1426 εὐαγγελισμού
1142 1338 1199 1408 καί
1218 1335 1399 1429 τῇμεγέλη
1416 1335 1587 1426 ἑβδόμαδι·

325 1435 401 1507 τότε
423 1436 585 1519 ελςοδεύει
603 1439 689 1524 μετὰ
709 1443 769 1507 τοῦ
791 1435 991 1526 εὐαγγελίου.

441 1586 529 1680 Εὐχὴ
551 1595 611 1679 τὴς
631 1587 773 1672 είςόδου,
794 1591 952 1682 λεγομένη
974 1590 1068 1680 παρὰ
1088 1597 1148 1659 τοῦ
1169 1588 1285 1680 ίερέως
1304 1598 1482 1677 μυστικῶς.

406 1710 593 1808 Ἑσπέρας,
618 1711 682 1786 καὶ
706 1711 816 1805 πρωϊ,
842 1711 906 1787 καὶ
931 1710 1177 1808 μεσημβρίας,
1204 1717 1398 1807 αλναῦμεν,
1410 1714 1587 1842 εὐληγηυ

326 1841 409 1907 μεν,
446 1813 737 1938 εὐχαριστοῦμεν
771 1813 836 1888 καὶ
875 1811 1042 1902 δεόμεθά
1068 1839 1150 1902 σου,
1186 1812 1349 1888 δέσποτα
1372 1823 1452 1890 τῶν
1477 1811 1587 1892 διιέν-
1655 1889 1656 1896 ,

326 1943 416 2004 των,
444 1911 702 2042 φιλοίνθρωπε
717 1913 847 2012 Κύριε·
878 1912 1128 1990 Κατειίθυνον
1151 1915 1221 2013 τὴν
1245 1915 1451 2015 προςευχὴν
1474 1917 1587 2014 ὴμῶν,

327 2017 378 2100 ὡς
411 2015 593 2114 θυμίαμα
629 2013 790 2092 ένῶπιόν
826 2040 916 2106 σου,
956 2016 1105 2144 καὶμὴ
1141 2016 1306 2114 ἐκκλίνης
1340 2017 1407 2102 τὰς
1442 2017 1587 2118 καρδίας

325 2117 436 2246 ὴμῶν
470 2123 520 2202 εἷς
555 2115 708 2219 λόγους,
744 2119 768 2216 ἢ
804 2123 854 2204 εἰς
889 2127 1008 2294 λογισγ
1010 2117 1088 2202 ιούς
1123 2120 1319 2218 πονηρίας·
1360 2119 1454 2195 ἀλλὰ
1487 2125 1587 2218 ῥῶσαι

325 2215 423 2317 ὴμᾶς
458 2223 498 2294 ἐκ
533 2221 689 2295 πάντων
722 2228 801 2296 τῶν
837 2217 978 2348 θηρευέ
981 2248 1080 2295 ντων
1116 2219 1182 2304 τὰς
1217 2219 1343 2319 ψυχὰς
1377 2220 1503 2320 ὴμῶν,
1537 2220 1586 2296 ὅτι

327 2321 419 2448 πρὸς
445 2321 497 2410 σὲ,
525 2317 650 2419 Κύριε,
677 2317 804 2420 Κύριε,
842 2351 877 2396 οι
867 2319 1144 2420 “δηοθαλμολ
1122 2330 1245 2418 ηιιῶν,
1279 2323 1342 2397 καί
1367 2323 1428 2398 ἐπὶ
1454 2323 1509 2400 σοὶ
1528 2323 1586 2448 ὴλ-

327 2423 504 2522 πίσοι·αεν
542 2423 594 2518 μὴ
620 2423 869 2520 καταισχύνης
892 2421 1003 2521 ὴμᾶς,
1041 2421 1060 2551 ὴ
1090 2422 1222 2508 Θεὸς
1200 2431 1320 2521 ημῶν.
1364 2422 1450 2502 Ὅτι
1475 2425 1586 2553 πρέπει

328 2548 387 2598 σοι
422 2533 525 2599 πᾶσα
561 2519 666 2612 δόξα,
702 2525 790 2622 τιμὴ
824 2524 887 2601 καὶ
919 2522 1173 2623 προςκιίνησις,
1210 2530 1264 2623 τῷ
1297 2526 1423 2624 πατρὶ,
1458 2528 1584 2624 καὶτῷ

326 2625 413 2723 υἱῷ,
445 2626 588 2723 καὶτῷ
615 2623 710 2726 ἁγίῳ
736 2624 932 2723 πνεύματι,
966 2635 1039 2704 νῦν
1063 2627 1127 2702 καὶ
1153 2625 1223 2718 ἀεὶ,
1249 2625 1312 2702 καὶ
1338 2633 1388 2712 είς
1406 2628 1493 2714 τούς
1508 2633 1585 2704 αἰῶ

327 2755 396 2810 νας
420 2757 499 2802 των
523 2699 685 2802 6666er-

411 2906 450 2977 ‘0
476 2906 590 2996 χορός
636 2899 728 2978 Φῶς
761 2893 892 2996 ἱλαρόν
926 2895 990 2972 καὶ
1021 2896 1068 2972 τδι
1095 2897 1142 2982 ἓξ
1168 2916 1418 3025 (Responsorium
1434 2917 1582 2980 εΡεεΙοι-

328 3035 395 3078 rum
427 3016 581 3078 versiculis
605 3018 798 3094 contextum).
854 3009 1077 3094 Ὁδιοίκονος.
1122 2996 1373 3100 Πρὸσχωμθν
1425 3008 1582 3100 Ὁλερείς.

329 3097 469 3198 Εῑρήνη
495 3106 620 3174 πᾶσιν
662 3107 887 3195 Ὁδιοίκονος.
932 3100 1072 3199 Σοφία
1123 3111 1448 3206 Ὁδναγνῶστης
1411 3141 1451 3186 το
1466 3110 1582 3204 προειλ-

327 3239 436 3302 μενον.
493 3211 612 3304 Καλὴ
642 3213 688 3282 Γ
671 3239 778 3296 ενεσις
805 3219 919 3301 (Lectio
949 3240 984 3283 ex
1013 3221 1122 3284 Genesi
1150 3225 1320 3298 α7,6-
1338 3225 1400 3300 10).
1448 3218 1495 3286 T6
1521 3210 1582 3284 δεί-

327 3341 423 3404 τερον
442 3313 660 3404 προκείμενον
679 3315 737 3385 καί
755 3316 840 3403 μετὰ
864 3323 963 3386 τοῦτο
984 3315 1165 3408 ἕκφωνεῖ“
1147 3343 1165 3386 ο
1187 3316 1351 3399 διάκονος.
1387 3301 1581 3379 Κελευῦαϊθ·

325 3415 364 3485 Ὁ
392 3416 470 3487 δὲ
460 3418 566 3509 ιερεύς
592 3417 703 3505 λαβὼν
730 3423 788 3510 τῇ
784 3419 892 3500 δεξιᾶ
912 3419 1003 3544 γειρί
1029 3418 1198 3507 θυμιατὸν
1224 3445 1280 3490 και
1271 3411 1496 3506 μενουάλιον
1513 3415 1584 3508 μετὰ

328 3527 439 3609 κηροῦ,
460 3522 597 3588 ἵσταται
617 3517 763 3588 ένῶπιον
783 3525 843 3610 τὴς
863 3517 960 3608 ἁγίας
981 3522 1147 3612 τραπέζης
1165 3547 1222 3591 και
1215 3520 1435 3612 σφραγίζων
1459 3519 1581 3608 σταυρὸν

328 3637 434 3726 μέγα,
463 3623 607 3723 Σοφία,
634 3622 757 3722 ὀρθοί
785 3629 877 3708 Φῶς
900 3630 1070 3724 Χριστοῦ
1096 3625 1220 3723 φαίνει
1246 3633 1348 3701 πᾶσι.
1395 3631 1581 3726 Ὁᾶγαγιδ

329 3762 409 3831 στης
436 3745 629 3827 παροιμιῶν
656 3741 696 3810 τὸ
726 3737 925 3828 ἀνάγνωσμα
947 3745 1061 3829 (Lectio
1085 3765 1102 3808 ε
1122 3745 1197 3808 libro
1220 3745 1450 3810 Proverbiorum
1471 3763 1495 3810 c.
1509 3749 1536 3816 9
1550 3743 1580 3805 13
1655 3775 1656 3792 1

329 3849 437 3925 -18).
480 3841 552 3911 Καὶ
577 3841 663 3928 μετὰ
687 3841 748 3950 τὴν
775 3841 1013 3932 συμπλήρωσιν
1039 3840 1177 3931 λέγει(
1159 3868 1178 3913 ο
1206 3839 1324 3931 λερειίς.
1367 3827 1503 3926 Ελρήνη
1526 3851 1581 3900 ⁰⁰⁸·

327 3941 552 4024 Ὁδιοίκονος.
588 3929 729 4027 Σοφία·
768 3941 960 4037 Οψιίλτης
983 3944 1022 4014 τὸ
1043 3942 1339 4034 τπδευδυνδὴτω.
1382 3945 1483 4016 Μετὰ
1501 3942 1535 4012 δὲ
1551 3937 1581 4006 τὸ

289 4121 293 4136 ,
327 4041 601 4136 ταθευθυνθὴτω
622 4043 750 4134 λέγειι
732 4073 751 4115 ο
774 4043 937 4127 διάκονος.

382 4288 390 4314 Ι
417 4189 595 4312 Είηιυμεν
620 4181 756 4266 πάντες
781 4187 820 4268 ἐξ
844 4183 928 4282 ὅλης
953 4191 1017 4283 τὴς
1041 4192 1175 4284 ψυχῆς,
1201 4183 1265 4260 καὶ
1283 4186 1321 4270 ἐξ
1337 4183 1422 4282 ὅλης
1438 4179 1581 4282 τὴςδια·

331 4317 436 4371 ναιας
459 4295 570 4383 ημῶν
595 4289 774 4380 ε’ίπωμεν·

323 4479 635 4496 -u—-ffl

332 4580 435 4638 ῶαιοῑε,
453 4579 543 4641 though
562 4579 616 4641 ιλιιγ
634 4589 725 4642 τροιιο
742 4585 767 4627 ιο
786 4577 877 4626 receive
895 4575 1035 4627 nudorum
1054 4575 1119 4638 kind,
1138 4577 1169 4626 δο
1187 4579 1211 4626 iu
1230 4577 1277 4628 λοοῑ
1295 4579 1387 4630 τοιαῦτα
1398 4579 1420 4629 in
1431 4569 1578 4636 bowspecies

333 4663 384 4714 ΤΙιε
402 4677 457 4714 caue
476 4665 496 4714 is
515 4663 554 4714 ιΙιε
572 4677 640 4714 εοεαε
655 4663 682 4723 Ιἰο
700 4660 883 4724 ιδιιιίοὶειεείιις
901 4661 941 4711 ιλιι
959 4661 1021 4725 δολς
1037 4661 1165 4712 Euenum
1182 4667 1206 4712 1ο
1224 4663 1265 4712 60
1283 4662 1341 4713 εἰῶ.
