3378 5302
684 415 754 490 137

453 637 495 706 Η
523 635 641 706 ΘΕΙΑ
666 633 983 708 ΛΕΙΤΟΥΡΓΙΑ

96 795 151 864 rod
182 784 292 890 ἁγίου
318 779 543 860 Ἀποστόλου
575 783 639 860 καὶ
670 785 932 886 εὐαγγελιστοῦ
966 780 1146 885 Μάρκου,
1178 791 1356 884 μαθητοῦ

518 910 587 978 τοῦ
612 902 723 1004 ἁγίου
751 902 910 1001 Πέτρου.

628 1064 666 1136 ‘O
689 1063 804 1158 ίερείς.

159 1159 209 1255 [Ι.
243 1153 385 1256 Εἰρήνη
409 1162 534 1231 πᾶσιν.

640 1249 678 1322 ‘0
700 1251 791 1336 λαός.

157 1342 230 1417 Καὶ
262 1345 319 1440 τῷ
343 1339 528 1439 πνεύματί
553 1365 633 1417 σου.

599 1470 642 1576 Ὁ
665 1471 827 1554 διάκονος.

158 1559 434 1660 Προςεύξασθε.
673 1595 692 1606 -

641 1656 679 1728 Ὁ
702 1656 793 1740 λαός.

156 1758 271 1861 Κύριε
297 1763 455 1861 ἐλέησον.
508 1760 621 1862 Κύριε
646 1763 804 1860 ἐλέησον,
856 1759 970 1862 Κύριε
998 1763 1155 1861 ἐλέησον.

521 1909 559 1980 Ὁ
582 1913 620 1983 δὲ
642 1909 748 2001 ἱερεύς
768 1905 907 1997 edixerat.

156 2031 466 2131 Εὗχαριστοῦμίυ
498 2057 557 2108 σοι
588 2031 651 2109 καὶ
681 2017 1067 2131 ὑπερευχαρισοοῦμον
1091 2032 1194 2133 κύριε
1221 2034 1242 2110 ὃ
1266 2037 1358 2120 θεὸς

91 2133 202 2228 ἡμῶν,
226 2133 248 2208 d
274 2134 395 2234 πατὴρ
421 2143 489 2211 τοῦ
513 2134 647 2232 κυρίου
671 2134 735 2210 καί
760 2136 855 2210 θεοῦ
880 2134 944 2208 καὶ
969 2143 1135 2235 σωτῆρος
1157 2135 1268 2234 ἡμῶν
1285 2138 1358 2234 Ἰη-

92 2243 149 2310 roai
171 2239 357 2335 Χριστοῦ,
389 2235 485 2313 κατὰ
517 2235 655 2326 πάντα,
687 2233 751 2312 καὶ
782 2235 848 2311 deul
872 2233 1039 2328 πάντων,
1072 2237 1135 2314 καὶ
1160 2242 1203 2314 ἐν
1227 2247 1355 2329 πᾶσιν,

164 2477 223 2542 Cep.
242 2477 262 2527 1.
298 2477 416 2529 conierea
433 2477 478 2527 Lit.
496 2477 543 2526 lec
561 2490 582 2526 c.
597 2475 620 2524 1.
654 2473 708 2525 lias.
732 2476 835 2540 primam
859 2484 951 2540 partem
975 2476 1048 2527 oldcii
1068 2479 1099 2528 ita
1124 2477 1245 2543 disponit:
1273 2479 1381 2550 Oratiox

91 2563 283 2626 praeparationis.
319 2561 420 2612 llomioe
449 2561 490 2626 qui
522 2561 585 2612 nosti
610 2560 683 2610 corda
708 2561 815 2610 omnium
841 2567 886 2610 etc.
921 2561 1003 2612 Oratio
1033 2571 1162 2628 postquam
1186 2571 1356 2628 praeparatum

90 2647 152 2696 luerit
168 2645 420 2698 altare'Tullotuine
437 2645 540 2698 docuisti
558 2659 604 2696 noe
622 2653 667 2696 etc.
703 2645 786 2696 Oratio
803 2645 935 2710 gratiamur
953 2646 1063 2696 actionis.
1087 2647 1181 2702 Gratiae
1200 2663 1298 2712 agemus
1310 2649 1356 2700 bo·

90 2745 166 2782 aeram
192 2731 287 2781 auctori
315 2739 360 2782 etc.
397 2730 478 2781 Oratio
507 2730 636 2780 oblationis
663 2744 683 2778 s.
702 2730 876 2795 propositionis
902 2730 972 2794 panis
999 2737 1023 2780 et
1050 2729 1141 2781 calicis.
1175 2732 1277 2784 llorniua
1302 2733 1357 2784 lesu

90 2815 173 2866 dirim
190 2825 238 2867 etc.
275 2816 345 2867 Tnnc
370 2816 463 2882 operiet
480 2815 599 2865 Sacerdos
626 2814 719 2864 discum
747 2821 769 2864 et
797 2814 904 2875 calicem,
932 2821 1059 2880 otmmque
1084 2816 1246 2878 integumento
1270 2832 1314 2867 suo
1333 2825 1358 2868 et

90 2901 159 2951 onnia
182 2901 272 2950 rnaiori
296 2899 349 2949 telo
373 2907 452 2963 teqe13
477 2908 527 2949 turn
551 2899 700 2950 osculabitur
723 2913 901 2964 conuersusque
925 2899 954 2948 ad
979 2901 1054 2964 ipsius
1079 2899 1142 2950 letus
1165 2901 1271 2951 australe
1295 2902 1355 2952 adn·

90 2985 140 3035 rabit
161 2985 242 3035 Oeam
268 2993 293 3034 et
317 2983 466 3034 osculabitur
489 2983 572 3034 altera.
608 2984 668 3032 Tum
692 2983 791 3032 circuitu
814 2991 912 3047 peracto
938 2983 1068 3035 descendet
1090 2998 1171 3034 coram
1196 2985 1273 3048 altari,
1296 3001 1356 3050 pro·

90 3069 251 3134 muciebitqne
279 3067 456 3118 absolutionem
482 3082 557 3132 super
584 3069 707 3117 ministros
733 3068 845 3118 sedentes
873 3082 954 3118 coram
981 3083 1018 3118 eo.
1060 3069 1151 3128 Quodsi
1174 3070 1236 3119 adsit
1253 3071 1300 3134 ipsi
1316 3085 1357 3120 sa·

92 3155 166 3204 rudos
193 3153 290 3212 socios,
316 3153 369 3217 ipse
387 3153 553 3217 pronuntiabit
569 3152 755 3203 absolutionem.
792 3152 874 3202 Oratio
899 3152 1058 3202 absolutionis
1075 3153 1105 3202 ad
1124 3152 1218 3203 illium.
1255 3153 1356 3203 Domine

90 3237 133 3287 lesu
151 3239 249 3289 Christe
268 3245 314 3287 etc.
332 3261 367 3271 -
383 3263 417 3274 -
440 3237 524 3297 „Serui
550 3237 583 3287 tui
608 3237 680 3286 bodie
704 3237 728 3286 in
747 3237 881 3287 ministerio
901 3237 1031 3297 constituti,
1048 3236 1176 3298 Sacerdos,
1193 3236 1315 3287 Diaconos
1333 3246 1358 3288 et

89 3321 172 3383 iluna,
197 3321 280 3372 omnis
298 3319 406 3385 populus
424 3328 448 3370 et
464 3321 591 3389 intlrptitas
610 3335 671 3382 mea,
698 3321 803 3370 absoluti
820 3321 869 3371 sint
887 3335 914 3370 er
932 3335 975 3370 ore
992 3321 1016 3370 S.
1036 3320 1167 3380 Trinitatis,
1193 3320 1281 3382 Patris,
1302 3323 1356 3372 l'ilii

22 3449 23 3472 ζ
89 3407 226 3472 etSpiritns
245 3405 337 3466 Sancti,
363 3418 390 3454 es
414 3420 456 3454 ore
481 3405 573 3466 unicae,
598 3405 683 3465 solius,
702 3413 799 3455 sanctae
818 3405 956 3456 Catholicae
974 3412 998 3455 et
1013 3403 1166 3469 apostolicae
1184 3404 1310 3466 ecclesiae,
1328 3420 1357 3456 et

89 3505 122 3540 ore
138 3491 178 3542 titt
196 3489 376 3556 Apostolorum
395 3497 463 3538 etex
482 3503 525 3540 ora
543 3491 753 3554 contemplationis
771 3489 936 3552 Evangelietae
953 3489 1025 3540 ttarct
1036 3488 1145 3554 ‚lpostoli
1164 3496 1187 3538 et
1204 3489 1313 3554 ldsrtpris
1332 3499 1358 3540 nt

22 3627 23 3638 ,
87 3577 148 3624 mant
167 3575 325 3626 Patriercbae
342 3574 419 3624 sancti
431 3575 521 3634 Severi,
538 3582 562 3623 et
573 3573 683 3624 Doctoris
701 3574 897 3624 nostriOioecori
915 3582 959 3624 etc
979 3574 1235 3638 liturgialetltiopnm
1254 3574 1356 3636 (betula

88 3657 270 3724 desponsorinuu
290 3666 418 3724 antequam
438 3657 542 3720 Liturpia
560 3658 672 3724 incipiat:
696 3658 805 3708 Alleluia.
842 3659 890 3721 Ego
909 3659 1029 3708 antemio
1048 3658 1200 3709 multitudine
1218 3659 1357 3711 misericor·

87 3741 131 3792 dree
153 3751 211 3794 tuae
237 3743 344 3792 introibo
371 3743 395 3792 in
421 3742 519 3791 domum
547 3751 620 3803 tuum,
644 3743 751 3796 adorabo
769 3743 799 3794 ad
818 3742 934 3806 templum
952 3751 1062 3794 sunctum
1080 3751 1147 3794 tunna
1165 3745 1189 3793 in
1207 3744 1293 3795 timore
1310 3751 1356 3796 ete.

87 3825 137 3890 lpte
161 3843 190 3878 ac
215 3827 321 3893 polclrre
344 3827 506 3892 compositum
531 3836 568 3877 est
585 3828 776 3892 liespoosorium
801 3827 983 3877 el'salmorum
999 3827 1107 3878 lloribns.
1142 3827 1257 3893 Sequitur
1275 3827 1356 3879 Oratio

87 3925 123 3972 pru
146 3912 254 3964 ecclesie
280 3919 304 3961 et
327 3911 413 3962 altari:
437 3911 538 3962 Domine
556 3912 620 3962 Oens
644 3918 735 3971 noster,
761 3919 785 3962 tu
804 3926 830 3962 es
847 3911 915 3962 solus
933 3920 1030 3962 sanans
1048 3920 1095 3964 etc.
1129 3912 1211 3962 Oratio
1229 3921 1355 3977 antequam

86 4005 178 4046 ornetur
201 3996 281 4046 altere
306 4003 330 4045 ct
347 3995 499 4046 collocentur
522 3997 546 4046 in
564 4011 593 4047 eo
607 4010 661 4046 vaee
681 4011 759 4046 sacra.
795 3995 895 4046 Domine
913 3995 977 4045 Oeus
996 3997 1036 4061 qoi
1055 3996 1140 4046 novisti
1158 3997 1231 4046 corde
1249 3997 1357 4046 omnium
1423 4053 1428 4060 ¹

86 4087 123 4128 etc
158 4081 245 4130 Oratio
269 4095 346 4144 super
364 4080 486 4130 Petenatu.
521 4080 623 4131 llomine
639 4079 705 4140 ileos
727 4089 810 4130 noster
826 4081 882 4132 lesu
900 4081 995 4130 Christe
1013 4089 1058 4131 etc
1094 4079 1176 4131 Oratio
1199 4095 1274 4144 super
1292 4079 1358 4130 Cali-

85 4179 136 4214 eern.
174 4165 241 4216 ileos
259 4172 344 4216 noster
361 4164 416 4216 lesu
434 4165 528 4216 Christe
546 4173 591 4218 etc.
610 4165 692 4216 Oratio
711 4179 785 4229 supra
803 4166 916 4216 cochlear
934 4165 1021 4218 crucis.
1037 4164 1102 4214 Deus
1120 4165 1185 4216 Deus
1203 4173 1293 4220 uester,
1315 4165 1357 4228 qui

85 4263 173 4300 ursum
192 4259 261 4300 tunm
281 4250 369 4300 isaiam
387 4249 531 4314 prophetant
549 4258 596 4300 etc.
632 4250 714 4302 Oratio
733 4265 807 4314 super
825 4251 972 4302 arcemrsire
989 4249 1082 4300 diacum
1101 4249 1225 4299 maiorem.
1255 4248 1357 4300 Ouruine

84 4331 141 4384 liene
160 4343 256 4394 noster,
276 4335 318 4398 qui
336 4334 415 4384 diristi
435 4334 509 4398 ldopsi
526 4349 595 4386 serto
613 4342 654 4384 tuo
673 4341 718 4384 etc
754 4334 836 4386 Oratio
854 4335 978 4386 illationis.
1014 4333 1116 4384 Oomine
1133 4333 1197 4384 lleus
1215 4341 1298 4384 noster
1315 4335 1356 4400 qai

84 4419 207 4486 sucepisti
225 4419 374 4470 sarsillcium
391 4418 450 4468 thet
469 4427 515 4470 etc.
550 4418 632 4470 Oratio
651 4417 747 4482 quaudo
766 4421 880 4470 miscetur
898 4434 960 4483 aqna
978 4430 1032 4468 cunr
1050 4419 1112 4468 tino.
1130 4417 1225 4468 Christe
1244 4419 1284 4482 qui
1302 4433 1357 4469 tere
1464 4408 1467 4424 ’

85 4518 106 4552 es
122 4505 188 4554 Oeos
212 4513 300 4554 noster
324 4511 371 4553 etc.
406 4502 493 4552 Postea
511 4511 605 4567 repetet
622 4518 696 4568 super
714 4503 818 4553 Calicem
837 4504 987 4553 orationem:
1013 4502 1114 4552 llomine
1132 4500 1196 4552 Oeae
1214 4510 1297 4553 ooetm
1316 4504 1356 4568 qui

84 4590 206 4654 suscepisti
226 4599 273 4640 etc.
293 4595 411 4652 utsupra
429 4589 453 4638 in
472 4589 596 4638 oderendo
615 4588 725 4638 lroetiam.
751 4587 864 4654 Sequitur
881 4586 1085 4652 llesponsorium:
1103 4587 1169 4636 Unus
1180 4586 1356 4639 Paterseuctus

85 4681 124 4722 ete.
158 4674 244 4726 Oratio
262 4673 396 4737 gratiarum
413 4674 529 4724 actionis:
554 4673 647 4725 Gratias
665 4687 763 4736 egemus
781 4672 929 4724 benelectori
948 4679 993 4722 etc.
1030 4670 1112 4722 Oratio
1131 4685 1175 4736 pro
1194 4671 1242 4722 illie
1260 4673 1301 4736 qui
1319 4679 1357 4722 al·
