3394 5308
966 447 1013 518 54

350 632 453 715 ὅπως
484 629 506 705 ὸ
538 625 807 730 φιλοικτίρμων
835 625 923 714 Θεὸς
947 625 1121 723 ὑποδείξῃ
1148 627 1275 711 αὐτοῖς
1299 625 1392 703 ὁδὸν
1415 627 1631 721 μετανοίας,

352 732 592 830 προςδέξηιαι
624 729 753 806 αὐτῶν
783 727 853 824 τὴν
888 728 1123 828 παλινῳδίαν
1153 729 1218 806 καί
1251 727 1322 825 τὴν
1353 725 1630 832 ἐξομολόγησιν,

350 835 415 910 καί
441 832 629 935 συντρίφῃ
654 831 722 907 τὸν
747 837 935 908 Σατανᾶν
958 831 1033 908 ὑπὸ
1058 832 1146 914 τοὺς
1169 827 1288 914 πόδας
1313 830 1442 906 αὐτῶν
1467 833 1509 907 ἐν
1523 829 1631 926 τάχει

351 955 585 1032 (Rom.16‚20),
609 932 674 1009 καὶ
698 930 932 1032 λυτρώσηται
953 932 1090 1018 αὐτοὺς
1112 930 1187 1008 ἀπὸ
1203 940 1269 1029 τῆς
1284 931 1443 1034 παγίδος
1457 939 1526 1008 τοῦ
1543 932 1631 1009 δια-

348 1035 468 1136 βόλου
501 1037 566 1112 καὶ
589 1044 655 1132 τῆς
678 1034 848 1134 ἐπηρείας
870 1044 950 1112 τῶν
975 1031 1183 1131 δαιμόνων,
1216 1031 1280 1108 καὶ
1304 1034 1464 1131 ἐξέληται
1490 1035 1631 1120 αὐτοὺς

314 1155 319 1162 “
350 1139 425 1214 ἀπὸ
451 1136 590 1222 παντὸς
615 1137 801 1232 ἀθεμίτου
827 1133 953 1240 λόγου,
978 1137 1044 1213 καὶ
1064 1132 1184 1232 πάσης
1201 1132 1342 1212 ἀτόπου
1359 1132 1538 1233 πράξεως,
1563 1139 1630 1212 καὶ

350 1247 515 1338 πονηρᾶς
538 1237 701 1324 ἐννοίας·
735 1235 956 1342 συγχωρήσῃ
983 1237 1025 1315 δι’
1051 1239 1179 1322 αὐτοῖς
1202 1233 1326 1314 πάντα
1351 1235 1399 1312 τά
1423 1235 1630 1337 παραπτώ-

349 1371 453 1440 ματα
478 1341 619 1431 αύτῶν,
644 1337 692 1415 τά
717 1370 757 1415 τε
781 1338 934 1416 ἑκούσια
957 1339 1022 1416 καί
1045 1339 1093 1414 τά
1116 1337 1287 1429 ἀκούσια,
1313 1339 1377 1414 καὶ
1393 1340 1564 1440 ἐξαλείψῃ
1582 1341 1628 1416 τὸ

350 1444 433 1520 κατ’
455 1444 584 1520 αὐτῶν
597 1439 852 1546 χειρόγραφον
868 1461 1043 1538 (Col.2‚13‚
1053 1463 1118 1538 14),
1143 1441 1207 1517 καὶ
1232 1437 1464 1543 ἐγγράψηται
1490 1442 1630 1526 αὐτοὺς

349 1548 392 1621 ἐν
424 1543 550 1644 βίβλῳ
583 1543 695 1642 ζωῆς·
729 1547 883 1644 καθαρῇ
918 1543 959 1621 δὲ
996 1544 1134 1628 αὐτούς
1165 1543 1241 1618 ἀπὸ
1265 1543 1404 1627 παντὸς
1428 1553 1628 1640 μολυσμοῦ

352 1646 490 1743 σαρκὸς
521 1645 585 1721 καὶ
616 1643 827 1742 πνεύματος
852 1665 961 1746 (σοις.
974 1669 1055 1744 m),
1087 1644 1150 1720 καί
1175 1641 1296 1744 ἑνώσῃ
1323 1644 1459 1729 αὐτοὺς
1484 1646 1629 1720 ἀποκα-

350 1745 537 1844 ταστήσας
569 1752 620 1832 ελς
644 1747 713 1846 τὴν
738 1747 853 1850 ἆγίαν
878 1749 997 1824 αὐτοῦ
1022 1745 1198 1845 ποίμνην,
1235 1745 1292 1822 ὅτι
1318 1746 1430 1831 αὐτὸς
1453 1743 1628 1850 γινώσκει

349 1848 395 1924 τὸ
412 1846 574 1947 πλάσμα
598 1849 719 1947 ἡμῶν.
734 1849 827 1927 ’Ὅτι
851 1849 909 1936 τίς
931 1846 1155 1946 καυχήσεται
1179 1846 1300 1951 άγνὴν
1325 1849 1421 1943 ἔχειν
1442 1848 1628 1948 καρδίαν,·

349 1949 374 2048 ἢ
399 1949 455 2035 τίς
480 1950 766 2049 παῤῥησιάσεται
790 1951 962 2053 καθαρὸς
985 1951 1081 2027 εἶναι
1106 1949 1181 2026 ἀπὸ
1200 1949 1385 2048 ἁμαρτίας
1401 1967 1627 2048 (Ριοτ.2ο,9);

350 2049 487 2137 πάντες
518 2050 592 2155 γάρ
627 2057 740 2152 ἐσμεν
771 2055 813 2130 ἐν
844 2051 1047 2150 ἐπιτιμίοις.
1074 2055 1127 2127 ἔτι
1151 2049 1244 2148 ὑπὲρ
1271 2051 1399 2128 αὐτῶν
1422 2053 1629 2128 ἐκτενέστε-

351 2182 421 2254 ρον
453 2153 666 2251 δοηθῶμεν,
698 2153 755 2230 ὅτι
783 2155 886 2254 χαρὰ
917 2154 1059 2256 γίνεται
1092 2157 1133 2230 ἐν
1159 2154 1309 2252 οὐρανῷ
1335 2153 1394 2228 ἐπὶ
1419 2153 1475 2230 ἑνὶ
1502 2153 1627 2254 ἀμοιρ-

349 2263 458 2353 τωλῷ
484 2263 741 2351 μετανοοῦντι.
755 2274 840 2352 (Luc.
856 2277 957 2353 15,7),
982 2255 1082 2340 ὅπως
1107 2255 1406 2354 ἀποστραφέντες
1421 2264 1499 2333 πᾶν
1515 2259 1628 2359 ἔργον

351 2356 549 2453 ἀθέμιτον,
574 2361 890 2455 προςοικειωθῶσι
913 2365 1014 2454 πάσῃ
1039 2355 1169 2456 πράξει
1193 2358 1337 2461 ἀγαθῇ,
1362 2359 1427 2433 ἵνα
1453 2355 1629 2457 ἀφιλάν-

350 2461 509 2556 θρωπος
528 2458 615 2544 Θεὸς
639 2455 663 2555 ᾖ
688 2457 802 2556 τάχος
825 2459 991 2556 εὐμενῶς
1015 2456 1306 2558 προςδεξάμενος
1331 2460 1460 2536 αὐτῶν
1483 2460 1552 2545 τὸς
1572 2469 1628 2536 λι-

350 2559 437 2650 τὸς,
477 2557 763 2658 ἀποκαταστήσῃ
799 2561 926 2649 αὐτοῖς
966 2561 1186 2664 ἀγαλλίασιν
1216 2569 1285 2636 τοῦ
1318 2559 1521 2659 σωτηρίου,
1562 2565 1628 2640 καὶ

350 2659 536 2758 πνεύματι
566 2662 776 2765 ἡγεμονικῷ
811 2663 960 2762 στηρίξῃ
993 2663 1130 2748 αὐτοὺς
1162 2682 1290 2758 (Ρε.51,
1305 2685 1368 2760 14),
1402 2665 1466 2737 ἵνα
1497 2665 1628 2760 μηκέτι

352 2766 585 2838 σαλευθῶσι·
618 2763 794 2841 κοινωνοὶ
816 2765 995 2869 γενέσθαι
1019 2773 1098 2840 τῶν
1122 2763 1243 2867 ἁγίων
1269 2765 1387 2841 αὐτοῦ
1410 2764 1536 2860 ἱερῶν,
1561 2767 1629 2842 καὶ

351 2863 501 2960 μέτοχοι
524 2873 603 2942 τῶν
628 2866 748 2942 θείων
771 2865 1007 2966 μυστηρίων·
1042 2868 1106 2941 ἵνα
1132 2868 1227 2952 ἀξιοι
1252 2867 1537 2965 ἀποφανθέντες
1562 2877 1629 2966 τῆς

352 2965 559 3056 υἱοθεσίας,
590 2965 730 3064 τύχωσι
761 2976 827 3065 τῆς
859 2969 1016 3044 αλωνίου
1050 2967 1156 3064 ζωῆς.
1199 2969 1277 3040 Ἔτι
1309 2971 1464 3052 ἐκτενῶς
1488 2966 1628 3056 πάντες

351 3065 446 3168 ὑπὲρ
479 3068 608 3146 αὐτῶν
632 3074 809 3166 εἴπωμεν·
842 3067 945 3167 κύριε
970 3070 1130 3165 ἐλέησον,
1163 3075 1289 3145 σῶσον
1314 3067 1495 3154 αῦτοὸςὸ
1525 3071 1628 3162 Θεὸς,

350 3168 416 3244 καὶ
448 3166 661 3268 ἀνάστησον
691 3179 746 3269 τῷ
779 3172 865 3246 ἐλέει
892 3195 972 3246 σου.
1008 3168 1253 3254 Ἀναστάντες
1276 3178 1331 3269 τῷ
1360 3175 1439 3270 Θεῷ
1465 3171 1530 3248 διὰ
1556 3183 1627 3250 τοῦ

350 3275 521 3369 Χριστοῦ
546 3274 677 3362 αὐτοῦ,
702 3270 850 3349 κλίνατε
874 3273 938 3349 καὶ
963 3273 1187 3375 εὐλογεῖσθε.
1209 3284 1424 3370 Ἐπςυχέσθω
1439 3279 1531 3357 οὖνὸ
1547 3287 1628 3358 ἐπὶ.

350 3409 479 3468 οκοπος
498 3385 626 3456 τοιάδε.
659 3371 931 3474 Παντοκράτορ
960 3373 1023 3450 Θεὸ
1049 3371 1188 3464 αῑώνιε,
1224 3372 1385 3449 δέσποτα
1409 3382 1488 3451 τῶν
1513 3375 1626 3466 ὅλων,

350 3471 483 3548 κτίστα
514 3473 579 3549 καί
611 3471 772 3570 πρύτανι
797 3483 877 3551 τῶν
902 3471 1072 3552 πάντων·
1108 3473 1128 3549 ὅ
1152 3475 1220 3552 τὸν
1245 3477 1455 3572 ἄνθρωπον
1479 3474 1627 3574 κόσμου

350 3569 495 3670 κόσμον
521 3574 717 3660 ἀναδείξας
742 3574 808 3651 διὰ
832 3581 1014 3672 Χριστοῦ,
1040 3575 1104 3651 καὶ
1128 3574 1248 3674 νόμον
1273 3576 1363 3662 δοὺς
1380 3578 1483 3676 αύτῷ
1502 3579 1626 3678 ἔμφυ-

349 3702 419 3750 τον
442 3674 506 3750 καὶ
529 3676 711 3778 γραπτὸν,
736 3675 828 3776 πρὸς
852 3677 897 3752 τὸ
922 3677 992 3774 ζῇν
1017 3678 1135 3754 αὐτὸν
1155 3679 1360 3776 ένθέσμως,
1387 3678 1438 3763 ῶς
1455 3679 1623 3782 λογικόν·

349 3775 415 3852 καὶ
446 3773 652 3876 ἁμαρτόντι
683 3775 883 3876 ἀποθήκην
914 3778 1005 3864 δούς
1036 3778 1128 3875 πρὸς
1158 3777 1362 3877 μετάνοιαν
1385 3780 1455 3878 τὴν
1480 3791 1625 3858 σαυτοῦ

351 3876 590 3982 ἀγαθότιῃτα·
618 3879 718 3955 ἔπιδε
744 3879 803 3954 ἐπὶ
828 3880 916 3965 τοὺς
939 3880 1149 3966 κεκλικότας
1173 3905 1231 3957 σοι
1258 3883 1397 3978 αὐχένα
1420 3891 1545 3982 ψυχῆς
1560 3885 1624 3960 καὶ

351 3977 540 4078 σώματος·
568 3979 624 4056 ὅτι
651 3982 696 4059 οὐ
720 3979 848 4082 βούλει
872 3981 941 4060 τὸν
965 3979 1139 4062 θάνατον
1164 3991 1232 4057 τοῦ
1259 3982 1498 4083 ἀμαρτωλοῦ,
1527 3985 1623 4060 ἀλλά

349 4081 420 4180 τήν
450 4079 655 4180 μετάνοιαν
680 4103 743 4183 (Ετ.
754 4104 880 4180 33,11),
914 4085 1003 4170 ώςτε
1035 4085 1267 4184 ἀποστρέψαι
1300 4085 1417 4161 αὐτὸν
1450 4085 1525 4161 ἀπὸ
1558 4096 1624 4184 τῆς

350 4182 443 4260 ὁδοῦ
470 4184 588 4261 αὐτοῦ
612 4193 676 4283 τῆς
701 4195 877 4285 πονηρᾶς,
903 4187 966 4262 καί
992 4186 1072 4284 ζῇν.
1118 4185 1162 4264 Ὁ
1187 4193 1396 4264 Νινευῖτῶν
1420 4185 1623 4288 προςδεξά-

348 4313 461 4382 μενος
485 4284 555 4382 τὴν
579 4285 799 4382 μετάνοιαν·
828 4287 848 4364 ὸ
873 4289 1000 4366 θέλων
1019 4285 1162 4373 πάντας
1182 4285 1412 4389 ἀνθρώπους
1433 4293 1622 4388 σωθῆναι,

349 4385 415 4462 καὶ
447 4391 497 4471 ελς
528 4387 730 4493 ἐπίγνωσιν
761 4389 940 4488 ἀληθείας
972 4393 1097 4467 ἐλθεῖν
1122 4409 1240 4484 (lTim.
1256 4415 1342 4490 2‚4)·
1384 4391 1404 4466 ὸ
1436 4390 1504 4467 τὸν
1534 4391 1624 4468 υἱὸν

351 4487 653 4588 προςδεξάμενος,
684 4491 754 4569 τὸν
784 4489 1054 4595 καταφαγόντα
1084 4491 1153 4569 τὸν
1182 4491 1271 4590 βίον
1303 4491 1421 4568 αὐτοῦ
1453 4490 1622 4583 ἀσώτως,

350 4597 540 4689 πατρικοῖς
573 4590 808 4698 σπλάγχνοις,
843 4593 907 4670 διὸ
940 4593 1009 4691 τὴν
1040 4591 1260 4692 μετάνοιαν·
1303 4594 1416 4680 αὐτὸς
1448 4595 1512 4670 καὶ
1547 4603 1622 4672 νῦν

349 4689 544 4791 πρόςδεξαι
576 4705 655 4774 τῶν
687 4697 820 4774 ἱκετῶν
852 4721 920 4772 σου
953 4695 1022 4794 τὴν
1052 4693 1305 4798 μετάγνωσιν·
1341 4695 1398 4772 ότι
1423 4695 1493 4774 οὐκ
1518 4697 1621 4774 ἔστιν
