3394 5308
932 363 980 438 56

390 546 497 676 Ὑπὲρ
528 553 593 642 τῆς
627 543 771 645 εῑρήνης
802 544 867 620 καὶ
900 554 965 644 τῆς
997 544 1219 630 εὐσταθείας
1250 554 1318 622 τοῦ
1351 542 1496 642 κόσμου
1528 545 1595 622 καὶ

317 659 396 726 τῶν
432 647 577 778 ἁγίων
587 651 789 745 ἐκκλησιῶν
824 646 1079 776 δεηθῶμεν”
1058 677 1157 732 οπως
1191 647 1212 723 ὁ
1253 655 1332 724 τῶν
1371 647 1469 724 ὅλων
1499 647 1596 734 θεὸς

318 751 445 828 ἀίδιον
468 749 533 826 καὶ
557 748 811 878 ἀναφαίρετον
836 749 905 846 τήν
922 751 1058 826 ἑαυτου
1040 747 1262 880 εέρήνην
1241 756 1333 875 ημῖν
1349 746 1593 848 παράσχοιτο,

317 856 381 930 ἵνα
414 855 456 931 ἐν
491 850 724 980 πληρρφορίᾳ
756 859 820 948 τῆς
844 852 926 926 κατ’
958 851 1196 950 εὐσεβειαν’
1176 881 1307 949 αρετης
1331 850 1597 936 διατελοῦντας

317 955 416 1052 ἡμᾶς
441 951 663 1052 συνῑλλθήσλλ·

391 1054 496 1186 ’Υπερ
521 1064 586 1152 τῆς
604 1053 747 1184 ἁγίας
744 1053 807 1128 καὶ
830 1058 1034 1152 καθολικής
1054 1055 1118 1130 καὶ
1140 1055 1383 1151 ἀποστολικῆς
1403 1052 1597 1184 ἐκκλησίας

318 1165 383 1255 τῆς
416 1158 490 1234 ἀπὸ
521 1153 692 1284 περάτων
724 1155 791 1239 ἕως
824 1153 995 1252 περάτων
1027 1155 1292 1284 δεηθῶμεν·’
1280 1155 1379 1240 όπως
1410 1155 1430 1229 ὁ
1463 1151 1597 1255 κόριος

319 1261 491 1337 ἄσειστον
523 1258 642 1354 αὐτὴν
667 1287 730 1332 και
718 1254 1037 1334 ἆιιλυδοίνιστον
1062 1254 1280 1356 διαφυλάξη
1298 1287 1362 1332 κατ
1349 1255 1595 1385 διατηρήσῃ

318 1361 425 1460 μέχρι
457 1369 522 1458 τῆς
554 1357 763 1442 συντελείας
795 1367 862 1434 τοῦ
899 1365 1046 1449 αἰῶνος,
1077 1359 1447 1458 τεθεμελιωμενην
1431 1359 1490 1433 επὶ
1522 1358 1597 1456 τήν

318 1463 468 1562 πέτραν.
477 1465 500 1560 ¹)

395 1562 524 1638 Kat‘
503 1561 594 1662 υπὲρ
626 1571 691 1659 τῆς
723 1557 914 1637 ἐνθάδε*
892 1558 1001 1690 αγίας
1025 1554 1218 1662 παροικίας
1243 1559 1515 1737 δεηθωμεν·
1495 1589 1599 1646 οπως

319 1661 575 1762 καταξιώση
554 1672 654 1762 ημᾶς
680 1663 699 1738 ὁ
726 1671 805 1739 τῶν
831 1662 929 1737 ὅλων
953 1659 1080 1762 κόριος
1106 1659 1379 1747 ἀνενδότως
1340 1692 1409 1760 την
1434 1662 1600 1762 ἐπουρά-

319 1795 404 1844 νιον
436 1767 602 1841 αὐτοῦέ
587 1763 717 1840 ἐλπίδα
747 1760 992 1861 μεταδιώκειν
1023 1764 1087 1840 καὶ
1120 1762 1356 1840 ἀδιάλειπτον
1389 1765 1493 1864 αὐτῷ
1520 1774 1600 1862 τῆς

320 1867 478 1966 δεήσεως
504 1865 790 1944 ἀποδιδόναι
751 1894 820 1963 την
846 1863 1007 1967 όφειλήν.

391 1968 495 2100 Ὑπερ
529 1967 648 2066 πάσης
680 1973 876 2064 ἐπισκοπῆς
899 1975 964 2064 τῆς
988 1965 1125 2042 ὑπὸ
1089 1994 1155 2041 τον
1181 1967 1345 2066 οὔρανον
1369 1973 1448 2043 τῶν
1473 1967 1599 2096 όρθρε

319 2069 540 2200 τομούντων
564 2071 632 2147 τὸν
647 2067 776 2198 loyor
794 2077 859 2164 τῆς
884 2077 950 2164 σῆς
967 2067 1145 2196 ἀληθείας
1163 2067 1377 2166 δεηθῶπεν·
1407 2067 1523 2166 [καὶ
1501 2099 1599 2170 οπερ

319 2181 388 2249 τοῦ
414 2169 659 2247 ἐπισκόπου
638 2179 748 2268 ημῶν
764 2165 947 2299 Ἰακώβου
973 2169 1139 2246 καὶτῶν
1154 2178 1359 2269 παροικιῶν
1376 2169 1495 2245 αὐτου
1475 2170 1602 2267 δεη-

319 2279 470 2371 θῶμεν
504 2273 597 2368 ὑπερ
630 2281 699 2347 τοῦ
732 2268 931 2346 ἐπισκόπου
959 2268 1171 2368 Κλήμεντος
1195 2271 1259 2346 καὶ
1283 2279 1363 2347 τῶν
1388 2281 1600 2367 παροικιῶν

239 2374 242 2380 ’
320 2376 440 2452 αὐτοῦ
473 2374 683 2500 δεηθῶμεν.
734 2371 827 2472 ὑπὲρ
861 2381 929 2448 τοῦ
962 2369 1216 2448 ἐπισκόπου
1196 2381 1306 2470 ημῶν
1332 2372 1497 2448 Εὐοδίου
1532 2375 1600 2450 καὶ

320 2485 398 2553 τῶν
431 2485 636 2607 παροικιῶν
669 2474 869 2572 δεηθῶμεν
879 2473 995 2573 ·]²)'
975 2503 1074 2559 οπως
1100 2474 1119 2550 ὃ
1147 2473 1349 2603 ολκτίρμων
1374 2473 1464 2560 θεὸς
1479 2474 1601 2603 χαρί-

320 2605 429 2675 σηται
455 2577 593 2662 αυτοδς
616 2583 698 2662 ταῖς
723 2575 846 2679 ἁγίαις
872 2577 989 2652 αὐτοῦ
1015 2575 1219 2674 ἐκκλησίαις
1245 2573 1378 2666 σώους,
1410 2576 1600 2674 ἐντίμους,

320 2853 365 2902 der
383 2851 486 2915 heiligen
503 2851 628 2902 Eueleaieo
652 2857 739 2914 mosen
756 2851 799 2900 wir
816 2851 897 2911 beten,
914 2850 990 2900 damit
1007 2849 1050 2900 der
1068 2851 1124 2902 Gott
1141 2849 1185 2900 des
1203 2851 1253 2901 Aila
1271 2851 1355 2900 seineo
1373 2851 1463 2913 anison
1482 2852 1530 2902 unul
1550 2867 1601 2904 nn·
1659 2871 1661 2876 ’

321 2936 501 2986 entreissbareo
519 2936 620 2986 Frieden
639 2951 684 2986 uns
702 2935 836 2996 larmirus,
854 2935 904 2986 und
921 2935 957 2985 ala
975 2935 1068 2995 solone,
1093 2935 1131 3007 ulie
1148 2936 1173 2984 iu
1191 2935 1234 2986 tier
1252 2936 1320 2986 Futile
1338 2935 1381 2986 der
1399 2937 1442 2985 mit
1459 2935 1601 3000 l’rommig-

321 3017 370 3071 lteit
387 3028 516 3084 ςερεετῑεο
534 3021 633 3082 'lugenti
651 3021 789 3080 uerlrarrem
813 3019 923 3069 erlrnlte“
941 3027 987 3070 eto.
1023 3018 1106 3069 Felrlte
1125 3019 1170 3070 den
1189 3020 1337 3071 Gemeindeu
1356 3019 1400 3070 der
1416 3019 1511 3081 uetere,
1537 3022 1601 3074 oder

322 3119 371 3154 war
398 3105 436 3154 ihr
453 3105 539 3155 Frieda
565 3105 605 3155 ein
630 3103 862 3167 rorubergelrenden
890 3104 951 3154 oder
972 3103 1061 3152 liesaeu
1086 3102 1125 3152 die
1143 3103 1289 3154 Gemeinden
1308 3105 1346 3154 die
1364 3102 1477 3166 religiose
1496 3105 1602 3168 ‘lugenti

321 3189 422 3240 iahren:
441 3202 469 3239 so
488 3189 577 3240 lrounte
595 3188 633 3238 die
652 3190 725 3240 missa
743 3189 850 3239 tidelinm
868 3203 913 3238 roo
932 3188 1005 3238 ilrnen
1023 3187 1144 3238 entweder
1161 3202 1204 3250 gar
1221 3189 1294 3248 nieht,
1313 3188 1372 3240 oder
1390 3189 1454 3238 doelr
1471 3189 1539 3240 nicht
1557 3193 1604 3242 aut

321 3273 361 3324 ulie
383 3274 464 3324 reohte
482 3273 562 3324 Weiae
586 3274 687 3337 geleiert
710 3273 832 3325 werdeo.“
866 3273 914 3324 Sed
933 3280 1050 3324 testantur
1068 3287 1153 3322 omnes
1172 3272 1268 3323 codices
1285 3267 1463 3338 ἀναφορικολ,
1487 3273 1529 3338 qui
1553 3289 1601 3325 εο-

319 3357 444 3408 lummodo
455 3357 551 3408 Missam
562 3358 679 3408 Fidelinrn
698 3357 883 3424 amplectuntur,
902 3373 955 3408 enm
973 3356 1047 3409 ordiri
1065 3356 1095 3405 ab
1114 3357 1198 3408 osculo
1216 3357 1292 3420 paris,
1311 3357 1366 3407 dato
1384 3366 1440 3420 post
1453 3371 1539 3423 praees
1551 3373 1601 3422 pro

320 3441 432 3490 fidelibus
459 3443 555 3492 effusas.
589 3443 692 3492 Accedat
719 3441 783 3506 qunti
808 3443 929 3506 posterior
953 3441 1024 3491 llissa
1049 3443 1162 3504 proprias
1188 3441 1260 3492 lrnbet
1277 3456 1372 3506 preces,
1399 3443 1459 3492 setis
1476 3442 1600 3509 prolixas,

321 3525 443 3588 prioribus
461 3525 525 3575 haud
543 3524 676 3575 absimiles.
694 3526 753 3590 Apte
770 3526 842 3587 igitur·
859 3525 1029 3575 ouilisllissae
1047 3539 1095 3574 ooo
1113 3527 1261 3589 adsignetur,
1280 3527 1346 3576 utita
1358 3525 1475 3588 dieamus,
1493 3528 1600 3580 litania.

407 3607 430 3668 lt
453 3609 507 3658 Non
521 3608 628 3672 respicit,
653 3609 717 3672 quod
736 3617 818 3659 notatu
836 3609 934 3671 dignum
954 3616 998 3671 est,
1022 3608 1052 3659 ad
1070 3610 1151 3660 llatth.
1171 3610 1211 3672 16,
1225 3609 1264 3671 18,
1281 3595 1327 3660 ‘sed
1345 3611 1375 3662 ad
1394 3611 1498 3662 eundum
1516 3611 1601 3673 Euan,-

320 3691 400 3756 gelist.
419 3707 439 3742 τ.
450 3692 531 3752 mir:
549 3689 729 3760 τεθεμελίωτο
746 3684 800 3758 γὰρ
818 3687 865 3741 inl
882 3686 931 3752 τὴν
948 3691 1060 3759 πέτραν.

404 3775 431 3837 2)
454 3777 544 3826 lterum
568 3776 729 3840 deprehendis
752 3777 933 3841 interpolatoris
951 3775 1101 3828 industriam.
1137 3781 1219 3830 Aliena
1237 3787 1294 3829 suut
1311 3779 1341 3830 ab
1360 3781 1534 3845 antiquissimis
1554 3783 1600 3834 Li-

320 3861 452 3923 turgiarum
470 3861 558 3911 chartis
577 3861 673 3910 uomina
692 3861 869 3926 Episcoporum
887 3869 911 3910 et
933 3860 1045 3924 aliorum,
1070 3863 1116 3914 sed
1139 3863 1302 3914 recitabantur
1319 3879 1347 3914 ea
1365 3864 1503 3930 Diptychia:
1531 3866 1600 3918 libro

320 3944 414 3996 missali
432 3945 559 3996 interserta
582 3952 634 3996 eret
657 3952 747 3996 tantum
766 3946 872 3996 omnium
892 3945 1081 3996 orthodoxorum
1099 3948 1231 3998 antistitum
1250 3951 1457 4002 commemoratio.
1492 3951 1521 4001 lt
1539 3967 1600 4004 uero

320 4031 361 4095 qui
379 4023 516 4086 διατάξεις
532 4029 595 4091 illas,
614 4043 708 4080 summa
727 4030 866 4094 antiquitate
884 4029 999 4092 insignes,
1018 4031 1047 4080 ab
1066 4031 1127 4096 ipsis
1143 4033 1265 4096 apostolis
1283 4033 1350 4084 linuit
1367 4036 1527 4100 conscriptas,
1547 4052 1600 4088 non

320 4124 416 4178 poterat
433 4116 490 4180 quin
508 4114 546 4166 his
563 4114 682 4177 liturgiae
700 4115 836 4179 precibus'
831 4115 977 4167 rmmisceret
994 4115 1164 4180 episcoporum
1182 4118 1289 4179 nomine
1307 4133 1368 4183 quos
1386 4135 1460 4184 supro
1479 4119 1521 4170 lib
1530 4121 1556 4182 λ,
1565 4121 1601 4174 46

321 4199 487 4264 apostolorum
506 4205 583 4252 netate
602 4199 832 4264 Hierosolymorum,
855 4199 945 4249 Romae
963 4207 987 4250 et
1002 4199 1141 4276 Antiochiae
1159 4201 1276 4252 eeclesiae
1294 4204 1430 4268 praefuisse
1448 4215 1599 4285 narraverat.

320 4281 468 4334 Desideravit
484 4278 545 4333 elius
555 4282 738 4334 llerandrioaut
756 4283 893 4346 eeclesiam,
911 4285 975 4349 qood
990 4283 1129 4346 intelligitur
1139 4301 1167 4336 ex
1177 4288 1289 4338 uarietate
1300 4287 1381 4340 Coelio.
1399 4289 1598 4350 vindobonensis

321 4380 366 4431 pro
389 4359 509 4414 Εὐοδίου
532 4367 625 4430 legetur
646 4360 801 4418 ’Λννιανοῦ
834 4370 1017 4432 ingenit,
1021 4369 1056 4430 ‚lu
1083 4369 1164 4420 dieser
1189 4370 1344 4435 liturgis'chen
1371 4372 1525 4437 Verbindung
1552 4376 1599 4426 der

319 4449 432 4500 Biselole
450 4464 494 4499 uon
512 4451 655 4514 ierusalem,
674 4452 733 4502 llom
751 4454 800 4504 und
817 4454 956 4504 Antiochien
976 4453 1033 4516 liegt
1049 4453 1180 4518 allerdings
1197 4457 1251 4508 eine
1269 4457 1530 4522 lucullei-polituris
1547 4459 1599 4510 lle·

319 4533 422 4667 melianus
445 4534 493 4586 ond
517 4535 555 4586 ein
579 4537 700 4601 wiehtiger
717 4537 799 4590 Gruud
822 4553 851 4590 zu
870 4537 924 4589 dem
943 4539 1073 4590 ilerdaehto
1090 4541 1157 4592 einer
1173 4547 1281 4608 spttoru,
1307 4542 1494 4594 ebrichtatollen
1514 4543 1598 4596 lotor·

320 4627 352 4683 po
364 4617 455 4670 ation.“
