3314 5304
888 445 962 518 3¹10

295 633 505 714 subiungimus
533 631 624 695 haec:
651 622 804 714 Ἐλέησον
830 621 920 716 ἡμᾶς
939 619 1056 713 Κύριε,
1079 619 1215 710 ἐλέησον
1242 617 1346 711 ἡμᾶς·
1375 617 1487 710 πάσης
1506 617 1561 708 γὰρ

295 726 483 818 ἀπολογίας
504 723 719 819 ἀποροῦντες,
740 722 863 817 ταύτην
877 749 934 795 σοι
947 723 1007 815 τὴν
1021 719 1147 793 ὸκεσίαν
1161 718 1207 803 ὥς
1220 719 1391 814 Δεσπότη,
1415 718 1449 790 οὸ
1463 719 1562 809 ἆμαρ
1637 739 1638 748 ’

294 831 398 900 τωλοὸ
419 828 663 921 προςφέρομεν,
686 824 822 918 ἐλέησον
842 823 940 917 ἡμᾶς.

380 929 486 1023 Κύριε
508 927 645 1020 ἐλέησον
657 925 760 1020 ἡμᾶς·
783 927 843 998 ἐπὶ
857 927 913 998 σοί
925 926 988 1017 γὰρ
1004 921 1233 1011 πεποίθαμεν,
1254 923 1300 1014 μὴ
1317 919 1480 1013 ὀργισθῇς
1492 919 1564 1012 ἡμῖν

295 1029 440 1124 σφόδρα,
461 1031 547 1123 μηδὲ
566 1035 719 1122 μνησθῇς
740 1035 807 1098 τῶν
827 1025 973 1117 ἀνομιῶν
993 1022 1101 1117 ἡμῶν·
1130 1021 1201 1093 ἀλλ’
1224 1020 1418 1115 ἔπίβληψον
1440 1023 1495 1092 καὶ
1514 1029 1564 1092 νύν

296 1130 343 1216 ιὸς
364 1127 598 1220 εύσπλαγχνος,
618 1129 675 1200 καί
696 1127 864 1221 λύτρωσαι
889 1127 979 1221 ἡμᾶς
999 1127 1036 1197 ex
1055 1123 1275 1214 τῶνάχθρῶν
1295 1122 1401 1215 ἡμῶν.
1443 1121 1489 1192 Σύ
1509 1125 1565 1214 γὰρ

296 1229 329 1304 εί
352 1234 438 1316 Θεὸς
457 1231 561 1322 ἡμῶν,
582 1232 640 1300 καὶ
660 1227 757 1322 ἡμεῖς
777 1228 859 1312 λαός
880 1251 956 1299 σου·
990 1225 1115 1310 πάντες
1135 1225 1215 1318 ἔργα
1234 1233 1354 1318 χειρῶν
1376 1249 1437 1296 σου
1458 1225 1564 1295 καὶτὸ

297 1328 404 1422 δ’νομά
425 1359 485 1403 σου
507 1330 770 1424 έπικεκλήμεθα.
859 1361 861 1366 ·

379 1432 418 1503 ‘0
441 1434 694 1518 ἐξαποστέλλειν
712 1433 753 1502 τὸ
775 1437 859 1525 φῶς,
880 1430 938 1502 καὶ
958 1427 1149 1520 πορεύεται,
1171 1424 1397 1499 δάνατέλλοιν
1409 1427 1468 1498 τὸν
1479 1423 1567 1518 ἥλιον

297 1535 359 1606 ἀπὸ
380 1533 531 1616 δικαίους
550 1535 608 1603 καὶ
621 1531 766 1618 ἀδίκους,
787 1529 956 1624 πονηρούς
966 1559 1005 1602 τε
1018 1531 1076 1602 καὶ
1090 1525 1258 1621 ἀγαθούς·
1282 1525 1300 1599 6
1314 1535 1427 1598 ποιῶν
1441 1523 1567 1617 δ’ρθρον,

298 1637 356 1706 καὶ
378 1633 532 1724 φωτίζων
552 1641 668 1705 πᾶσαν
687 1636 747 1725 τὴν
762 1632 974 1725 Οὸιουμένην,
996 1631 1145 1724 φοίτεσον
1165 1631 1223 1700 καί
1242 1627 1337 1720 ἡμῶν
1357 1631 1419 1712 τὰς
1440 1628 1568 1720 καρδίας

298 1741 463 1808 Δέσποτα
483 1743 549 1805 τῶν
571 1733 739 1806 ἀπάντων.
766 1733 920 1826 Χάριοαι
940 1733 1020 1824 ἡμῖν
1041 1734 1077 1804 ίν
1096 1740 1138 1825 τῇ
1158 1730 1311 1824 παρούσῃ
1333 1729 1444 1825 ἡμέρᾳ
1464 1727 1568 1820 εύαρε-

300 1843 390 1906 οτεῖν
412 1861 477 1919 σοι,
500 1835 736 1930 διαφυλάττειν
756 1834 846 1927 ἡμᾶς
866 1833 937 1908 ἀπὸ
951 1833 1064 1928 πάσης
1078 1831 1254 1924 ἁμαρτίας,
1274 1833 1334 1902 καὶ
1346 1830 1461 1923 ταύτης
1472 1857 1567 1921 πονη-
1637 1863 1638 1868 “

251 1939 256 1971 ’
301 1945 364 2029 ρᾶς
385 1936 548 2028 πράξεως,
570 1937 729 2030 ῥυόμενος
749 1937 838 2030 ἡμᾶς
859 1935 929 2008 ἀπὸ
951 1937 1079 2018 παντὸς
1099 1936 1220 2024 βέλους
1240 1935 1428 2021 πετομένου
1442 1932 1568 2024 ἡμέρας,

299 2039 358 2110 καί
378 2037 490 2132 πάσης
511 2036 736 2130 ἀντικειμένης
756 2038 939 2126 δυνάμεως.
965 2035 1170 2128 Πρεσβείαις
1189 2043 1250 2127 τῆς
1269 2034 1568 2126 παναγράντσοΔε-

301 2138 443 2231 οποίνης
462 2138 555 2231 ἡμῶν
572 2139 751 2224 Θεοτδκου,
772 2147 837 2213 τῶν
859 2137 968 2211 ἀύλων
989 2164 1050 2208 σου
1064 2144 1281 2228 Λειτουργῶν
1300 2139 1359 2208 καὶ
1373 2133 1569 2226 δπονρανίαν

302 2239 496 2328 Δυνάμειον,
523 2242 580 2312 καὶ
607 2241 743 2312 πάντων
771 2249 838 2312 τῶν
855 2239 986 2331 Ἁγίων,
1011 2248 1079 2327 τῶν
1101 2236 1159 2313 ἀπ’
1183 2237 1305 2321 αἰῶνός
1325 2264 1384 2310 σοι
1404 2236 1570 2328 εύορεστη-

303 2339 443 2414 σάντων.
485 2343 551 2412 Σὸν
578 2341 640 2434 γάρ
669 2343 742 2415 έστι
771 2343 810 2414 τὸ
838 2344 942 2416 έλεεῖν
969 2343 1027 2414 καὶ
1054 2341 1171 2426 σώζειν
1197 2339 1296 2431 ἡμᾶς,
1324 2338 1344 2410 6
1369 2341 1455 2421 Θεὸς
1474 2336 1566 2429 ἡμῶν,

301 2441 359 2512 καὶ
386 2443 444 2515 σοὶ
469 2445 529 2536 τὴν
558 2444 659 2530 δόξαν
687 2442 942 2535 ἀναπέμπομεν,
968 2450 1017 2534 τῷ
1035 2445 1159 2532 Πατρὶ,
1186 2443 1316 2533 καὶτῷ
1342 2441 1424 2532 Υὸῷ,
1450 2441 1571 2526 καὶτῷ

301 2539 402 2635 Ἅγίῳ
423 2543 608 2634 Πνεύματι,
630 2552 686 2616 νῦν
706 2547 765 2616 καὶ
785 2543 840 2618 ἀεὶ
859 2547 917 2617 καί
938 2543 988 2630 εἷς
1007 2547 1086 2627 τούς
1108 2543 1231 2626 αἰῶνας
1250 2552 1317 2614 τῶν
1338 2543 1480 2614 αἰώνιον.

391 2654 422 2716 2.
443 2652 543 2716 Hora
564 2653 697 2716 Tertia
718 2653 774 2716 hos
796 2654 931 2736 psalmos
954 2652 1014 2716 sihi
1034 2651 1204 2735 peculiares
1226 2651 1332 2714 habet:
1360 2651 1415 2714 Ps.
1432 2645 1489 2716 175
1513 2638 1571 2721 εἰς·

306 2741 450 2818 ἀκουσον
474 2745 581 2840 Κύριε
609 2747 820 2840 δικαιοσύνης
844 2775 921 2837 μον.
964 2754 1015 2818 Ρε.
1031 2756 1089 2820 25:
1121 2748 1209 2839 πρὸς
1234 2747 1273 2816 σέ
1299 2744 1409 2836 Κύριε
1433 2739 1495 2838 ᾔρει
1518 2742 1571 2832 τήν

305 2844 417 2940 ψυχήν
435 2874 513 2935 μου.
541 2855 592 2919 Ρε.
607 2859 664 2920 51:
687 2850 824 2942 ἐλέησόν
843 2876 887 2939 με
907 2847 927 2919 6
951 2847 1047 2931 Θεὸς.
1089 2855 1128 2918 Et
1149 2854 1291 2936 quoniam
1312 2855 1403 2918 tertia
1424 2853 1496 2916 hora
1509 2849 1571 2930 Spi-

306 2953 385 3018 ritus
407 2955 535 3020 Sanctus
557 2957 590 3023 iu
611 2958 767 3038 apostolos
789 2957 955 3032 descendit,
983 2957 1101 3020 cantica
1123 2964 1154 3019 et
1174 2955 1360 3038 antiphonae
1381 2954 1469 3020 huius
1489 2949 1570 3033 spiri·

307 3055 378 3118 talis
400 3056 552 3120 unctionis
573 3058 759 3148 mentionem
774 3059 915 3123 iniiciunt
927 3059 974 3122 vel
990 3058 1116 3138 gratiam
1131 3057 1235 3122 Sancti
1250 3056 1386 3138 Spiritus
1400 3059 1571 3138 ειροισαοει

309 3148 424 3243 Κύριε,
447 3150 466 3222 6
485 3154 527 3224 τὸ
548 3152 712 3242 πανάγιύν
733 3179 794 3228 σου
808 3162 948 3242 Πνεῦμα
970 3155 1005 3224 ὸν
1025 3160 1067 3246 τῇ
1086 3151 1179 3246 τρίτη
1194 3152 1266 3245 ω”ρᾳ
1279 3147 1572 3235 τοῖςἈποστδλοις

309 3277 371 3322 σου
392 3253 630 3346 καταπέμψας,
653 3262 752 3326 τοῦτο
774 3253 885 3346 ἀγαθέ
905 3257 950 3347 με)
975 3253 1154 3347 ἀντανέλης
1173 3252 1232 3346 ἀφ’
1255 3251 1359 3343 ἡμῶν,
1382 3251 1452 3323 ἀλλ’
1475 3243 1573 3340 ίγνσί·

310 3377 403 3425 νισον
422 3353 502 3446 ἡμῖν
523 3363 596 3439 τοῖς
616 3357 789 3445 δεομένοις
809 3381 884 3428 σου.

396 3455 584 3550 Εὐλογητὸς
613 3453 644 3528 εἶ
664 3458 792 3549 Χριστὸ
819 3455 839 3527 6
864 3458 950 3539 Θεὸς
975 3455 1079 3548 ἡμῶν,
1107 3453 1127 3525 6
1149 3453 1347 3548 πανσόφους
1366 3457 1446 3537 τούς
1462 3451 1575 3530 Ἁλιεῖς

312 3552 498 3642 ἀναδείξας,
525 3558 754 3652 καταπέμψας
776 3555 891 3641 αύτοῖς
910 3560 950 3628 τὸ
970 3563 1112 3646 Πνεῦμα
1132 3558 1171 3628 τὸ
1184 3557 1313 3647 Ἅγιοι,
1332 3558 1391 3628 καί
1413 3553 1455 3628 δι’
1477 3551 1573 3626 αὐτῶν

312 3657 374 3746 τὴν
397 3653 600 3752 Οἰκουμένην
619 3658 832 3752 σαγηνεύσας,
854 3657 1082 3754 φιλάνθρωπα
1102 3659 1186 3743 δόξα
1207 3684 1274 3730 σοι.

401 3764 555 3844 Ταχεῖαν,
568 3761 626 3832 καὶ
639 3763 812 3854 σταθηρδν
827 3761 922 3834 δίδου
936 3759 1160 3854 παραμυθίαν
1173 3765 1245 3842 τοῖς
1258 3759 1393 3842 δούλοις
1402 3783 1463 3833 σου
1470 3755 1576 3848 Ἰησού,

314 3845 351 3944 έν
377 3866 426 3952 τῷ
453 3857 634 3954 ἀκηδιάσαι
660 3864 704 3934 τὸ
724 3860 899 3952 πνεύματα
919 3861 1022 3954 ἡμῶν,
1043 3865 1089 3954 μὴ
1111 3862 1251 3954 χαρίζου
1272 3869 1338 3932 τῶν
1358 3867 1474 3955 ψυχῶν
1491 3855 1576 3948 ἡμῶν

315 3961 351 4046 ἐν
371 3960 527 4056 θλίψεσι,
548 3966 593 4056 μὴ
615 3963 782 4056 μακρύνου
803 3972 869 4035 τῶν
883 3973 1011 4056 φρενῶν
1024 3963 1118 4055 ἡμῶν
1132 3965 1168 4036 έν
1181 3961 1428 4055 περισπάσασα,
1449 3957 1515 4030 ἀλλ’
1529 3953 1579 4024 ἀεὶ

315 4061 405 4154 ἡμᾶς
430 4063 649 4156 πρύφθασον.
681 4061 837 4156 ’Ἑγγισον
862 4064 951 4158 ἡμῖν,
980 4066 1111 4157 ἀγγιοον
1139 4064 1158 4136 6
1186 4071 1374 4151 πανταχοῦ·
1403 4063 1507 4150 ὥςπερ
1525 4053 1578 4125 καὶ

315 4171 390 4250 τοῖς
412 4163 635 4250 Ἀποστύλοις
661 4191 722 4238 σου
749 4167 894 4239 πάντοτε
921 4175 1030 4260 συνῆς,
1060 4165 1154 4240 ούτωΔ
1173 4169 1232 4240 καί
1257 4172 1329 4249 τοῖς
1356 4167 1395 4239 σέ
1420 4165 1579 4234 ποθοῦσιν

317 4265 442 4338 ένοισον
463 4267 584 4358 σαυτὸν
603 4266 803 4362 Οίκτίρμοιν·
825 4271 881 4340 ἵνα
901 4271 1103 4361 συνημμέναι
1124 4293 1180 4340 σοι
1201 4267 1362 4358 ύμνιύμεν,
1383 4267 1440 4339 κσὸ
1453 4261 1578 4346 δοξολο-

317 4377 426 4458 γῶμεν
447 4369 486 4439 τὸ
507 4368 673 4460 πανάγιόν
694 4395 755 4440 σου
775 4377 927 4459 Πνεῦμα,

405 4470 626 4560 Μεσοίριον
647 4480 718 4564 τῆς
737 4469 877 4564 τρίτης
897 4471 1006 4562 δρας
1033 4479 1086 4546 Ρε.
1102 4483 1162 4546 30:
1183 4471 1313 4566 ύψοίσω
1333 4496 1374 4542 σε
1393 4467 1505 4558 Κύριε.
1532 4465 1578 4528 PS-

320 4579 378 4644 32:
399 4569 562 4664 μακάριοι
582 4566 628 4643 ὧν
650 4571 828 4666 ἀφέθησαν
851 4572 888 4646 αἶ
909 4572 1058 4663 ἀνομίαι.
1100 4581 1151 4645 Ρε.
1167 4584 1224 4648 61:
1254 4571 1443 4656 εἰςύκουοον
1462 4565 1480 4638 6
1502 4560 1579 4637 Θεὸς

318 4680 380 4764 τῆς
408 4672 551 4765 δεήσεως
575 4700 654 4764 μου.
696 4681 843 4764 Tropaia
870 4683 908 4745 de
930 4682 989 4760 die,
1018 4679 1057 4748 δε
1077 4683 1270 4766 martyribus,
1290 4681 1329 4748 δε
1348 4681 1438 4746 Beata
1458 4667 1579 4752 virgim-
