3394 5308
958 405 1003 478 14

341 591 528 680 ἐπευφημεῖ
556 591 659 675 λέγων
685 587 724 654 τὸ
753 583 852 674 ἄμην·
913 592 941 656 8.
970 584 1040 653 Καὶ
1066 583 1086 674 ἦ
1114 583 1264 666 διάδοσις
1291 585 1346 655 καὶ
1376 583 1397 675 ἦ
1428 586 1623 676 μετάληψις

341 689 412 760 ἀπὸ
433 695 499 759 τῶν
522 685 823 778 εόχαριστηδέντων
846 687 971 776 ἑκάστῳ
992 695 1119 774 γίνεται
1144 687 1200 756 καὶ
1230 699 1302 768 τοῖς
1329 683 1367 756 οό
1389 693 1537 776 παροῦσι
1560 690 1623 758 διδι

340 799 407 862 τῶν
438 793 599 862 διακόνιον
627 798 806 877 πέμπεται.
861 791 903 858 Οἱ
923 785 1201 878 εόποροῦντεςδὲ
1228 816 1284 857 και
1274 789 1509 877 βουλόμενοι,
1532 792 1624 859 κατὰ

340 895 571 1001 orpooipeotr‘
560 896 695 974 ἕκαστος
717 893 776 980 τὴν
798 893 916 962 ἑαυτοῦ
940 891 958 958 6
979 893 1136 980 βούλεται
1157 893 1290 970 δίδωσι,
1324 918 1380 960 και
1371 890 1440 960 τδ
1463 893 1624 1000 συλλεγό-

340 1006 440 1068 μενον
461 980 555 1069 παρὰ
576 982 623 1067 τῷ
645 981 835 1066 προεστῶτι
863 973 1082 1059 ἀποτίθεται,
1110 980 1164 1046 καί
1188 972 1286 1057 αὐτὸς
1314 973 1526 1066 έπικουρεῖ’
1510 1001 1624 1067 ορφα-

336 1095 413 1164 ,νοῖς
433 1110 470 1152 τε
491 1080 548 1150 καὶ
566 1081 694 1170 χήραις,
731 1083 785 1148 καλ
812 1091 905 1204 60693
914 1079 970 1148 διὰ
998 1073 1147 1168 νόσιυνῆ
1175 1076 1222 1146 δι’
1247 1077 1348 1168 ἄλλην
1370 1079 1480 1149 αἰτίαν
1501 1082 1625 1148 λειπο-

340 1193 463 1271 μένοις,
486 1187 539 1252 καὶ
560 1193 633 1263 τοῖς
654 1182 688 1252 ἐν
710 1183 846 1267 δεσμοῖς
867 1171 958 1263 οὖσι,
980 1184 1035 1252 καί
1056 1190 1129 1262 τοῖς
1143 1182 1391 1268 παρεπιδήμοις
1411 1172 1487 1250 οὖσι
1501 1183 1622 1264 ξένοις,

342 1290 397 1354 καί
420 1281 536 1366 ἁπλῶς
557 1289 645 1353 πᾶσι
665 1295 738 1364 τοῖς
759 1283 794 1352 ἐν
820 1291 913 1372 χρείᾳ
940 1273 1016 1352 οὖσι
1043 1282 1191 1372 κηδεμὼν
1217 1289 1350 1368 γίνεται.
1405 1283 1472 1370 Τὴν
1501 1286 1537 1354 δέ
1558 1289 1623 1354 τοῦ

339 1387 436 1477 ἡλίου
458 1384 581 1476 ἡμέραν
602 1389 695 1476 κοινῇ
717 1385 841 1465 πάντες
861 1386 919 1474 τὴν
935 1386 1122 1454 συνέλευσιν
1137 1383 1340 1470 ποιούμεθα,
1364 1384 1487 1473 ἐπειδὴ
1501 1387 1622 1476 πρώτη

343 1489 431 1559 loris
459 1485 579 1577 ἡμέρα,
614 1487 648 1556 ἐν
669 1477 691 1576 ,ἦ
713 1483 732 1555 6
752 1487 836 1567 θεὸς
862 1486 901 1553 τὸ
929 1487 1046 1567 σκότος
1072 1489 1126 1554 καί
1155 1485 1213 1576 τὴν
1241 1482 1319 1574 ὕλην
1347 1493 1475 1572 τρέψας
1495 1489 1623 1572 κόσμον

343 1587 497 1680 ίποίησε,
529 1588 585 1657 καὶ
602 1584 724 1678 Ἰησοῦς
745 1588 893 1676 Χριστὸς
921 1585 938 1656 6
966 1587 1121 1678 ἡμέτερος
1150 1587 1258 1676 σώιηρ
1286 1591 1325 1676 τῇ
1354 1581 1435 1677 αὐτῇ
1458 1585 1562 1682 ἡμέρᾳ
1587 1591 1625 1659 ἐκ

311 1745 314 1754 ,
343 1695 464 1779 νεκρῶν
486 1687 620 1780 ἀνέστη·
653 1694 693 1779 τῇ
720 1691 782 1778 γὰρ
804 1689 872 1778 πρὸ
893 1695 951 1778 τῆς
972 1694 1121 1779 κρονικῆς
1150 1688 1360 1778 ἐσταύρωσαν
1383 1688 1481 1758 αὐτὸν
1503 1695 1558 1760 καί
1580 1697 1624 1781 τῇ

342 1792 426 1881 μετὰ
447 1791 505 1880 τὴν
527 1791 691 1879 κρονικὴν,
721 1789 794 1882 ἥτις
816 1791 905 1860 ἐστίν
926 1788 1020 1880 ἡλίου
1042 1787 1160 1878 ἡμέρα,
1185 1793 1302 1879 φανεὶς
1322 1801 1395 1870 τοῖς
1417 1787 1624 1874 ἀποστόλοις

343 1893 520 1964 αὐτοῦκαὶ
549 1900 720 1983 μαθηταῖς
748 1893 879 1976 ἐδίδαξε
903 1897 1022 1974 ταῦτα,
1061 1890 1146 1980 ἅπερ
1175 1892 1223 1974 εἷς
1251 1893 1430 1980 ἐπίσκεψιν
1458 1897 1512 1964 καὶ
1541 1893 1621 1980 ὑμῖν

344 1993 560 2083 ἇνεδιόκαμεν.

371 2185 686 2250 constitutiones
708 2182 1052 2262 ApostolioaeLib.
1069 2181 1112 2244 ll.
1136 2186 1230 2247 c..57
1254 2183 1306 2246 ed.
1329 2184 1561 2249 Cotelerrus
1570 2187 1593 2267 ¹)

432 2297 528 2368 λΣὺ
551 2294 628 2368 δὲδ
651 2297 875 2399 δπίσκοπος”
857 2321 914 2365 eoo
937 2293 1038 2384 ἅγιος,
1062 2295 1209 2384 ἄμωμος,
1231 2323 1276 2387 μη
1263 2297 1509 2387 πλήκτης,
1469 2327 1514 2388 μη
1531 2295 1624 2388 ὀργι-

343 2404 410 2483 λος,
433 2397 477 2490 μὴ
500 2395 644 2489 ἀπηνής·
667 2394 741 2468 ἀλλ’
764 2387 949 2485 οἰκοδόμος,
973 2398 1209 2490 έπιστροφεὺς,
1243 2400 1442 2482 διδακτικός,
1472 2397 1624 2484 ἀνεξίκα-

345 2712 418 2762 hrens
446 2719 561 2762 uteretur.
604 2709 696 2759 Similia
721 2709 792 2759 docet
809 2710 835 2759 F.
854 2710 880 2759 ll.
898 2709 1024 2760 Sohntid
1051 2709 1157 2772 Liturpil
1181 2711 1199 2760 l.
1217 2726 1242 2774 p.
1252 2711 1286 2761 tt
1314 2711 1407 2762 innixus
1432 2711 1511 2762 verbis
1535 2712 1623 2764 lustini

345 2813 419 2862 enpre
443 2796 555 2860 scriptis:
579 2785 624 2844 tut
640 2786 708 2842 neth
725 2791 844 2842 ποιεῖται
869 2794 967 2854 „Selbst
985 2793 1023 2843 die
1041 2793 1279 2858 Messapiae-uetere
1298 2796 1346 2845 end
1365 2796 1505 2846 Gehrturhe
1524 2797 1621 2847 duriter

345 2885 386 2942 (en
403 2879 479 2930 nielen
498 2879 572 2930 Orten
590 2879 744 2941 weuigstene)
771 2881 832 2928 noch
852 2879 906 2928 dem
925 2877 1066 2930 (lntdunken
1091 2878 1134 2928 dee
1158 2879 1282 2930 einzelnen
1300 2881 1540 2932 llirchenroretelrers
1558 2882 1621 2932 necle

344 2965 424 3016 luhelt
443 2963 580 3014 undliauer
596 2963 739 3015 dherleeeen
756 2977 866 3025 genesen
884 2965 945 3022 sein,
964 2963 1039 3012 ditere
1058 2963 1153 3012 mochte
1171 2971 1230 3013 etue
1249 2965 1287 3014 eiu
1298 2979 1343 3014 rou
1354 2966 1431 3016 einero
1445 2964 1542 3030 Aperte!
1561 2967 1623 3018 oder

345 3049 534 3115 Apostelaenpen
558 3049 667 3100 ererbter
684 3048 764 3112 Typue
791 3048 869 3098 hierio
896 3047 931 3096 ele
955 3047 1080 3096 heitinden
1106 3046 1220 3096 dienen.“
1267 3048 1396 3113 Perperene
1422 3050 1621 3102 lleretoriue

346 3135 532 3199 interpretetur:
551 3147 594 3196 per
612 3133 634 3182 le
652 3146 695 3181 sue
714 3140 790 3195 parte,
808 3131 914 3182 seconde
932 3132 975 3182 che
994 3147 1006 3180 e
1025 3131 1058 3180 lui
1077 3131 1208 3196 apertiene‚
1227 3147 1271 3197 pro
1290 3143 1422 3198 cooperte,
1440 3134 1533 3184 scilicet
1550 3145 1621 3199 poet-

347 3233 418 3284 qnem
437 3217 542 3282 populus
560 3225 627 3266 stone
646 3231 731 3280 preces
748 3217 841 3266 lecerit.

415 3303 438 3364 ll
456 3301 577 3352 llrobbe
596 3301 653 3352 llelr.
673 3300 719 3350 den
734 3301 818 3366 Urspr.
837 3316 860 3353 u.
878 3300 931 3352 inlr.
950 3300 993 3350 der
1010 3309 1088 3365 epost
1100 3301 1292 3352 Constitutioueh
1311 3303 1620 3354 desclemeuslionrenus.

345 3388 467 3448 llemhurg
488 3386 561 3436 1829.
580 3402 604 3451 p.
617 3385 680 3436 tto:
699 3385 749 3434 Wir
766 3386 861 3436 httnnen
881 3385 946 3435 nicht
964 3385 1046 3434 cmhin
1065 3385 1126 3436 c.5'l
1147 3387 1195 3436 und
1214 3387 1246 3438 59
1270 3389 1308 3436 ihr
1326 3389 1379 3438 eine
1394 3393 1489 3450 ephtere
1507 3387 1621 3454 interpo-

345 3473 420 3526 lation
438 3485 466 3520 eu
485 3470 603 3520 erlleren.
646 3469 718 3518 Beide
737 3469 828 3534 Capite}
847 3484 935 3534 persen
953 3470 1074 3519 durcheus
1092 3471 1157 3520 nicht
1181 3473 1205 3521 in
1223 3472 1270 3523 den
1288 3469 1509 3532 Zusemmenlrenp‚
1537 3482 1622 3524 enter-

345 3555 450 3606 hreohen
469 3553 582 3618 plotelich
601 3552 676 3602 durch
695 3553 762 3602 ihren
781 3553 890 3602 lremden
909 3552 988 3602 inhelt
1014 3553 1057 3604 des
1076 3555 1153 3604 Gerre
1176 3557 1225 3606 und
1248 3555 1329 3617 reigen
1353 3553 1427 3604 durch
1446 3553 1513 3604 ihren
1533 3555 1621 3619 lubuit,

345 3640 389 3690 der
406 3653 465 3701 gene
484 3639 526 3688 mit
544 3637 598 3686 dem
609 3635 701 3686 lnheite
719 3637 810 3700 einiger
820 3637 913 3688 Stelien
931 3636 974 3686 dee
992 3637 1077 3688 rohten
1088 3637 1180 3690 lluohoa
1198 3639 1389 3690 ubereinetimmt
1407 3637 1455 3686 nnd
1472 3654 1532 3701 gene
1551 3641 1622 3694 deut-

347 3723 394 3774 lich
413 3724 454 3773 aui
471 3723 513 3772 dee
531 3721 598 3772 Eudo
622 3721 664 3772 des
690 3721 779 3771 rierten
798 3721 824 3770 ll.
843 3721 960 3780 uinceret,
985 3721 1041 3770 does
1058 3721 1128 3773 beida
1146 3723 1239 3788 Cepitel
1257 3737 1302 3772 rou
1320 3723 1374 3772 dero
1393 3722 1455 3772 Veri.
1473 3723 1516 3773 dee
1534 3727 1621 3777 rechten

346 3808 439 3858 Buchee
463 3806 604 3856 herruhren.
651 3806 676 3855 P.
695 3803 742 3855 221
770 3813 894 3856 enumeret
912 3805 950 3854 Vir
967 3805 1056 3856 Doctus
1075 3809 1217 3868 accuratius,
1243 3807 1299 3870 qnid
1317 3808 1363 3871 ipsi
1382 3810 1481 3858 mouerit
1498 3811 1620 3874 euspicio-

348 3907 416 3944 nom:
447 3891 468 3952 l)
487 3891 534 3940 lior
551 3885 744 3958 παστοφόρια,
773 3899 828 3942 ente
846 3890 1017 3954 Hieronymum
1043 3893 1067 3942 in
1094 3891 1253 3956 scriptoribus
1281 3891 1450 3943 ecclesiasticis
1477 3907 1524 3944 uon
1543 3895 1620 3946 obvia.

346 3979 372 4038 2)
390 3975 589 4040 hitorpiueordo,
608 3984 655 4025 tem
674 3976 802 4041 perspicue
821 3981 844 4024 et
862 3975 995 4026 minutetim
1007 3977 1138 4040 expositus,
1157 3983 1182 4024 ut
1200 3989 1228 4023 ex
1244 3977 1381 4040 posteriore
1399 3976 1526 4040 discipline
1546 3980 1619 4030 multe

347 4063 427 4115 addite
445 4077 499 4112 esse
517 4061 671 4110 menifestum
689 4062 727 4110 sit.
748 4059 794 4122 ,3)
813 4059 979 4110 ecclesiastiea
998 4060 1140 4120 hierarchis,
1163 4059 1255 4110 eeecnli
1274 4061 1336 4110 tertii
1355 4063 1476 4124 ingenium
1494 4063 1621 4116 excedens.

347 4149 373 4208 tt
392 4138 553 4212 ἇκροστίχια
572 4146 732 4206 Pselrnorum,
750 4144 840 4209 populo
860 4145 998 4196 succinente
1017 4144 1149 4194 decantate.
1176 4143 1202 4204 5)
1220 4145 1326 4209 Serpens
1345 4147 1451 4211 populus
1461 4147 1492 4198 ed
1501 4147 1620 4210 Evangelii

347 4232 484 4284 lectionem.
528 4233 555 4280 tt
578 4245 633 4281 rero
657 4229 755 4295 plurimi
778 4231 802 4280 iu
826 4229 947 4280 authentia
971 4230 1079 4292 litnrpiee
1105 4229 1275 4292 eeqniererunt
1296 4245 1375 4296 neque
1404 4246 1448 4294 epo
1473 4235 1620 4294 argumentis

346 4316 444 4368 llrebhii
462 4318 562 4366 muttum
580 4315 713 4366 tribuerim.
750 4313 821 4364 llulte
840 4313 904 4364 enim
922 4324 979 4366 sunt
995 4321 1133 4378 argumente
1157 4329 1218 4378 quoe
1245 4315 1358 4366 dicuntur
1375 4332 1388 4365 a
1406 4317 1503 4366 silentio
1521 4324 1545 4366 et
1563 4318 1621 4368 hoec

347 4415 444 4464 semper
471 4400 591 4450 imbecille
615 4407 685 4461 sunt,
712 4399 758 4450 nisi
783 4399 871 4450 talibus
901 4398 1051 4450 edminionlis
1076 4396 1245 4448 suffulcientur
1267 4409 1294 4449 nt
1316 4401 1424 4466 positivis
1449 4401 1619 4464 respondeant.

347 4501 367 4536 r.
386 4485 467 4549 [λιες
484 4483 550 4535 Neue
569 4485 782 4546 lintersnchnngen
803 4485 861 4534 ther
878 4484 916 4535 die
936 4484 1127 4536 Constitutionen
1155 4484 1202 4534 uod
1220 4485 1331 4536 llenones
1350 4486 1393 4536 der
1410 4486 1517 4550 Apostel.
1548 4485 1620 4536 1832.

346 4569 475 4636 p.59eqq.
511 4571 610 4620 llnthe
629 4569 658 4620 de
676 4571 747 4635 prim.
766 4569 822 4620 cult.
841 4568 923 4620 christ.
941 4585 966 4634 p.
978 4567 1018 4620 29.
1054 4569 1178 4622 lliteohl
1196 4570 1346 4634 Entetehung
1364 4571 1407 4622 der
1419 4569 1619 4622 altlratholisohen

262 4719 275 4736 κ
347 4655 434 4706 Κίιείιο
451 4670 475 4720 p.
492 4654 549 4706 598.
569 4670 590 4705 e.
609 4669 631 4706 e.
