3416 5290
752 405 827 480 555

150 605 214 658 σει
237 579 341 662 αίτδν
364 581 425 652 ίδν
450 583 578 654 συωπίν
602 583 665 664 ’τεά
690 591 872 673 μοναχικοῦ
899 583 1081 677 σχάμωσς,
1106 593 1170 658 τοῦ
1197 585 1325 678 Κυρίου
1351 585 1431 681 δέρε

150 689 278 770 θῶμεν.

233 781 338 873 Ὑπίρ
364 786 427 855 τοῦ
452 783 581 876 διάγειν
608 783 710 856 αότίν
736 786 774 856 λι
798 785 893 881 πάσῃ
919 785 1073 882 εόσεβείᾳ
1101 789 1160 860 καί
1184 786 1344 884 εὐλαβείᾳ
1370 792 1428 862 καί

148 883 336 977 σεμνότητι,
357 893 418 957 τοῦ
437 885 566 976 Καρίου
589 890 774 979 ἀερθιίριεν.

233 984 336 1076 Ὑπδρ
364 993 426 1056 τοῦ
450 985 656 1062 ἀποθέσθαι
678 987 779 1060 αὐτὸν
797 990 856 1064 σὸν
876 990 1025 1063 παλαιὸν
1046 983 1232 1081 ἀνθρωπον
1252 1019 1309 1062 και
1300 991 1428 1064 λνδά-

149 1094 281 1158 σασθαι
301 1091 360 1159 τὸν
381 1088 466 1172 νέον,
487 1091 546 1159 τὸν
565 1091 651 1160 κατὰ
675 1090 762 1160 Θεὸν
781 1093 973 1174 κτισθέντα,
994 1098 1055 1162 τοῦ
1076 1091 1204 1180 Κυρίου
1226 1096 1411 1185 ἀρθῶμεν.

231 1187 335 1280 Ὑπὲρ
356 1187 508 1280 ἀφέσεως
527 1190 586 1260 καί
607 1189 841 1282 συγχωρήσεως
860 1199 926 1260 τῶν
948 1190 1120 1282 ἁμαρτιῶν
1141 1191 1254 1278 αὐτοῦ,
1275 1201 1427 1264 10va-

147 1285 225 1382 είεν
246 1294 431 1382 &onm-

158 1450 163 1458 .
231 1390 334 1482 Ὑπὲρ
369 1398 430 1462 τοῦ
467 1397 634 1482 ῥωσθῆναι
668 1389 813 1483 ἡμᾶς’
792 1395 863 1464 απὸ
895 1391 1008 1486 πάσης
1037 1393 1204 1489 θλίψεως,
1238 1395 1337 1487 όρμῆς
1368 1397 1426 1468 καί

148 1491 301 1584 “⁹575ss-

151 1599 153 1607 ’
231 1521 510 1682 άπιλαβσῦ,“
461 1597 580 1678 σῶσον,
603 1593 738 1685 ἐλέησον
758 1595 816 1665 καί
837 1593 1087 1688 διαφόλαξονζ
1067 1603 1155 1688 ημᾶς
1177 1626 1196 1668 υ
1184 1595 1302 1681 ’Θεὸς
1322 1607 1362 1691 τῇ
1384 1605 1425 1691 σῇ

145 1723 270 1786 χαριτι.

149 1809 154 1818 ’
236 1805 305 1890 Τῆς
330 1794 499 1886 παναγίας
524 1791 702 1888 ἀχράντου,
730 1795 1036 1892 ὖπερευλογρμένης
1063 1798 1216 1882 ίνδόξου,
1247 1797 1427 1892 δεσποίνης

146 1896 251 1992 δυῶν·
1052 1924 1056 1932 ·
1270 1941 1273 1952 ·
1420 1923 1424 1930 ·

678 1996 892 2092 Ἐκφάνησις.

152 2121 157 2137 ’
225 2099 304 2171 ’Ότι
324 2099 420 2189 άμος
441 2096 471 2170 εί
492 2098 511 2170 5
535 2099 622 2182 Θεδς
643 2097 745 2192 ἡμῶν,
767 2103 824 2172 καί
846 2103 903 2172 σοί
922 2101 990 2193 τήν.

225 2203 325 2273 Ὅσοι
347 2199 395 2284 εἷς
416 2203 565 2292 Χριστὸν
585 2203 826 2294 ἐβαπτίσθητε,
848 2205 998 2291 Χριστὸν
1019 2201 1235 2274 ἐνεδύσασθε.

153 2327 159 2338 ’
230 2301 440 2394 Ἀλληλοάῖα.

667 2403 904 2532 Πρρκείμενσν.

233 2505 360 2595 Κόρως
387 2505 562 2598 φωτιυμός
587 2533 653 2595 μου
681 2509 738 2578 καί
765 2507 875 2599 σωτήρ
903 2535 981 2597 μουι
1023 2506 1151 2599 Κύριος
1171 2506 1425 2599 ὑπερασπιστὴς

145 2617 207 2700 τίς
228 2609 313 2700 ζωῆς
332 2631 410 2696 νῦν·

230 2713 325 2802 Πρὸς
343 2707 518 2802 Ἐφεσίους
539 2710 719 2801 ἐπιπολῆς
738 2709 879 2780 Παύλου
900 2710 940 2781 τὸ
962 2708 1161 2800 ἀνάγνωσμα
1183 2649 1409 2794 ο.16,10-17.

228 2811 437 2903 Ἀλλρλυάία.
483 2803 591 2892 Οὗτος
611 2807 631 2879 5
651 2813 784 2896 πτωχός
804 2813 984 2904 ἐκέκραξα·

231 2911 433 3001 Είαγγέλιυν
454 2913 490 2980 έκ
509 2917 570 2979 τοῦ
590 2913 675 2980 κατὰ
696 2917 887 2982 Ματθαῖον
908 2937 934 2980 ο.
952 2922 1002 2994 10,
1018 2919 1070 2983 37.
1085 2919 1136 2984 38.
1160 2937 1186 2980 ο.
1204 2924 1254 2996 17,
1270 2923 1409 2996 28-30.

231 3011 270 3082 ‘0
293 3011 455 3092 διάκονος.
497 3009 690 3103 ’.ίίλέρσονι
671 3019 760 3102 ημας
780 3011 799 3082 5
824 3014 911 3094 Θεὸς
930 3013 1015 3082 κατὰ
1036 3013 1074 3082 τὸ
1095 3015 1181 3102 μίγα
1203 3013 1296 3096 ἔλεός
1315 3040 1388 3088 σου.

225 3112 299 3185 Ἔτι
320 3111 510 3200 δεόμεθα“
493 3115 578 3202 υπίρ
601 3111 754 3206 ἀφέσεως
774 3115 831 3184 καί
851 3113 1087 3206 συγχωρήσεως
1099 3121 1165 3183 τῶν
1179 3113 1349 3204 ἁμαρτιῶν
1363 3118 1428 3186 τοδί

145 3216 269 3289 δούλου
290 3224 351 3286 τοῦ
373 3221 463 3286 Θεοῦ
484 3218 616 3298 (τοῦδε).
696 3273 702 3282 .

229 3317 300 3388 “ss
289 3317 405 3408 ιερείς.
440 3315 519 3386 ’Ότι
539 3316 688 3410 έλερμων
707 3343 766 3388 και
755 3316 1032 3409 φιλάνθρωπος
1054 3315 1179 3398 Θεὸς
1161 3315 1332 3408 υπάρχεις.

230 3423 302 3492 Καὶ
323 3420 461 3490 δίδωσιν
484 3418 574 3510 αὐτῷ
593 3421 652 3488 τὸν
674 3421 827 3508 σταυρὸν,
850 3422 969 3508 λέγων·

230 3519 337 3592 Εἶπεν
357 3521 376 3593 5
398 3519 540 3611 Κύριος·
564 3519 667 3604 εἴτις
689 3522 786 3592 θέλει
808 3519 920 3592 ὀπίσω
940 3547 1006 3608 μου
1028 3517 1240 3605 ἀκολουθεῖν,
1273 3519 1424 3614 ἀπαρνη·

143 3625 267 3696 σάσθω
290 3621 408 3694 ἑαυτὸν
427 3624 486 3693 καί
507 3621 620 3713 ἀράτω
641 3622 699 3692 τὸν
721 3625 863 3712 σταυρὸν
885 3621 988 3693 αὐτοῦ
1008 3625 1065 3694 καί
1087 3621 1316 3695 ἀκολουθείτω
1336 3651 1407 3712 μοι.

154 3782 159 3791 .
230 3729 302 3796 Καὶ
321 3726 361 3794 τό
383 3725 496 3817 κηρίον
517 3723 737 3812 άτιτοόμενυν,
759 3727 878 3814 λέγων·

229 3823 336 3898 Εἶπεν
357 3825 376 3898 5
400 3827 540 3917 Κύριος·
573 3826 661 3896 οὕτω
683 3825 853 3916 λαμψάτω
873 3829 912 3898 τὸ
936 3834 1010 3918 φάς
1030 3825 1121 3915 ὑμῶν
1143 3826 1338 3916 ίμπρσσθεν
1358 3836 1424 3898 τῶν

144 3929 347 4018 ἀνθρώπων,
370 3929 465 4011 ὅπως
485 3927 603 3999 ἴδωσιν
623 3927 715 4016 ὑμῶν
735 3930 778 3998 τὰ
798 3930 885 3999 καλά
906 3927 987 4018 ἔργα
1006 3929 1064 3998 καί
1085 3928 1253 4012 δοξάσωσι
1274 3929 1333 4000 τὸν
1352 3955 1424 4000 πα-

143 4034 226 4118 τέρα
247 4031 338 4119 όμῶν
360 4027 418 4100 τὸν
439 4031 474 4100 έν
494 4036 568 4113 τοῖς
589 4027 755 4119 οὐρανοῖς.

231 4136 301 4203 Καί
321 4130 447 4222 γίνεται
461 4129 480 4202 5
496 4129 686 4220 ἀσπασμὸς,
708 4131 896 4224 ψάλλοντες
909 4131 949 4201 τὸ
964 4129 1144 4219 ίδιόμελυν.
1164 4125 1265 4214 Ἦχος
1277 4138 1421 4218 πρῶτος.

227 4233 440 4324 Ἐπιρνῶμεν,
463 4232 619 4325 ἀδελφοί,
638 4241 700 4302 τοῦ
719 4231 901 4325 μυστηρίου
915 4234 974 4323 τὴν
989 4233 1142 4320 δύναμιν·
1166 4233 1224 4302 τάν
1237 4233 1299 4322 γὰρ
1314 4233 1350 4302 έκ
1363 4243 1423 4324 τῆς

143 4337 310 4425 ἁμαρτίας
337 4339 423 4427 πρὸς
449 4338 510 4427 τὴν
536 4337 700 4426 πατρινὴν
729 4333 841 4404 ἑστίαν
869 4332 1103 4426 ἀναδραμόντα
1130 4327 1260 4404 ἀσωτον
1287 4333 1371 4417 viar,
1400 4333 1422 4405 5

144 4437 348 4526 πανάγαθος
367 4441 479 4530 πατὴρ
500 4436 764 4527 προϋπαντήσας
784 4435 972 4520 ἀσπάζεται
992 4437 1049 4506 καί
1066 4434 1172 4506 πάλιν
1184 4442 1244 4524 τῆς
1259 4435 1349 4517 ἰδίας
1364 4435 1422 4508 δό-

144 4543 204 4632 ξρς
223 4539 392 4629 χαρίζεται
413 4543 455 4610 τὰ
475 4539 697 4630 γνωρίσματα.
741 4539 811 4608 Καὶ
831 4539 992 4628 μυστικὴν
1012 4543 1085 4618 τοῖς
1106 4533 1175 4608 ἀνω
1197 4537 1346 4608 ἐπιτελεῖ
1367 4537 1424 4608 ου’-

145 4640 322 4733 φροσόνην,
351 4640 446 4712 θέων
466 4644 524 4714 τὸν
543 4639 668 4731 μόσχον
688 4642 746 4712 τὸν
767 4639 928 4724 σιτευτόν,
956 4641 1011 4710 ίνα
1032 4637 1129 4730 ἡμεῖς
1150 4635 1251 4722 ἀξίως
1264 4642 1423 4712 πολιτευ-
