<?xml version="1.0" encoding="UTF-8"?>
<!DOCTYPE html PUBLIC "-//W3C//DTD XHTML 1.0 Transitional//EN"
    "http://www.w3.org/TR/xhtml1/DTD/xhtml1-transitional.dtd">
<html xmlns="http://www.w3.org/1999/xhtml" xml:lang="en" lang="en">
 <head>
  <title>
</title>
<meta http-equiv="Content-Type" content="text/html;charset=utf-8" />
  <meta name='ocr-system' content='tesseract 3.04.00' />
  <meta name='ocr-capabilities' content='ocr_page ocr_carea ocr_par ocr_line ocrx_word'/>
</head>
<body>
  <div class='ocr_page' id='page_1' title='image "./codexliturgicus04danigoog/codexliturgicus04danigoog_0418.png"; bbox 0 0 3336 5302; ppageno 0'>
   <div class='ocr_carea' id='block_1_1' title="bbox 593 433 777 510">
    <p class='ocr_par' dir='ltr' id='par_1_1' title="bbox 593 433 777 510">
     <span class='ocr_line' id='line_1_1' title="bbox 593 433 777 510; baseline 0 0"><span class='ocrx_word' id='word_1_1' title='bbox 593 479 595 484; x_wconf 93' lang='lat'>·</span> <span class='ocrx_word' id='word_1_2' title='bbox 703 433 777 510; x_wconf 80' lang='grc'>395</span> 
     </span>
    </p>
   </div>
   <div class='ocr_carea' id='block_1_2' title="bbox 104 611 1380 1008">
    <p class='ocr_par' dir='ltr' id='par_1_2' title="bbox 104 611 1380 1008">
     <span class='ocr_line' id='line_1_2' title="bbox 104 611 1379 706; baseline -0.001 -18"><span class='ocrx_word' id='word_1_3' title='bbox 104 625 313 696; x_wconf 78' lang='lat' dir='ltr'>strationem,</span> <span class='ocrx_word' id='word_1_4' title='bbox 337 639 395 704; x_wconf 84' lang='lat' dir='ltr'>qua</span> <span class='ocrx_word' id='word_1_5' title='bbox 417 621 567 704; x_wconf 83' lang='lat' dir='ltr'>postulato</span> <span class='ocrx_word' id='word_1_6' title='bbox 590 620 751 702; x_wconf 85' lang='lat' dir='ltr'>impetrare</span> <span class='ocrx_word' id='word_1_7' title='bbox 774 623 975 686; x_wconf 81' lang='lat' dir='ltr'>confidamus:</span> <span class='ocrx_word' id='word_1_8' title='bbox 998 615 1053 686; x_wconf 82' lang='grc' dir='ltr'>ὅτι</span> <span class='ocrx_word' id='word_1_9' title='bbox 1073 617 1114 686; x_wconf 79' lang='grc' dir='ltr'>σὺ</span> <span class='ocrx_word' id='word_1_10' title='bbox 1133 611 1164 686; x_wconf 80' lang='grc' dir='ltr'>τί</span> <span class='ocrx_word' id='word_1_11' title='bbox 1178 615 1197 686; x_wconf 85' lang='lat' dir='ltr'>d</span> <span class='ocrx_word' id='word_1_12' title='bbox 1213 615 1379 706; x_wconf 75' lang='grc' dir='ltr'><strong><em>ἁγιασμὸς</em></strong></span> 
     </span>
     <span class='ocr_line' id='line_1_3' title="bbox 104 712 1380 812; baseline 0 -24"><span class='ocrx_word' id='word_1_13' title='bbox 104 718 194 810; x_wconf 75' lang='grc' dir='ltr'>ἡμῶν</span> <span class='ocrx_word' id='word_1_14' title='bbox 222 743 290 787; x_wconf 90' lang='lat' dir='ltr'>oum</span> <span class='ocrx_word' id='word_1_15' title='bbox 318 723 517 788; x_wconf 86' lang='lat' dir='ltr'>sanctimonia</span> <span class='ocrx_word' id='word_1_16' title='bbox 546 724 674 803; x_wconf 65' lang='lat' dir='ltr'>petitum</span> <span class='ocrx_word' id='word_1_17' title='bbox 704 717 760 788; x_wconf 75' lang='grc' dir='ltr'><strong><em>ὅτε</em></strong></span> <span class='ocrx_word' id='word_1_18' title='bbox 787 718 828 786; x_wconf 82' lang='grc' dir='ltr'>σὺ</span> <span class='ocrx_word' id='word_1_19' title='bbox 856 712 933 808; x_wconf 73' lang='lat' dir='ltr'>sid</span> <span class='ocrx_word' id='word_1_20' title='bbox 967 715 1157 800; x_wconf 79' lang='grc' dir='ltr'>ἀνάπαυσις</span> <span class='ocrx_word' id='word_1_21' title='bbox 1176 726 1380 812; x_wconf 77' lang='grc' dir='ltr'><strong><em>τῶνψοχτῦν</em></strong></span> 
     </span>
     <span class='ocr_line' id='line_1_4' title="bbox 104 818 1378 909; baseline 0.001 -20"><span class='ocrx_word' id='word_1_22' title='bbox 104 819 193 909; x_wconf 76' lang='grc' dir='ltr'><strong><em>ἡμῶν</em></strong></span> <span class='ocrx_word' id='word_1_23' title='bbox 222 843 290 888; x_wconf 91' lang='lat' dir='ltr'>cum</span> <span class='ocrx_word' id='word_1_24' title='bbox 319 825 471 890; x_wconf 77' lang='lat' dir='ltr'>defunctis</span> <span class='ocrx_word' id='word_1_25' title='bbox 493 826 630 906; x_wconf 79' lang='lat' dir='ltr'>requies3</span> <span class='ocrx_word' id='word_1_26' title='bbox 663 818 717 890; x_wconf 81' lang='grc' dir='ltr'>ὅτι</span> <span class='ocrx_word' id='word_1_27' title='bbox 737 819 863 908; x_wconf 78' lang='grc' dir='ltr'><strong><em>πρέπει</em></strong></span> <span class='ocrx_word' id='word_1_28' title='bbox 884 843 942 888; x_wconf 88' lang='grc' dir='ltr'>σοι</span> <span class='ocrx_word' id='word_1_29' title='bbox 960 822 1029 890; x_wconf 65' lang='grc' dir='ltr'>κτλ</span> <span class='ocrx_word' id='word_1_30' title='bbox 1051 844 1118 888; x_wconf 90' lang='lat' dir='ltr'>cum</span> <span class='ocrx_word' id='word_1_31' title='bbox 1141 827 1195 889; x_wconf 81' lang='lat' dir='ltr'>liei</span> <span class='ocrx_word' id='word_1_32' title='bbox 1217 826 1311 905; x_wconf 78' lang='lat' dir='ltr'>gloria</span> <span class='ocrx_word' id='word_1_33' title='bbox 1331 828 1378 890; x_wconf 91' lang='lat' dir='ltr'>iu-</span> 
     </span>
     <span class='ocr_line' id='line_1_5' title="bbox 104 926 1005 1008; baseline 0 -18"><span class='ocrx_word' id='word_1_34' title='bbox 104 929 220 992; x_wconf 90' lang='lat' dir='ltr'>tensius</span> <span class='ocrx_word' id='word_1_35' title='bbox 242 927 405 1008; x_wconf 85' lang='lat' dir='ltr'>quaeritur.</span> <span class='ocrx_word' id='word_1_36' title='bbox 449 926 529 990; x_wconf 87' lang='lat' dir='ltr'>Haeo</span> <span class='ocrx_word' id='word_1_37' title='bbox 552 926 667 990; x_wconf 87' lang='lat' dir='ltr'>Gnarus</span> <span class='ocrx_word' id='word_1_38' title='bbox 691 928 721 988; x_wconf 90' lang='lat' dir='ltr'>in</span> <span class='ocrx_word' id='word_1_39' title='bbox 744 926 976 990; x_wconf 89' lang='lat' dir='ltr'>Commentario.</span> <span class='ocrx_word' id='word_1_40' title='bbox 985 927 1005 1004; x_wconf 86' lang='lat'>¹)</span> 
     </span>
    </p>
   </div>
   <div class='ocr_carea' id='block_1_3' title="bbox 99 1053 1466 4188">
    <p class='ocr_par' dir='ltr' id='par_1_3' title="bbox 99 1053 1466 3076">
     <span class='ocr_line' id='line_1_6' title="bbox 187 1053 1379 1146; baseline -0.002 -21"><span class='ocrx_word' id='word_1_41' title='bbox 187 1061 262 1143; x_wconf 87' lang='lat' dir='ltr'>Cap.</span> <span class='ocrx_word' id='word_1_42' title='bbox 283 1061 375 1125; x_wconf 85' lang='lat' dir='ltr'>xvtt.</span> <span class='ocrx_word' id='word_1_43' title='bbox 417 1061 539 1124; x_wconf 80' lang='lat' dir='ltr'><strong>Minor</strong></span> <span class='ocrx_word' id='word_1_44' title='bbox 568 1061 773 1140; x_wconf 77' lang='lat' dir='ltr'>ingressus</span> <span class='ocrx_word' id='word_1_45' title='bbox 794 1053 814 1145; x_wconf 78' lang='grc' dir='ltr'><strong><em>ἡ</em></strong></span> <span class='ocrx_word' id='word_1_46' title='bbox 837 1055 962 1146; x_wconf 82' lang='grc' dir='ltr'><strong><em>μικρὰ</em></strong></span> <span class='ocrx_word' id='word_1_47' title='bbox 984 1053 1148 1138; x_wconf 80' lang='grc' dir='ltr'><strong><em>είςοδός</em></strong></span> <span class='ocrx_word' id='word_1_48' title='bbox 1169 1081 1196 1125; x_wconf 85' lang='grc' dir='ltr'><strong><em>ε.</em></strong></span> <span class='ocrx_word' id='word_1_49' title='bbox 1218 1062 1379 1126; x_wconf 81' lang='lat' dir='ltr'>sollem-</span> 
     </span>
     <span class='ocr_line' id='line_1_7' title="bbox 103 1145 1380 1244; baseline -0.001 -16"><span class='ocrx_word' id='word_1_50' title='bbox 103 1165 161 1228; x_wconf 93' lang='lat' dir='ltr'>nis</span> <span class='ocrx_word' id='word_1_51' title='bbox 184 1145 386 1242; x_wconf 77' lang='lat' dir='ltr'>E&#39;vongatii</span> <span class='ocrx_word' id='word_1_52' title='bbox 409 1164 451 1226; x_wconf 91' lang='lat' dir='ltr'>ad</span> <span class='ocrx_word' id='word_1_53' title='bbox 474 1162 595 1225; x_wconf 88' lang='lat' dir='ltr'>altare</span> <span class='ocrx_word' id='word_1_54' title='bbox 616 1164 849 1244; x_wconf 76' lang='lat' dir='ltr'><strong>deportatio.</strong></span> <span class='ocrx_word' id='word_1_55' title='bbox 893 1163 954 1226; x_wconf 85' lang='lat' dir='ltr'>ism</span> <span class='ocrx_word' id='word_1_56' title='bbox 976 1164 1147 1244; x_wconf 86' lang='lat' dir='ltr'>panduntur</span> <span class='ocrx_word' id='word_1_57' title='bbox 1168 1165 1380 1241; x_wconf 79' lang='lat' dir='ltr'>morosiores,</span> 
     </span>
     <span class='ocr_line' id='line_1_8' title="bbox 105 1257 1379 1348; baseline -0.001 -20"><span class='ocrx_word' id='word_1_58' title='bbox 105 1269 284 1346; x_wconf 74' lang='lat' dir='ltr'>insequente</span> <span class='ocrx_word' id='word_1_59' title='bbox 306 1275 432 1344; x_wconf 78' lang='lat' dir='ltr'>augusto</span> <span class='ocrx_word' id='word_1_60' title='bbox 455 1264 514 1326; x_wconf 87' lang='lat' dir='ltr'>ritu</span> <span class='ocrx_word' id='word_1_61' title='bbox 545 1265 606 1348; x_wconf 80' lang='grc' dir='ltr'>τῆς</span> <span class='ocrx_word' id='word_1_62' title='bbox 624 1266 746 1346; x_wconf 76' lang='grc' dir='ltr'><strong><em>μιαρᾶς</em></strong></span> <span class='ocrx_word' id='word_1_63' title='bbox 766 1257 907 1340; x_wconf 81' lang='grc' dir='ltr'><strong><em>είςόδοο.</em></strong></span> <span class='ocrx_word' id='word_1_64' title='bbox 950 1265 1054 1328; x_wconf 79' lang='lat' dir='ltr'><strong>Tradit</strong></span> <span class='ocrx_word' id='word_1_65' title='bbox 1076 1265 1224 1330; x_wconf 88' lang='lat' dir='ltr'>Sacerdos</span> <span class='ocrx_word' id='word_1_66' title='bbox 1245 1266 1379 1329; x_wconf 84' lang='lat' dir='ltr'>Diaeono</span> 
     </span>
     <span class='ocr_line' id='line_1_9' title="bbox 105 1365 1381 1445; baseline 0.001 -15"><span class='ocrx_word' id='word_1_67' title='bbox 105 1368 212 1430; x_wconf 86' lang='lat' dir='ltr'>librum</span> <span class='ocrx_word' id='word_1_68' title='bbox 235 1366 482 1445; x_wconf 82' lang='lat' dir='ltr'>Evangeliorum:</span> <span class='ocrx_word' id='word_1_69' title='bbox 511 1365 665 1444; x_wconf 79' lang='lat' dir='ltr'>egoeditur</span> <span class='ocrx_word' id='word_1_70' title='bbox 686 1365 848 1438; x_wconf 78' lang='lat' dir='ltr'>dianonus,</span> <span class='ocrx_word' id='word_1_71' title='bbox 876 1366 1022 1430; x_wconf 76' lang='lat' dir='ltr'>elevatum</span> <span class='ocrx_word' id='word_1_72' title='bbox 1047 1366 1155 1429; x_wconf 81' lang='lat' dir='ltr'>librum</span> <span class='ocrx_word' id='word_1_73' title='bbox 1178 1375 1248 1431; x_wconf 85' lang='lat' dir='ltr'>ante</span> <span class='ocrx_word' id='word_1_74' title='bbox 1270 1368 1381 1431; x_wconf 80' lang='lat' dir='ltr'>faciem</span> 
     </span>
     <span class='ocr_line' id='line_1_10' title="bbox 107 1466 1390 1549; baseline 0.002 -19"><span class='ocrx_word' id='word_1_75' title='bbox 107 1468 308 1548; x_wconf 76' lang='lat' dir='ltr'>Evaugciium</span> <span class='ocrx_word' id='word_1_76' title='bbox 333 1487 367 1529; x_wconf 85' lang='lat' dir='ltr'>ex</span> <span class='ocrx_word' id='word_1_77' title='bbox 389 1476 475 1547; x_wconf 91' lang='lat' dir='ltr'>porta</span> <span class='ocrx_word' id='word_1_78' title='bbox 491 1466 674 1530; x_wconf 87' lang='lat' dir='ltr'>Protheseos</span> <span class='ocrx_word' id='word_1_79' title='bbox 696 1486 723 1528; x_wconf 89' lang='lat' dir='ltr'>v.</span> <span class='ocrx_word' id='word_1_80' title='bbox 746 1467 870 1539; x_wconf 88' lang='lat' dir='ltr'>boreali,</span> <span class='ocrx_word' id='word_1_81' title='bbox 895 1475 1066 1549; x_wconf 54' lang='lat' dir='ltr'>sequuntur*</span> <span class='ocrx_word' id='word_1_82' title='bbox 1076 1469 1225 1532; x_wconf 83' lang='lat' dir='ltr'>Sacerdos</span> <span class='ocrx_word' id='word_1_83' title='bbox 1248 1489 1284 1532; x_wconf 90' lang='lat' dir='ltr'>ao</span> <span class='ocrx_word' id='word_1_84' title='bbox 1304 1468 1390 1532; x_wconf 61' lang='lat' dir='ltr'>inm·-⁴</span> 
     </span>
     <span class='ocr_line' id='line_1_11' title="bbox 105 1555 1381 1652; baseline 0 -20"><span class='ocrx_word' id='word_1_85' title='bbox 105 1571 214 1650; x_wconf 88' lang='lat' dir='ltr'>padum</span> <span class='ocrx_word' id='word_1_86' title='bbox 245 1587 436 1632; x_wconf 84' lang='lat' dir='ltr'>cereorumve</span> <span class='ocrx_word' id='word_1_87' title='bbox 464 1576 644 1650; x_wconf 86' lang='lat' dir='ltr'>portatores.</span> <span class='ocrx_word' id='word_1_88' title='bbox 689 1568 806 1634; x_wconf 85' lang='lat' dir='ltr'>Tenent</span> <span class='ocrx_word' id='word_1_89' title='bbox 832 1569 907 1632; x_wconf 85' lang='lat' dir='ltr'>viam</span> <span class='ocrx_word' id='word_1_90' title='bbox 930 1569 1084 1633; x_wconf 88' lang='lat' dir='ltr'>sinuosam</span> <span class='ocrx_word' id='word_1_91' title='bbox 1105 1586 1162 1650; x_wconf 89' lang='lat' dir='ltr'>per</span> <span class='ocrx_word' id='word_1_92' title='bbox 1183 1581 1298 1652; x_wconf 86' lang='lat' dir='ltr'>partam</span> <span class='ocrx_word' id='word_1_93' title='bbox 1319 1555 1381 1634; x_wconf 81' lang='grc' dir='ltr'>τοῦ</span> 
     </span>
     <span class='ocr_line' id='line_1_12' title="bbox 105 1669 1381 1753; baseline 0.003 -21"><span class='ocrx_word' id='word_1_94' title='bbox 105 1673 185 1734; x_wconf 89' lang='grc' dir='ltr'><strong><em>ναοῦ</em></strong></span> <span class='ocrx_word' id='word_1_95' title='bbox 208 1670 485 1753; x_wconf 78' lang='lat' dir='ltr'>septentrionalem,</span> <span class='ocrx_word' id='word_1_96' title='bbox 508 1669 637 1733; x_wconf 88' lang='lat' dir='ltr'>redeunt</span> <span class='ocrx_word' id='word_1_97' title='bbox 657 1671 694 1733; x_wconf 93' lang='lat' dir='ltr'>ad</span> <span class='ocrx_word' id='word_1_98' title='bbox 717 1687 819 1733; x_wconf 86' lang='lat' dir='ltr'>sacras</span> <span class='ocrx_word' id='word_1_99' title='bbox 842 1673 923 1734; x_wconf 85' lang='lat' dir='ltr'>iores</span> <span class='ocrx_word' id='word_1_100' title='bbox 945 1679 1074 1752; x_wconf 90' lang='lat' dir='ltr'>apertas.</span> <span class='ocrx_word' id='word_1_101' title='bbox 1112 1670 1224 1736; x_wconf 85' lang='lat' dir='ltr'>Omnes</span> <span class='ocrx_word' id='word_1_102' title='bbox 1247 1673 1381 1752; x_wconf 74' lang='lat' dir='ltr'>Evange-</span> 
     </span>
     <span class='ocr_line' id='line_1_13' title="bbox 105 1771 1381 1853; baseline 0.001 -18"><span class='ocrx_word' id='word_1_103' title='bbox 105 1771 142 1836; x_wconf 92' lang='lat' dir='ltr'>lio</span> <span class='ocrx_word' id='word_1_104' title='bbox 164 1791 222 1853; x_wconf 91' lang='lat' dir='ltr'>per</span> <span class='ocrx_word' id='word_1_105' title='bbox 244 1771 403 1834; x_wconf 84' lang='lat' dir='ltr'>ecclesiam</span> <span class='ocrx_word' id='word_1_106' title='bbox 427 1771 525 1835; x_wconf 87' lang='lat' dir='ltr'>delato</span> <span class='ocrx_word' id='word_1_107' title='bbox 546 1789 692 1833; x_wconf 91' lang='lat' dir='ltr'>summam</span> <span class='ocrx_word' id='word_1_108' title='bbox 714 1771 856 1834; x_wconf 74' lang='lat' dir='ltr'>exhibent</span> <span class='ocrx_word' id='word_1_109' title='bbox 879 1773 1091 1835; x_wconf 83' lang='lat' dir='ltr'>reverentiam:</span> <span class='ocrx_word' id='word_1_110' title='bbox 1121 1784 1167 1836; x_wconf 86' lang='lat' dir='ltr'>est</span> <span class='ocrx_word' id='word_1_111' title='bbox 1190 1773 1270 1836; x_wconf 89' lang='lat' dir='ltr'>enim</span> <span class='ocrx_word' id='word_1_112' title='bbox 1294 1774 1381 1838; x_wconf 85' lang='lat' dir='ltr'>Chri·</span> 
     </span>
     <span class='ocr_line' id='line_1_14' title="bbox 106 1867 1381 1959; baseline 0.002 -24"><span class='ocrx_word' id='word_1_113' title='bbox 106 1883 166 1936; x_wconf 89' lang='lat' dir='ltr'>stus</span> <span class='ocrx_word' id='word_1_114' title='bbox 190 1873 257 1954; x_wconf 88' lang='lat' dir='ltr'>ipsa</span> <span class='ocrx_word' id='word_1_115' title='bbox 280 1873 331 1954; x_wconf 87' lang='lat' dir='ltr'>qui</span> <span class='ocrx_word' id='word_1_116' title='bbox 355 1873 513 1936; x_wconf 86' lang='lat' dir='ltr'>ecclesiam</span> <span class='ocrx_word' id='word_1_117' title='bbox 537 1871 654 1934; x_wconf 81' lang='lat' dir='ltr'>circuit</span> <span class='ocrx_word' id='word_1_118' title='bbox 683 1871 757 1935; x_wconf 89' lang='lat' dir='ltr'>Nic.</span> <span class='ocrx_word' id='word_1_119' title='bbox 780 1873 940 1952; x_wconf 79' lang='lat' dir='ltr'>Buigara</span> <span class='ocrx_word' id='word_1_120' title='bbox 962 1893 992 1954; x_wconf 88' lang='lat' dir='ltr'>p.</span> <span class='ocrx_word' id='word_1_121' title='bbox 1007 1876 1048 1939; x_wconf 89' lang='grc'>93</span> <span class='ocrx_word' id='word_1_122' title='bbox 1072 1907 1112 1918; x_wconf 94' lang='grc'><strong>-</strong></span> <span class='ocrx_word' id='word_1_123' title='bbox 1134 1868 1192 1937; x_wconf 89' lang='grc' dir='ltr'>καὶ</span> <span class='ocrx_word' id='word_1_124' title='bbox 1206 1867 1381 1959; x_wconf 70' lang='grc' dir='ltr'><strong><em>ἀκολουθᾷ</em></strong></span> 
     </span>
     <span class='ocr_line' id='line_1_15' title="bbox 104 1964 1382 2060; baseline 0 -22"><span class='ocrx_word' id='word_1_125' title='bbox 104 1965 296 2058; x_wconf 75' lang='grc' dir='ltr'><strong><em>ἦΕίςοδος,</em></strong></span> <span class='ocrx_word' id='word_1_126' title='bbox 325 1964 414 2037; x_wconf 74' lang='lat' dir='ltr'>duod</span> <span class='ocrx_word' id='word_1_127' title='bbox 442 1967 568 2057; x_wconf 83' lang='grc' dir='ltr'><strong><em>γίνεται</em></strong></span> <span class='ocrx_word' id='word_1_128' title='bbox 594 1968 679 2054; x_wconf 83' lang='grc' dir='ltr'><strong><em>μετὰ</em></strong></span> <span class='ocrx_word' id='word_1_129' title='bbox 710 1976 770 2038; x_wconf 89' lang='grc' dir='ltr'>τοῦ</span> <span class='ocrx_word' id='word_1_130' title='bbox 794 1965 897 2056; x_wconf 81' lang='grc' dir='ltr'><strong><em>Ἱεροῦ</em></strong></span> <span class='ocrx_word' id='word_1_131' title='bbox 917 1967 1130 2060; x_wconf 77' lang='grc' dir='ltr'><strong><em>Εὐαγγελίοτ.</em></strong></span> <span class='ocrx_word' id='word_1_132' title='bbox 1170 1967 1270 2038; x_wconf 87' lang='grc' dir='ltr'><strong><em>Ὡσὰν</em></strong></span> <span class='ocrx_word' id='word_1_133' title='bbox 1292 1967 1382 2039; x_wconf 80' lang='grc' dir='ltr'><strong><em>ὀποῦ</em></strong></span> 
     </span>
     <span class='ocr_line' id='line_1_16' title="bbox 103 2068 1382 2161; baseline 0 -21"><span class='ocrx_word' id='word_1_134' title='bbox 103 2069 333 2160; x_wconf 78' lang='grc' dir='ltr'><strong><em>χαρακτηρίζει</em></strong></span> <span class='ocrx_word' id='word_1_135' title='bbox 352 2070 410 2139; x_wconf 85' lang='grc' dir='ltr'>τὸν</span> <span class='ocrx_word' id='word_1_136' title='bbox 431 2070 571 2157; x_wconf 74' lang='grc' dir='ltr'><strong><em>ἐρχομὸν</em></strong></span> <span class='ocrx_word' id='word_1_137' title='bbox 591 2078 651 2140; x_wconf 86' lang='grc' dir='ltr'>τοῦ</span> <span class='ocrx_word' id='word_1_138' title='bbox 670 2068 752 2140; x_wconf 81' lang='grc' dir='ltr'><strong><em>Υίοῦ</em></strong></span> <span class='ocrx_word' id='word_1_139' title='bbox 772 2078 832 2140; x_wconf 88' lang='grc' dir='ltr'>τοῦ</span> <span class='ocrx_word' id='word_1_140' title='bbox 848 2076 945 2154; x_wconf 86' lang='grc' dir='ltr'><strong><em>Θεοῦ,</em></strong></span> <span class='ocrx_word' id='word_1_141' title='bbox 969 2072 1025 2140; x_wconf 87' lang='grc' dir='ltr'>καί</span> <span class='ocrx_word' id='word_1_142' title='bbox 1047 2071 1106 2161; x_wconf 74' lang='grc' dir='ltr'>τὴν</span> <span class='ocrx_word' id='word_1_143' title='bbox 1127 2068 1225 2159; x_wconf 74' lang='grc' dir='ltr'><strong><em>ἁγίαν</em></strong></span> <span class='ocrx_word' id='word_1_144' title='bbox 1239 2078 1299 2139; x_wconf 88' lang='grc' dir='ltr'>τοῦ</span> <span class='ocrx_word' id='word_1_145' title='bbox 1314 2068 1382 2152; x_wconf 83' lang='grc' dir='ltr'><strong><em>είς-</em></strong></span> 
     </span>
     <span class='ocr_line' id='line_1_17' title="bbox 105 2170 1382 2262; baseline 0 -22"><span class='ocrx_word' id='word_1_146' title='bbox 105 2173 182 2241; x_wconf 75' lang='lat' dir='ltr'>odor</span> <span class='ocrx_word' id='word_1_147' title='bbox 204 2170 254 2252; x_wconf 86' lang='grc' dir='ltr'><strong><em>είς</em></strong></span> <span class='ocrx_word' id='word_1_148' title='bbox 274 2176 392 2240; x_wconf 81' lang='grc' dir='ltr'><strong><em>τοῦτον</em></strong></span> <span class='ocrx_word' id='word_1_149' title='bbox 412 2173 470 2240; x_wconf 85' lang='grc' dir='ltr'>τὸν</span> <span class='ocrx_word' id='word_1_150' title='bbox 491 2170 638 2258; x_wconf 86' lang='grc' dir='ltr'><strong><em>Κόσμον.</em></strong></span> <span class='ocrx_word' id='word_1_151' title='bbox 665 2175 736 2242; x_wconf 81' lang='grc' dir='ltr'>Διὰ</span> <span class='ocrx_word' id='word_1_152' title='bbox 757 2173 796 2240; x_wconf 86' lang='grc' dir='ltr'>τὸ</span> <span class='ocrx_word' id='word_1_153' title='bbox 818 2170 939 2242; x_wconf 79' lang='grc' dir='ltr'><strong><em>ὁποῖον</em></strong></span> <span class='ocrx_word' id='word_1_154' title='bbox 960 2170 1064 2254; x_wconf 68' lang='grc' dir='ltr'><strong><em>εὐθὺς</em></strong></span> <span class='ocrx_word' id='word_1_155' title='bbox 1085 2170 1275 2262; x_wconf 85' lang='grc' dir='ltr'><strong><em>είςφέρεται</em></strong></span> <span class='ocrx_word' id='word_1_156' title='bbox 1294 2172 1382 2258; x_wconf 79' lang='grc' dir='ltr'><strong><em>μετὰ</em></strong></span> 
     </span>
     <span class='ocr_line' id='line_1_18' title="bbox 105 2269 1379 2364; baseline -0.001 -21"><span class='ocrx_word' id='word_1_157' title='bbox 105 2273 242 2358; x_wconf 81' lang='grc' dir='ltr'><em>μέλους,</em></span> <span class='ocrx_word' id='word_1_158' title='bbox 269 2273 327 2342; x_wconf 83' lang='grc' dir='ltr'>καί</span> <span class='ocrx_word' id='word_1_159' title='bbox 353 2269 521 2362; x_wconf 81' lang='grc' dir='ltr'><strong><em>ὖμνῳδίας</em></strong></span> <span class='ocrx_word' id='word_1_160' title='bbox 549 2269 684 2364; x_wconf 76' lang='grc' dir='ltr'><strong><em>ἁπάσης</em></strong></span> <span class='ocrx_word' id='word_1_161' title='bbox 711 2271 917 2363; x_wconf 75' lang='grc' dir='ltr'><strong><em>(ἐξάρχοντος</em></strong></span> <span class='ocrx_word' id='word_1_162' title='bbox 942 2281 1002 2344; x_wconf 89' lang='grc' dir='ltr'>τοῦ</span> <span class='ocrx_word' id='word_1_163' title='bbox 1030 2271 1195 2344; x_wconf 81' lang='grc' dir='ltr'><strong><em>ίντινικίου</em></strong></span> <span class='ocrx_word' id='word_1_164' title='bbox 1222 2281 1379 2356; x_wconf 83' lang='grc' dir='ltr'><strong><em>παιᾶνος,</em></strong></span> 
     </span>
     <span class='ocr_line' id='line_1_19' title="bbox 105 2371 1383 2465; baseline 0.001 -22"><span class='ocrx_word' id='word_1_165' title='bbox 105 2375 159 2444; x_wconf 78' lang='grc' dir='ltr'>καί</span> <span class='ocrx_word' id='word_1_166' title='bbox 185 2381 247 2463; x_wconf 80' lang='grc' dir='ltr'>τῆς</span> <span class='ocrx_word' id='word_1_167' title='bbox 273 2371 440 2465; x_wconf 77' lang='grc' dir='ltr'><strong><em>εὐφημίας</em></strong></span> <span class='ocrx_word' id='word_1_168' title='bbox 465 2382 525 2444; x_wconf 87' lang='grc' dir='ltr'>τοῦ</span> <span class='ocrx_word' id='word_1_169' title='bbox 551 2371 756 2464; x_wconf 77' lang='grc' dir='ltr'><strong><em>Ἀρχιερὲως)</em></strong></span> <span class='ocrx_word' id='word_1_170' title='bbox 784 2375 839 2456; x_wconf 85' lang='grc' dir='ltr'>τὸ,</span> <span class='ocrx_word' id='word_1_171' title='bbox 868 2381 975 2445; x_wconf 86' lang='grc' dir='ltr'><strong><em>Δεῦτε</em></strong></span> <span class='ocrx_word' id='word_1_172' title='bbox 1003 2372 1295 2465; x_wconf 74' lang='grc' dir='ltr'><strong><em>προςκονήσωμεν,</em></strong></span> <span class='ocrx_word' id='word_1_173' title='bbox 1323 2373 1383 2444; x_wconf 81' lang='grc' dir='ltr'>καί</span> 
     </span>
     <span class='ocr_line' id='line_1_20' title="bbox 105 2474 1379 2566; baseline 0.001 -23"><span class='ocrx_word' id='word_1_174' title='bbox 105 2475 347 2566; x_wconf 75' lang='grc' dir='ltr'><strong><em>αρσςτιέσανμεν</em></strong></span> <span class='ocrx_word' id='word_1_175' title='bbox 367 2483 522 2565; x_wconf 80' lang='grc' dir='ltr'><strong><em>Χριστῷ·</em></strong></span> <span class='ocrx_word' id='word_1_176' title='bbox 543 2481 659 2545; x_wconf 84' lang='grc' dir='ltr'><strong><em>Σῶσον</em></strong></span> <span class='ocrx_word' id='word_1_177' title='bbox 680 2474 768 2565; x_wconf 80' lang='grc' dir='ltr'><strong><em>ἡμᾶς</em></strong></span> <span class='ocrx_word' id='word_1_178' title='bbox 794 2475 852 2546; x_wconf 80' lang='grc' dir='ltr'>Υίὲ</span> <span class='ocrx_word' id='word_1_179' title='bbox 876 2483 959 2548; x_wconf 82' lang='grc' dir='ltr'><strong><em>Θεῦ·</em></strong></span> <span class='ocrx_word' id='word_1_180' title='bbox 988 2478 1073 2546; x_wconf 83' lang='grc' dir='ltr'><strong><em>κατὰ</em></strong></span> <span class='ocrx_word' id='word_1_181' title='bbox 1094 2478 1132 2544; x_wconf 87' lang='grc' dir='ltr'>τὸ</span> <span class='ocrx_word' id='word_1_182' title='bbox 1154 2477 1251 2566; x_wconf 78' lang='grc' dir='ltr'><strong><em>ῥητὸν</em></strong></span> <span class='ocrx_word' id='word_1_183' title='bbox 1274 2475 1379 2546; x_wconf 67' lang='grc' dir='ltr'><strong><em>ἐκεῖνο</em></strong></span> 
     </span>
     <span class='ocr_line' id='line_1_21' title="bbox 106 2573 1382 2669; baseline 0.001 -24"><span class='ocrx_word' id='word_1_184' title='bbox 106 2584 163 2648; x_wconf 90' lang='grc' dir='ltr'>τοῦ</span> <span class='ocrx_word' id='word_1_185' title='bbox 183 2573 323 2658; x_wconf 79' lang='grc' dir='ltr'><strong><em>σκεύους</em></strong></span> <span class='ocrx_word' id='word_1_186' title='bbox 344 2583 403 2666; x_wconf 74' lang='grc' dir='ltr'>τῆς</span> <span class='ocrx_word' id='word_1_187' title='bbox 422 2573 575 2665; x_wconf 78' lang='grc' dir='ltr'><strong><em>Ἐκλογῆς</em></strong></span> <span class='ocrx_word' id='word_1_188' title='bbox 595 2577 682 2664; x_wconf 85' lang='grc' dir='ltr'><strong><em>πρὸς</em></strong></span> <span class='ocrx_word' id='word_1_189' title='bbox 700 2575 786 2664; x_wconf 58' lang='lat' dir='ltr'>‘Eds</span> <span class='ocrx_word' id='word_1_190' title='bbox 810 2577 852 2648; x_wconf 82' lang='grc' dir='ltr'>α’.</span> <span class='ocrx_word' id='word_1_191' title='bbox 866 2577 971 2648; x_wconf 69' lang='grc' dir='ltr'><strong><em>’Όταν</em></strong></span> <span class='ocrx_word' id='word_1_192' title='bbox 994 2580 1031 2650; x_wconf 79' lang='grc' dir='ltr'>δὲ</span> <span class='ocrx_word' id='word_1_193' title='bbox 1047 2577 1200 2669; x_wconf 72' lang='grc' dir='ltr'><strong><em>είςαγοίρῃ</em></strong></span> <span class='ocrx_word' id='word_1_194' title='bbox 1215 2576 1273 2645; x_wconf 87' lang='grc' dir='ltr'>τὸν</span> <span class='ocrx_word' id='word_1_195' title='bbox 1287 2603 1382 2666; x_wconf 83' lang='grc' dir='ltr'><strong><em>πρω-</em></strong></span> 
     </span>
     <span class='ocr_line' id='line_1_22' title="bbox 106 2673 1382 2772; baseline -0.002 -24"><span class='ocrx_word' id='word_1_196' title='bbox 106 2678 241 2750; x_wconf 84' lang='grc' dir='ltr'><strong><em>τότοκον</em></strong></span> <span class='ocrx_word' id='word_1_197' title='bbox 262 2673 312 2759; x_wconf 78' lang='grc' dir='ltr'><strong><em>είς</em></strong></span> <span class='ocrx_word' id='word_1_198' title='bbox 331 2679 391 2767; x_wconf 76' lang='grc' dir='ltr'>τὴν</span> <span class='ocrx_word' id='word_1_199' title='bbox 409 2675 620 2768; x_wconf 78' lang='grc' dir='ltr'><strong><em>Οἰκουμένην,</em></strong></span> <span class='ocrx_word' id='word_1_200' title='bbox 643 2677 742 2767; x_wconf 75' lang='grc' dir='ltr'><strong><em>ίέγει.</em></strong></span> <span class='ocrx_word' id='word_1_201' title='bbox 766 2681 837 2748; x_wconf 83' lang='grc' dir='ltr'>Καί</span> <span class='ocrx_word' id='word_1_202' title='bbox 857 2677 1176 2772; x_wconf 77' lang='grc' dir='ltr'><strong><em>προςκονησοίτωσαν</em></strong></span> <span class='ocrx_word' id='word_1_203' title='bbox 1191 2675 1281 2769; x_wconf 81' lang='grc' dir='ltr'><strong><em>αὐτῷ</em></strong></span> <span class='ocrx_word' id='word_1_204' title='bbox 1295 2677 1382 2747; x_wconf 83' lang='grc' dir='ltr'><strong><em>ποίν-</em></strong></span> 
     </span>
     <span class='ocr_line' id='line_1_23' title="bbox 107 2775 1466 2871; baseline -0.001 -21"><span class='ocrx_word' id='word_1_205' title='bbox 107 2807 158 2863; x_wconf 84' lang='grc' dir='ltr'><strong><em>τες</em></strong></span> <span class='ocrx_word' id='word_1_206' title='bbox 176 2775 336 2868; x_wconf 72' lang='grc' dir='ltr'><strong><em>’Ἄγγελοι</em></strong></span> <span class='ocrx_word' id='word_1_207' title='bbox 366 2785 464 2850; x_wconf 85' lang='grc' dir='ltr'><strong><em>Θεοῦ.</em></strong></span> <span class='ocrx_word' id='word_1_208' title='bbox 507 2779 577 2848; x_wconf 84' lang='grc' dir='ltr'>Καί</span> <span class='ocrx_word' id='word_1_209' title='bbox 610 2781 718 2866; x_wconf 59' lang='lat' dir='ltr'>usurp.</span> <span class='ocrx_word' id='word_1_210' title='bbox 749 2779 804 2864; x_wconf 84' lang='grc' dir='ltr'><strong><em>ξε’.</em></strong></span> <span class='ocrx_word' id='word_1_211' title='bbox 840 2789 945 2851; x_wconf 84' lang='grc' dir='ltr'><strong><em>Πᾶσα</em></strong></span> <span class='ocrx_word' id='word_1_212' title='bbox 980 2779 999 2871; x_wconf 77' lang='grc' dir='ltr'><strong><em>ἡ</em></strong></span> <span class='ocrx_word' id='word_1_213' title='bbox 1033 2787 1075 2870; x_wconf 78' lang='grc' dir='ltr'>γῆ</span> <span class='ocrx_word' id='word_1_214' title='bbox 1106 2779 1384 2870; x_wconf 81' lang='grc' dir='ltr'><strong><em>προςκονηοοίτω-</em></strong></span> <span class='ocrx_word' id='word_1_215' title='bbox 1462 2788 1466 2794; x_wconf 81' lang='grc'><em>“</em></span> 
     </span>
     <span class='ocr_line' id='line_1_24' title="bbox 106 2878 1382 2972; baseline -0.001 -21"><span class='ocrx_word' id='word_1_216' title='bbox 106 2881 166 2952; x_wconf 88' lang='grc' dir='ltr'><strong><em>σα’ν</em></strong></span> <span class='ocrx_word' id='word_1_217' title='bbox 194 2906 268 2963; x_wconf 87' lang='grc' dir='ltr'><strong><em>σοι,</em></strong></span> <span class='ocrx_word' id='word_1_218' title='bbox 300 2881 358 2950; x_wconf 85' lang='grc' dir='ltr'>καί</span> <span class='ocrx_word' id='word_1_219' title='bbox 389 2878 610 2970; x_wconf 80' lang='grc' dir='ltr'><strong><em>ψαλλέτωσάν</em></strong></span> <span class='ocrx_word' id='word_1_220' title='bbox 642 2906 708 2951; x_wconf 91' lang='grc' dir='ltr'><strong><em>σοι.</em></strong></span> <span class='ocrx_word' id='word_1_221' title='bbox 757 2883 980 2952; x_wconf 64' lang='lat' dir='ltr'>staturum</span> <span class='ocrx_word' id='word_1_222' title='bbox 1009 2885 1048 2972; x_wconf 77' lang='grc' dir='ltr'>δὴ</span> <span class='ocrx_word' id='word_1_223' title='bbox 1077 2889 1127 2971; x_wconf 74' lang='lat' dir='ltr'>api</span> <span class='ocrx_word' id='word_1_224' title='bbox 1153 2879 1295 2968; x_wconf 82' lang='grc' dir='ltr'><strong><em>ὀνόματί</em></strong></span> <span class='ocrx_word' id='word_1_225' title='bbox 1320 2906 1382 2952; x_wconf 86' lang='grc' dir='ltr'>σου</span> 
     </span>
     <span class='ocr_line' id='line_1_25' title="bbox 99 2982 584 3076; baseline -0.002 -24"><span class='ocrx_word' id='word_1_226' title='bbox 99 2982 254 3076; x_wconf 79' lang='grc' dir='ltr'><strong><em>Ὕψιστε.</em></strong></span> <span class='ocrx_word' id='word_1_227' title='bbox 578 2996 584 3005; x_wconf 86' lang='grc'><em>“</em></span> 
     </span>
    </p>

    <p class='ocr_par' dir='ltr' id='par_1_4' title="bbox 109 3087 1384 4188">
     <span class='ocr_line' id='line_1_26' title="bbox 189 3087 1382 3170; baseline -0.004 -15"><span class='ocrx_word' id='word_1_228' title='bbox 189 3087 379 3154; x_wconf 80' lang='grc' dir='ltr'><strong><em>Ροσῑίίίσείίε</em></strong></span> <span class='ocrx_word' id='word_1_229' title='bbox 401 3087 510 3150; x_wconf 81' lang='lat' dir='ltr'>Missae</span> <span class='ocrx_word' id='word_1_230' title='bbox 539 3087 675 3152; x_wconf 87' lang='lat' dir='ltr'>ordinem</span> <span class='ocrx_word' id='word_1_231' title='bbox 699 3089 822 3170; x_wconf 84' lang='lat' dir='ltr'>exponit</span> <span class='ocrx_word' id='word_1_232' title='bbox 843 3090 975 3164; x_wconf 84' lang='lat' dir='ltr'>Simeon,</span> <span class='ocrx_word' id='word_1_233' title='bbox 1006 3088 1240 3151; x_wconf 81' lang='lat' dir='ltr'>Thessalonicae</span> <span class='ocrx_word' id='word_1_234' title='bbox 1262 3090 1382 3170; x_wconf 88' lang='lat' dir='ltr'>episco-</span> 
     </span>
     <span class='ocr_line' id='line_1_27' title="bbox 109 3189 1381 3274; baseline -0.002 -19"><span class='ocrx_word' id='word_1_235' title='bbox 109 3211 172 3274; x_wconf 89' lang='lat' dir='ltr'>pus.</span> <span class='ocrx_word' id='word_1_236' title='bbox 216 3191 366 3253; x_wconf 85' lang='lat' dir='ltr'>Pontifics</span> <span class='ocrx_word' id='word_1_237' title='bbox 394 3190 547 3252; x_wconf 87' lang='lat' dir='ltr'>orationes</span> <span class='ocrx_word' id='word_1_238' title='bbox 576 3190 661 3260; x_wconf 82' lang='lat' dir='ltr'>soris,</span> <span class='ocrx_word' id='word_1_239' title='bbox 689 3191 720 3252; x_wconf 93' lang='lat' dir='ltr'>in</span> <span class='ocrx_word' id='word_1_240' title='bbox 750 3189 817 3253; x_wconf 89' lang='lat' dir='ltr'>ioco</span> <span class='ocrx_word' id='word_1_241' title='bbox 847 3190 897 3253; x_wconf 90' lang='lat' dir='ltr'>ubi</span> <span class='ocrx_word' id='word_1_242' title='bbox 919 3191 1049 3272; x_wconf 89' lang='lat' dir='ltr'>primum</span> <span class='ocrx_word' id='word_1_243' title='bbox 1072 3191 1168 3252; x_wconf 87' lang='lat' dir='ltr'>sacris</span> <span class='ocrx_word' id='word_1_244' title='bbox 1190 3189 1325 3253; x_wconf 83' lang='lat' dir='ltr'>vestibus</span> <span class='ocrx_word' id='word_1_245' title='bbox 1347 3207 1381 3252; x_wconf 84' lang='lat' dir='ltr'>so</span> 
     </span>
     <span class='ocr_line' id='line_1_28' title="bbox 109 3289 1381 3372; baseline -0.002 -17"><span class='ocrx_word' id='word_1_246' title='bbox 109 3293 231 3364; x_wconf 82' lang='lat' dir='ltr'>ornavit,</span> <span class='ocrx_word' id='word_1_247' title='bbox 255 3290 440 3372; x_wconf 83' lang='lat' dir='ltr'>perficiente,</span> <span class='ocrx_word' id='word_1_248' title='bbox 464 3291 584 3354; x_wconf 89' lang='lat' dir='ltr'>adstant</span> <span class='ocrx_word' id='word_1_249' title='bbox 606 3292 633 3356; x_wconf 89' lang='lat' dir='ltr'>ei</span> <span class='ocrx_word' id='word_1_250' title='bbox 656 3291 792 3358; x_wconf 76' lang='lat' dir='ltr'>diaconi.</span> <span class='ocrx_word' id='word_1_251' title='bbox 821 3292 1001 3354; x_wconf 88' lang='lat' dir='ltr'>Sacerdotes</span> <span class='ocrx_word' id='word_1_252' title='bbox 1023 3310 1105 3363; x_wconf 82' lang='lat' dir='ltr'>aero,</span> <span class='ocrx_word' id='word_1_253' title='bbox 1128 3290 1179 3370; x_wconf 88' lang='lat' dir='ltr'>qui</span> <span class='ocrx_word' id='word_1_254' title='bbox 1201 3290 1278 3353; x_wconf 87' lang='lat' dir='ltr'>intro</span> <span class='ocrx_word' id='word_1_255' title='bbox 1302 3289 1381 3353; x_wconf 86' lang='lat' dir='ltr'>sacri</span> 
     </span>
     <span class='ocr_line' id='line_1_29' title="bbox 109 3383 1382 3477; baseline -0.005 -19"><span class='ocrx_word' id='word_1_256' title='bbox 109 3394 267 3459; x_wconf 83' lang='lat' dir='ltr'>tribunalis</span> <span class='ocrx_word' id='word_1_257' title='bbox 289 3391 401 3455; x_wconf 89' lang='lat' dir='ltr'>limites</span> <span class='ocrx_word' id='word_1_258' title='bbox 423 3391 554 3455; x_wconf 80' lang='lat' dir='ltr'>existunt</span> <span class='ocrx_word' id='word_1_259' title='bbox 576 3393 666 3456; x_wconf 85' lang='lat' dir='ltr'>etiam</span> <span class='ocrx_word' id='word_1_260' title='bbox 689 3393 800 3473; x_wconf 80' lang='lat' dir='ltr'>stipsi</span> <span class='ocrx_word' id='word_1_261' title='bbox 823 3393 976 3456; x_wconf 85' lang='lat' dir='ltr'>orationes</span> <span class='ocrx_word' id='word_1_262' title='bbox 999 3393 1076 3468; x_wconf 81' lang='grc' dir='ltr'><strong><em>(τῶν</em></strong></span> <span class='ocrx_word' id='word_1_263' title='bbox 1098 3383 1306 3477; x_wconf 75' lang='grc' dir='ltr'><strong><em>ἀντιφώνων)</em></strong></span> <span class='ocrx_word' id='word_1_264' title='bbox 1322 3400 1382 3453; x_wconf 91' lang='lat' dir='ltr'>ter·</span> 
     </span>
     <span class='ocr_line' id='line_1_30' title="bbox 109 3491 1382 3567; baseline -0.003 -9"><span class='ocrx_word' id='word_1_265' title='bbox 109 3497 231 3560; x_wconf 81' lang='lat' dir='ltr'>minant</span> <span class='ocrx_word' id='word_1_266' title='bbox 266 3495 342 3556; x_wconf 83' lang='lat' dir='ltr'>Tum</span> <span class='ocrx_word' id='word_1_267' title='bbox 365 3492 521 3558; x_wconf 82' lang='lat' dir='ltr'>sollemnis</span> <span class='ocrx_word' id='word_1_268' title='bbox 544 3495 709 3557; x_wconf 86' lang='lat' dir='ltr'>instituitur</span> <span class='ocrx_word' id='word_1_269' title='bbox 725 3495 935 3567; x_wconf 76' lang='lat' dir='ltr'>diaconorum,</span> <span class='ocrx_word' id='word_1_270' title='bbox 957 3494 1155 3556; x_wconf 87' lang='lat' dir='ltr'>Sacerdotum</span> <span class='ocrx_word' id='word_1_271' title='bbox 1170 3503 1200 3554; x_wconf 89' lang='lat' dir='ltr'>et</span> <span class='ocrx_word' id='word_1_272' title='bbox 1214 3491 1382 3566; x_wconf 84' lang='lat' dir='ltr'>Pontifiois,</span> 
     </span>
     <span class='ocr_line' id='line_1_31' title="bbox 110 3595 1384 3677; baseline -0.002 -18"><span class='ocrx_word' id='word_1_273' title='bbox 110 3597 283 3660; x_wconf 83' lang='lat' dir='ltr'>altieoonis</span> <span class='ocrx_word' id='word_1_274' title='bbox 305 3595 467 3658; x_wconf 85' lang='lat' dir='ltr'>hincinde</span> <span class='ocrx_word' id='word_1_275' title='bbox 490 3597 602 3660; x_wconf 75' lang='lat' dir='ltr'>suffuiti</span> <span class='ocrx_word' id='word_1_276' title='bbox 626 3596 792 3677; x_wconf 83' lang='lat' dir='ltr'>processio.</span> <span class='ocrx_word' id='word_1_277' title='bbox 821 3597 1007 3660; x_wconf 87' lang='lat' dir='ltr'>Praecedunt</span> <span class='ocrx_word' id='word_1_278' title='bbox 1029 3595 1118 3665; x_wconf 84' lang='lat' dir='ltr'>cerei,</span> <span class='ocrx_word' id='word_1_279' title='bbox 1141 3603 1261 3658; x_wconf 83' lang='lat' dir='ltr'>cautam</span> <span class='ocrx_word' id='word_1_280' title='bbox 1282 3611 1384 3658; x_wconf 86' lang='lat' dir='ltr'>socer·</span> 
     </span>
     <span class='ocr_line' id='line_1_32' title="bbox 111 3691 1384 3782; baseline -0.002 -22"><span class='ocrx_word' id='word_1_281' title='bbox 111 3699 192 3762; x_wconf 88' lang='lat' dir='ltr'>dotes</span> <span class='ocrx_word' id='word_1_282' title='bbox 216 3691 274 3761; x_wconf 92' lang='grc' dir='ltr'>τό·</span> <span class='ocrx_word' id='word_1_283' title='bbox 298 3693 392 3760; x_wconf 83' lang='grc' dir='ltr'><strong><em>δεῦτε</em></strong></span> <span class='ocrx_word' id='word_1_284' title='bbox 407 3691 681 3782; x_wconf 70' lang='grc' dir='ltr'><strong><em>προςευνήοωμεν</em></strong></span> <span class='ocrx_word' id='word_1_285' title='bbox 694 3695 774 3773; x_wconf 85' lang='grc' dir='ltr'><strong><em>κτλ.,</em></strong></span> <span class='ocrx_word' id='word_1_286' title='bbox 797 3698 949 3778; x_wconf 84' lang='lat' dir='ltr'>excipiunt</span> <span class='ocrx_word' id='word_1_287' title='bbox 963 3715 1068 3760; x_wconf 91' lang='lat' dir='ltr'>omnes</span> <span class='ocrx_word' id='word_1_288' title='bbox 1084 3697 1261 3778; x_wconf 85' lang='lat' dir='ltr'>episcopum</span> <span class='ocrx_word' id='word_1_289' title='bbox 1276 3695 1384 3760; x_wconf 81' lang='lat' dir='ltr'>faustis</span> 
     </span>
     <span class='ocr_line' id='line_1_33' title="bbox 111 3791 1382 3884; baseline -0.002 -22"><span class='ocrx_word' id='word_1_290' title='bbox 111 3798 375 3864; x_wconf 84' lang='lat' dir='ltr'>acclamationibus</span> <span class='ocrx_word' id='word_1_291' title='bbox 387 3797 409 3874; x_wconf 81' lang='lat'>²)</span> <span class='ocrx_word' id='word_1_292' title='bbox 443 3794 566 3872; x_wconf 82' lang='grc' dir='ltr'><strong><em>(πολλὰ</em></strong></span> <span class='ocrx_word' id='word_1_293' title='bbox 588 3791 656 3884; x_wconf 79' lang='grc' dir='ltr'>ἔτη)</span> <span class='ocrx_word' id='word_1_294' title='bbox 679 3799 839 3878; x_wconf 78' lang='lat' dir='ltr'>Evangelio</span> <span class='ocrx_word' id='word_1_295' title='bbox 863 3799 900 3861; x_wconf 89' lang='lat' dir='ltr'>ab</span> <span class='ocrx_word' id='word_1_296' title='bbox 922 3798 1074 3880; x_wconf 84' lang='lat' dir='ltr'>Episcopo</span> <span class='ocrx_word' id='word_1_297' title='bbox 1098 3798 1221 3861; x_wconf 87' lang='lat' dir='ltr'>ioannis</span> <span class='ocrx_word' id='word_1_298' title='bbox 1243 3815 1316 3860; x_wconf 84' lang='lat' dir='ltr'>roos</span> <span class='ocrx_word' id='word_1_299' title='bbox 1338 3796 1382 3860; x_wconf 88' lang='lat' dir='ltr'>io.</span> 
     </span>
     <span class='ocr_line' id='line_1_34' title="bbox 113 3891 1382 3982; baseline -0.002 -18"><span class='ocrx_word' id='word_1_300' title='bbox 113 3907 138 3975; x_wconf 84' lang='lat'>1,</span> <span class='ocrx_word' id='word_1_301' title='bbox 154 3904 193 3966; x_wconf 80' lang='lat'>29</span> <span class='ocrx_word' id='word_1_302' title='bbox 224 3901 354 3963; x_wconf 83' lang='lat' dir='ltr'>saturato</span> <span class='ocrx_word' id='word_1_303' title='bbox 384 3910 415 3962; x_wconf 86' lang='lat' dir='ltr'>ot</span> <span class='ocrx_word' id='word_1_304' title='bbox 436 3919 490 3980; x_wconf 92' lang='lat' dir='ltr'>per</span> <span class='ocrx_word' id='word_1_305' title='bbox 514 3901 671 3964; x_wconf 89' lang='lat' dir='ltr'>ecclesiam</span> <span class='ocrx_word' id='word_1_306' title='bbox 694 3900 794 3962; x_wconf 88' lang='lat' dir='ltr'>deiato</span> <span class='ocrx_word' id='word_1_307' title='bbox 817 3919 923 3962; x_wconf 89' lang='lat' dir='ltr'>omnes</span> <span class='ocrx_word' id='word_1_308' title='bbox 945 3899 1076 3962; x_wconf 89' lang='lat' dir='ltr'>subeunt</span> <span class='ocrx_word' id='word_1_309' title='bbox 1096 3895 1135 3962; x_wconf 89' lang='grc' dir='ltr'>τὸ</span> <span class='ocrx_word' id='word_1_310' title='bbox 1157 3891 1252 3982; x_wconf 75' lang='grc' dir='ltr'><strong><em>ἅγιον</em></strong></span> <span class='ocrx_word' id='word_1_311' title='bbox 1272 3899 1382 3982; x_wconf 65' lang='lat' dir='ltr'>drino:</span> 
     </span>
     <span class='ocr_line' id='line_1_35' title="bbox 111 3993 1383 4086; baseline -0.005 -22"><span class='ocrx_word' id='word_1_312' title='bbox 111 4001 246 4068; x_wconf 83' lang='lat' dir='ltr'>Pontiiex</span> <span class='ocrx_word' id='word_1_313' title='bbox 274 4020 345 4064; x_wconf 79' lang='lat' dir='ltr'>nero</span> <span class='ocrx_word' id='word_1_314' title='bbox 373 4020 461 4064; x_wconf 88' lang='lat' dir='ltr'>cereo</span> <span class='ocrx_word' id='word_1_315' title='bbox 488 4001 606 4065; x_wconf 83' lang='lat' dir='ltr'>oisutco</span> <span class='ocrx_word' id='word_1_316' title='bbox 635 3993 795 4086; x_wconf 81' lang='grc' dir='ltr'><strong><em>(δικηρίῳ)</em></strong></span> <span class='ocrx_word' id='word_1_317' title='bbox 817 4003 917 4081; x_wconf 74' lang='lat' dir='ltr'>signat</span> <span class='ocrx_word' id='word_1_318' title='bbox 938 4001 1141 4080; x_wconf 74' lang='lat' dir='ltr'>Evangeiium</span> <span class='ocrx_word' id='word_1_319' title='bbox 1164 3998 1265 4080; x_wconf 84' lang='lat' dir='ltr'>itaque</span> <span class='ocrx_word' id='word_1_320' title='bbox 1287 3997 1383 4060; x_wconf 90' lang='lat' dir='ltr'>mani·</span> 
     </span>
     <span class='ocr_line' id='line_1_36' title="bbox 111 4090 1384 4188; baseline -0.002 -25"><span class='ocrx_word' id='word_1_321' title='bbox 111 4103 196 4166; x_wconf 82' lang='lat' dir='ltr'>iestat</span> <span class='ocrx_word' id='word_1_322' title='bbox 217 4097 302 4186; x_wconf 68' lang='lat' dir='ltr'>„adr</span> <span class='ocrx_word' id='word_1_323' title='bbox 323 4094 516 4188; x_wconf 79' lang='grc' dir='ltr'><strong><em>φωταυγίαν</em></strong></span> <span class='ocrx_word' id='word_1_324' title='bbox 539 4098 598 4166; x_wconf 77' lang='grc' dir='ltr'>διὰ</span> <span class='ocrx_word' id='word_1_325' title='bbox 618 4105 678 4186; x_wconf 83' lang='grc' dir='ltr'>τῆς</span> <span class='ocrx_word' id='word_1_326' title='bbox 700 4096 989 4188; x_wconf 71' lang='grc' dir='ltr'><strong><em>ίνανθρωττήσεανς</em></strong></span> <span class='ocrx_word' id='word_1_327' title='bbox 1009 4104 1069 4168; x_wconf 87' lang='grc' dir='ltr'>τοῦ</span> <span class='ocrx_word' id='word_1_328' title='bbox 1090 4099 1233 4187; x_wconf 79' lang='grc' dir='ltr'><strong><em>διφυοῦς</em></strong></span> <span class='ocrx_word' id='word_1_329' title='bbox 1244 4090 1384 4184; x_wconf 77' lang='grc' dir='ltr'><strong><em>Ἰησοῦ.“</em></strong></span> 
     </span>
    </p>
   </div>
   <div class='ocr_carea' id='block_1_4' title="bbox 114 4347 1385 4760">
    <p class='ocr_par' dir='ltr' id='par_1_5' title="bbox 114 4347 1385 4508">
     <span class='ocr_line' id='line_1_37' title="bbox 194 4347 1385 4422; baseline -0.008 -10"><span class='ocrx_word' id='word_1_330' title='bbox 194 4361 220 4420; x_wconf 83' lang='grc'>1)</span> <span class='ocrx_word' id='word_1_331' title='bbox 249 4359 334 4410; x_wconf 76' lang='lat' dir='ltr'>Oratio</span> <span class='ocrx_word' id='word_1_332' title='bbox 352 4358 415 4410; x_wconf 85' lang='lat' dir='ltr'>tertii</span> <span class='ocrx_word' id='word_1_333' title='bbox 433 4357 576 4422; x_wconf 72' lang='lat' dir='ltr'>Antiphoni:</span> <span class='ocrx_word' id='word_1_334' title='bbox 594 4348 609 4406; x_wconf 89' lang='lat' dir='ltr'>d</span> <span class='ocrx_word' id='word_1_335' title='bbox 627 4350 675 4412; x_wconf 80' lang='lat' dir='ltr'>noir</span> <span class='ocrx_word' id='word_1_336' title='bbox 691 4350 785 4414; x_wconf 73' lang='grc' dir='ltr'><strong><em>κοινὰς</em></strong></span> <span class='ocrx_word' id='word_1_337' title='bbox 801 4347 901 4413; x_wconf 76' lang='grc' dir='ltr'><strong><em>ταύτας</em></strong></span> <span class='ocrx_word' id='word_1_338' title='bbox 917 4353 973 4408; x_wconf 76' lang='lat' dir='ltr'>art.</span> <span class='ocrx_word' id='word_1_339' title='bbox 992 4365 1087 4422; x_wconf 78' lang='lat' dir='ltr'>recepte</span> <span class='ocrx_word' id='word_1_340' title='bbox 1104 4362 1143 4406; x_wconf 80' lang='lat' dir='ltr'>est</span> <span class='ocrx_word' id='word_1_341' title='bbox 1160 4355 1184 4406; x_wconf 92' lang='lat' dir='ltr'>iu</span> <span class='ocrx_word' id='word_1_342' title='bbox 1202 4351 1315 4419; x_wconf 82' lang='lat' dir='ltr'>precibus</span> <span class='ocrx_word' id='word_1_343' title='bbox 1332 4363 1385 4402; x_wconf 86' lang='lat' dir='ltr'>ma·</span> 
     </span>
     <span class='ocr_line' id='line_1_38' title="bbox 114 4441 1005 4508; baseline 0.002 -18"><span class='ocrx_word' id='word_1_344' title='bbox 114 4445 191 4496; x_wconf 84' lang='lat' dir='ltr'>tntiois</span> <span class='ocrx_word' id='word_1_345' title='bbox 209 4452 233 4494; x_wconf 88' lang='lat' dir='ltr'>et</span> <span class='ocrx_word' id='word_1_346' title='bbox 251 4443 394 4508; x_wconf 79' lang='lat' dir='ltr'>vespertinis</span> <span class='ocrx_word' id='word_1_347' title='bbox 411 4443 536 4506; x_wconf 67' lang='lat' dir='ltr'>Liternino</span> <span class='ocrx_word' id='word_1_348' title='bbox 549 4441 693 4506; x_wconf 74' lang='lat' dir='ltr'>dngiioanae</span> <span class='ocrx_word' id='word_1_349' title='bbox 711 4441 769 4493; x_wconf 83' lang='lat' dir='ltr'>eoo.</span> <span class='ocrx_word' id='word_1_350' title='bbox 788 4442 834 4494; x_wconf 81' lang='lat' dir='ltr'>tn.</span> <span class='ocrx_word' id='word_1_351' title='bbox 852 4442 893 4494; x_wconf 87' lang='grc' dir='ltr'>ΙΙΙ.</span> <span class='ocrx_word' id='word_1_352' title='bbox 912 4457 936 4508; x_wconf 91' lang='lat' dir='ltr'>p.</span> <span class='ocrx_word' id='word_1_353' title='bbox 947 4441 1005 4494; x_wconf 81' lang='lat'><strong>³58.</strong></span> 
     </span>
    </p>

    <p class='ocr_par' dir='ltr' id='par_1_6' title="bbox 115 4518 1385 4760">
     <span class='ocr_line' id='line_1_39' title="bbox 194 4518 1383 4591; baseline -0.008 -13"><span class='ocrx_word' id='word_1_354' title='bbox 194 4529 220 4588; x_wconf 75' lang='lat'>2)</span> <span class='ocrx_word' id='word_1_355' title='bbox 238 4528 443 4578; x_wconf 78' lang='lat' dir='ltr'>iiourawieii</span> <span class='ocrx_word' id='word_1_356' title='bbox 467 4527 583 4578; x_wconf 71' lang='lat' dir='ltr'>Moralt</span> <span class='ocrx_word' id='word_1_357' title='bbox 599 4540 624 4591; x_wconf 83' lang='lat' dir='ltr'>p.</span> <span class='ocrx_word' id='word_1_358' title='bbox 636 4525 681 4575; x_wconf 78' lang='lat' dir='ltr'>ts:</span> <span class='ocrx_word' id='word_1_359' title='bbox 701 4527 768 4588; x_wconf 84' lang='lat' dir='ltr'>„und</span> <span class='ocrx_word' id='word_1_360' title='bbox 787 4541 814 4577; x_wconf 88' lang='lat' dir='ltr'>er</span> <span class='ocrx_word' id='word_1_361' title='bbox 830 4534 957 4576; x_wconf 83' lang='lat' dir='ltr'>eutwortet</span> <span class='ocrx_word' id='word_1_362' title='bbox 976 4527 1020 4576; x_wconf 89' lang='lat' dir='ltr'>den</span> <span class='ocrx_word' id='word_1_363' title='bbox 1032 4523 1163 4584; x_wconf 78' lang='lat' dir='ltr'>Gitubigen</span> <span class='ocrx_word' id='word_1_364' title='bbox 1183 4522 1226 4572; x_wconf 91' lang='lat' dir='ltr'>mit</span> <span class='ocrx_word' id='word_1_365' title='bbox 1243 4518 1383 4570; x_wconf 88' lang='lat' dir='ltr'>demseiben</span> 
     </span>
     <span class='ocr_line' id='line_1_40' title="bbox 115 4603 1385 4674; baseline -0.003 -16"><span class='ocrx_word' id='word_1_366' title='bbox 115 4609 238 4673; x_wconf 72' lang='lat' dir='ltr'>winsten,</span> <span class='ocrx_word' id='word_1_367' title='bbox 262 4612 343 4662; x_wconf 83' lang='lat' dir='ltr'>indam</span> <span class='ocrx_word' id='word_1_368' title='bbox 362 4627 388 4662; x_wconf 90' lang='lat' dir='ltr'>er</span> <span class='ocrx_word' id='word_1_369' title='bbox 406 4613 449 4661; x_wconf 92' lang='lat' dir='ltr'>mit</span> <span class='ocrx_word' id='word_1_370' title='bbox 466 4611 521 4661; x_wconf 88' lang='lat' dir='ltr'>dem</span> <span class='ocrx_word' id='word_1_371' title='bbox 540 4611 743 4661; x_wconf 76' lang='lat' dir='ltr'>alienisomnrsten</span> <span class='ocrx_word' id='word_1_372' title='bbox 762 4609 846 4662; x_wconf 79' lang='lat' dir='ltr'>liniter</span> <span class='ocrx_word' id='word_1_373' title='bbox 863 4612 969 4674; x_wconf 74' lang='lat' dir='ltr'>anttngt,</span> <span class='ocrx_word' id='word_1_374' title='bbox 996 4608 1090 4660; x_wconf 76' lang='lat' dir='ltr'>morsui</span> <span class='ocrx_word' id='word_1_375' title='bbox 1105 4609 1149 4657; x_wconf 86' lang='lat' dir='ltr'>der</span> <span class='ocrx_word' id='word_1_376' title='bbox 1166 4607 1256 4658; x_wconf 74' lang='lat' dir='ltr'>diacon</span> <span class='ocrx_word' id='word_1_377' title='bbox 1274 4603 1323 4655; x_wconf 92' lang='lat' dir='ltr'>ond</span> <span class='ocrx_word' id='word_1_378' title='bbox 1341 4604 1385 4654; x_wconf 89' lang='lat' dir='ltr'>der</span> 
     </span>
     <span class='ocr_line' id='line_1_41' title="bbox 116 4692 781 4760; baseline 0.003 -18"><span class='ocrx_word' id='word_1_379' title='bbox 116 4692 235 4748; x_wconf 77' lang='lat' dir='ltr'>chordas</span> <span class='ocrx_word' id='word_1_380' title='bbox 253 4697 357 4760; x_wconf 71' lang='lat' dir='ltr'>Ueturiae</span> <span class='ocrx_word' id='word_1_381' title='bbox 375 4699 436 4749; x_wconf 84' lang='lat' dir='ltr'>nach</span> <span class='ocrx_word' id='word_1_382' title='bbox 454 4697 503 4746; x_wconf 85' lang='lat' dir='ltr'>ihm</span> <span class='ocrx_word' id='word_1_383' title='bbox 522 4695 572 4746; x_wconf 88' lang='lat' dir='ltr'>iant</span> <span class='ocrx_word' id='word_1_384' title='bbox 588 4693 781 4760; x_wconf 82' lang='lat' dir='ltr'>nossprertnsn.“</span> 
     </span>
    </p>
   </div>
   <div class='ocr_carea' id='block_1_5' title="bbox 0 0 1678 5302">
    <p class='ocr_par' dir='ltr' id='par_1_7' title="bbox 0 0 1678 5302">
     <span class='ocr_line' id='line_1_42' title="bbox 0 0 1678 5302; baseline 0 0"><span class='ocrx_word' id='word_1_385' title='bbox 0 0 1678 5302; x_wconf 95' lang='lat' dir='ltr'> </span> 
     </span>
    </p>
   </div>
  </div>
 </body>
</html>
