<?xml version="1.0" encoding="UTF-8"?>
<!DOCTYPE html PUBLIC "-//W3C//DTD XHTML 1.0 Transitional//EN"
    "http://www.w3.org/TR/xhtml1/DTD/xhtml1-transitional.dtd">
<html xmlns="http://www.w3.org/1999/xhtml" xml:lang="en" lang="en">
 <head>
  <title>
</title>
<meta http-equiv="Content-Type" content="text/html;charset=utf-8" />
  <meta name='ocr-system' content='tesseract 3.04.00' />
  <meta name='ocr-capabilities' content='ocr_page ocr_carea ocr_par ocr_line ocrx_word'/>
</head>
<body>
  <div class='ocr_page' id='page_1' title='image "./codexliturgicus04danigoog/codexliturgicus04danigoog_0024.png"; bbox 0 0 3394 5308; ppageno 0'>
   <div class='ocr_carea' id='block_1_1' title="bbox 692 410 737 484">
    <p class='ocr_par' dir='ltr' id='par_1_1' title="bbox 692 410 737 484">
     <span class='ocr_line' id='line_1_1' title="bbox 692 410 737 484; baseline 0.044 -2"><span class='ocrx_word' id='word_1_1' title='bbox 692 410 737 484; x_wconf 86' lang='lat'><strong><em>13</em></strong></span> 
     </span>
    </p>
   </div>
   <div class='ocr_carea' id='block_1_2' title="bbox 59 589 1354 782">
    <p class='ocr_par' dir='ltr' id='par_1_2' title="bbox 59 589 1354 782">
     <span class='ocr_line' id='line_1_2' title="bbox 59 589 1354 681; baseline 0.003 -21"><span class='ocrx_word' id='word_1_2' title='bbox 59 599 139 662; x_wconf 82' lang='grc' dir='ltr'><strong><em>τῶν</em></strong></span> <span class='ocrx_word' id='word_1_3' title='bbox 168 589 510 680; x_wconf 69' lang='grc' dir='ltr'><strong><em>ἀπομνημονεύμασιν,</em></strong></span> <span class='ocrx_word' id='word_1_4' title='bbox 533 590 556 660; x_wconf 86' lang='grc' dir='ltr'><strong><em>ἄ</em></strong></span> <span class='ocrx_word' id='word_1_5' title='bbox 576 594 726 662; x_wconf 87' lang='grc' dir='ltr'><strong><em>καλεῖται</em></strong></span> <span class='ocrx_word' id='word_1_6' title='bbox 747 589 932 681; x_wconf 87' lang='grc' dir='ltr'><strong><em>εῦαγγέλια,</em></strong></span> <span class='ocrx_word' id='word_1_7' title='bbox 958 590 1063 674; x_wconf 75' lang='grc' dir='ltr'><strong><em>οὕτως</em></strong></span> <span class='ocrx_word' id='word_1_8' title='bbox 1084 594 1280 680; x_wconf 76' lang='grc' dir='ltr'><strong><em>παρέδωκαν</em></strong></span> <span class='ocrx_word' id='word_1_9' title='bbox 1303 595 1354 664; x_wconf 75' lang='grc' dir='ltr'><strong><em>ἐν·</em></strong></span> 
     </span>
     <span class='ocr_line' id='line_1_3' title="bbox 61 689 1352 782; baseline 0.002 -19"><span class='ocrx_word' id='word_1_10' title='bbox 61 696 237 766; x_wconf 81' lang='grc' dir='ltr'><strong><em>τετάλθαι</em></strong></span> <span class='ocrx_word' id='word_1_11' title='bbox 258 689 371 774; x_wconf 86' lang='grc' dir='ltr'><strong><em>αῦτοῖς</em></strong></span> <span class='ocrx_word' id='word_1_12' title='bbox 392 693 451 762; x_wconf 89' lang='grc' dir='ltr'><strong><em>τὸν</em></strong></span> <span class='ocrx_word' id='word_1_13' title='bbox 468 689 601 782; x_wconf 80' lang='grc' dir='ltr'><strong><em>Ἰησοῦν,</em></strong></span> <span class='ocrx_word' id='word_1_14' title='bbox 633 694 778 782; x_wconf 74' lang='grc' dir='ltr'><strong><em>λαβόντα</em></strong></span> <span class='ocrx_word' id='word_1_15' title='bbox 799 692 899 782; x_wconf 89' lang='grc' dir='ltr'><strong><em>ἄρτον</em></strong></span> <span class='ocrx_word' id='word_1_16' title='bbox 927 691 1207 782; x_wconf 82' lang='grc' dir='ltr'><strong><em>εῦχαριστήσαντα</em></strong></span> <span class='ocrx_word' id='word_1_17' title='bbox 1228 697 1352 782; x_wconf 77' lang='grc' dir='ltr'><strong><em>εἰπεῖν·</em></strong></span> 
     </span>
    </p>
   </div>
   <div class='ocr_carea' id='block_1_3' title="bbox 65 793 1355 2715">
    <p class='ocr_par' dir='ltr' id='par_1_3' title="bbox 65 793 1355 2715">
     <span class='ocr_line' id='line_1_4' title="bbox 67 793 1355 888; baseline 0.003 -24"><span class='ocrx_word' id='word_1_18' title='bbox 67 801 187 866; x_wconf 85' lang='grc' dir='ltr'><strong><em>Τοῦτο</em></strong></span> <span class='ocrx_word' id='word_1_19' title='bbox 207 808 338 868; x_wconf 76' lang='grc' dir='ltr'><strong><em>ποιεῖτε</em></strong></span> <span class='ocrx_word' id='word_1_20' title='bbox 360 798 408 878; x_wconf 82' lang='grc' dir='ltr'><strong><em>είς</em></strong></span> <span class='ocrx_word' id='word_1_21' title='bbox 428 797 487 888; x_wconf 78' lang='grc' dir='ltr'><strong><em>τὴν</em></strong></span> <span class='ocrx_word' id='word_1_22' title='bbox 510 793 692 886; x_wconf 85' lang='grc' dir='ltr'><strong><em>ἀνάμνησίν</em></strong></span> <span class='ocrx_word' id='word_1_23' title='bbox 712 821 795 882; x_wconf 88' lang='grc' dir='ltr'><strong><em>μου,</em></strong></span> <span class='ocrx_word' id='word_1_24' title='bbox 828 803 980 865; x_wconf 80' lang='grc' dir='ltr'><strong><em>τουτέστι</em></strong></span> <span class='ocrx_word' id='word_1_25' title='bbox 1006 798 1045 865; x_wconf 89' lang='grc' dir='ltr'><strong><em>τό</em></strong></span> <span class='ocrx_word' id='word_1_26' title='bbox 1068 798 1166 883; x_wconf 83' lang='grc' dir='ltr'><strong><em>σεῦμά</em></strong></span> <span class='ocrx_word' id='word_1_27' title='bbox 1185 821 1266 884; x_wconf 91' lang='grc' dir='ltr'><strong><em>μου·</em></strong></span> <span class='ocrx_word' id='word_1_28' title='bbox 1297 799 1355 868; x_wconf 83' lang='grc' dir='ltr'><strong><em>καὶ</em></strong></span> 
     </span>
     <span class='ocr_line' id='line_1_5' title="bbox 65 892 1353 988; baseline 0.002 -22"><span class='ocrx_word' id='word_1_29' title='bbox 65 902 108 966; x_wconf 81' lang='grc' dir='ltr'><strong><em>τὸ</em></strong></span> <span class='ocrx_word' id='word_1_30' title='bbox 132 899 296 988; x_wconf 80' lang='grc' dir='ltr'><strong><em>ποτήριον</em></strong></span> <span class='ocrx_word' id='word_1_31' title='bbox 319 895 445 986; x_wconf 81' lang='grc' dir='ltr'><strong><em>ὁμοίως</em></strong></span> <span class='ocrx_word' id='word_1_32' title='bbox 465 897 611 985; x_wconf 77' lang='grc' dir='ltr'><strong><em>λαβόντα</em></strong></span> <span class='ocrx_word' id='word_1_33' title='bbox 630 901 685 965; x_wconf 87' lang='grc' dir='ltr'><strong><em>καί</em></strong></span> <span class='ocrx_word' id='word_1_34' title='bbox 708 892 988 986; x_wconf 78' lang='grc' dir='ltr'><strong><em>εὖχαριστήσαντα</em></strong></span> <span class='ocrx_word' id='word_1_35' title='bbox 1008 899 1132 967; x_wconf 77' lang='grc' dir='ltr'><strong><em>εἰπεῖν·</em></strong></span> <span class='ocrx_word' id='word_1_36' title='bbox 1157 900 1265 968; x_wconf 88' lang='grc' dir='ltr'><strong><em>Τοῦτό</em></strong></span> <span class='ocrx_word' id='word_1_37' title='bbox 1281 901 1353 970; x_wconf 80' lang='grc' dir='ltr'><strong><em>ἐστι</em></strong></span> 
     </span>
     <span class='ocr_line' id='line_1_6' title="bbox 65 995 1352 1087; baseline 0.002 -19"><span class='ocrx_word' id='word_1_38' title='bbox 65 997 162 1085; x_wconf 74' lang='grc' dir='ltr'><strong><em>αἷμά</em></strong></span> <span class='ocrx_word' id='word_1_39' title='bbox 184 1025 267 1087; x_wconf 89' lang='grc' dir='ltr'><strong><em>μου,</em></strong></span> <span class='ocrx_word' id='word_1_40' title='bbox 296 1003 352 1068; x_wconf 82' lang='grc' dir='ltr'><strong><em>καὶ</em></strong></span> <span class='ocrx_word' id='word_1_41' title='bbox 372 1000 490 1086; x_wconf 89' lang='grc' dir='ltr'><strong><em>μόνοις</em></strong></span> <span class='ocrx_word' id='word_1_42' title='bbox 512 995 626 1080; x_wconf 89' lang='grc' dir='ltr'><strong><em>σῦτοῖς</em></strong></span> <span class='ocrx_word' id='word_1_43' title='bbox 652 1001 862 1086; x_wconf 80' lang='grc' dir='ltr'><strong><em>μεταδοῦναι.</em></strong></span> <span class='ocrx_word' id='word_1_44' title='bbox 872 1004 894 1081; x_wconf 91' lang='lat'><strong><em>¹)</em></strong></span> <span class='ocrx_word' id='word_1_45' title='bbox 939 997 1045 1087; x_wconf 81' lang='grc' dir='ltr'><strong><em>Ὅπερ</em></strong></span> <span class='ocrx_word' id='word_1_46' title='bbox 1066 1005 1121 1069; x_wconf 84' lang='grc' dir='ltr'><strong><em>καί</em></strong></span> <span class='ocrx_word' id='word_1_47' title='bbox 1144 1001 1178 1070; x_wconf 82' lang='grc' dir='ltr'><strong><em>έν</em></strong></span> <span class='ocrx_word' id='word_1_48' title='bbox 1199 1013 1272 1082; x_wconf 89' lang='grc' dir='ltr'><strong><em>τοῖς</em></strong></span> <span class='ocrx_word' id='word_1_49' title='bbox 1292 1005 1352 1070; x_wconf 88' lang='grc' dir='ltr'><strong><em>τοῦ</em></strong></span> 
     </span>
     <span class='ocr_line' id='line_1_7' title="bbox 68 1101 1353 1196; baseline 0.002 -27"><span class='ocrx_word' id='word_1_50' title='bbox 68 1109 198 1188; x_wconf 74' lang='grc' dir='ltr'><strong><em>Ῐίίίθρα</em></strong></span> <span class='ocrx_word' id='word_1_51' title='bbox 217 1109 415 1196; x_wconf 74' lang='grc' dir='ltr'><strong><em>μυστηρίοις</em></strong></span> <span class='ocrx_word' id='word_1_52' title='bbox 434 1103 632 1188; x_wconf 81' lang='grc' dir='ltr'><strong><em>παρέδωκαν</em></strong></span> <span class='ocrx_word' id='word_1_53' title='bbox 653 1107 810 1188; x_wconf 86' lang='grc' dir='ltr'><strong><em>γίνεσθαι</em></strong></span> <span class='ocrx_word' id='word_1_54' title='bbox 823 1101 1047 1190; x_wconf 85' lang='grc' dir='ltr'><strong><em>μιμησάμενοι</em></strong></span> <span class='ocrx_word' id='word_1_55' title='bbox 1068 1104 1101 1170; x_wconf 90' lang='grc' dir='ltr'><strong><em>οί</em></strong></span> <span class='ocrx_word' id='word_1_56' title='bbox 1121 1105 1265 1193; x_wconf 89' lang='grc' dir='ltr'><strong><em>πονηροὶ</em></strong></span> <span class='ocrx_word' id='word_1_57' title='bbox 1279 1104 1353 1172; x_wconf 77' lang='lat' dir='ltr'>‹tot-</span> 
     </span>
     <span class='ocr_line' id='line_1_8' title="bbox 68 1199 1354 1292; baseline 0.003 -22"><span class='ocrx_word' id='word_1_58' title='bbox 68 1226 184 1288; x_wconf 79' lang='grc' dir='ltr'><strong><em>μονες·</em></strong></span> <span class='ocrx_word' id='word_1_59' title='bbox 207 1201 262 1271; x_wconf 84' lang='grc' dir='ltr'><strong><em>ότι</em></strong></span> <span class='ocrx_word' id='word_1_60' title='bbox 282 1204 345 1291; x_wconf 86' lang='grc' dir='ltr'><strong><em>γὰρ</em></strong></span> <span class='ocrx_word' id='word_1_61' title='bbox 368 1202 467 1290; x_wconf 89' lang='grc' dir='ltr'><strong><em>ἄρτος</em></strong></span> <span class='ocrx_word' id='word_1_62' title='bbox 487 1206 543 1272; x_wconf 85' lang='grc' dir='ltr'><strong><em>καὶ</em></strong></span> <span class='ocrx_word' id='word_1_63' title='bbox 564 1203 725 1292; x_wconf 85' lang='grc' dir='ltr'><strong><em>ποτήριον</em></strong></span> <span class='ocrx_word' id='word_1_64' title='bbox 747 1199 869 1284; x_wconf 84' lang='grc' dir='ltr'><strong><em>ῦόατος</em></strong></span> <span class='ocrx_word' id='word_1_65' title='bbox 888 1208 1024 1271; x_wconf 90' lang='grc' dir='ltr'><strong><em>τίθεται</em></strong></span> <span class='ocrx_word' id='word_1_66' title='bbox 1040 1204 1075 1272; x_wconf 83' lang='grc' dir='ltr'><strong><em>ίν</em></strong></span> <span class='ocrx_word' id='word_1_67' title='bbox 1088 1215 1164 1285; x_wconf 86' lang='grc' dir='ltr'><strong><em>ταῖς</em></strong></span> <span class='ocrx_word' id='word_1_68' title='bbox 1177 1209 1236 1274; x_wconf 88' lang='grc' dir='ltr'><strong><em>τοῦ</em></strong></span> <span class='ocrx_word' id='word_1_69' title='bbox 1250 1229 1354 1290; x_wconf 86' lang='grc' dir='ltr'><strong><em>μυου-</em></strong></span> 
     </span>
     <span class='ocr_line' id='line_1_9' title="bbox 70 1299 1351 1393; baseline 0.001 -20"><span class='ocrx_word' id='word_1_70' title='bbox 70 1313 172 1388; x_wconf 84' lang='grc' dir='ltr'><strong><em>μένου</em></strong></span> <span class='ocrx_word' id='word_1_71' title='bbox 192 1308 344 1386; x_wconf 78' lang='grc' dir='ltr'><strong><em>τελεταῖς</em></strong></span> <span class='ocrx_word' id='word_1_72' title='bbox 364 1301 437 1392; x_wconf 77' lang='grc' dir='ltr'><strong><em>μετ’</em></strong></span> <span class='ocrx_word' id='word_1_73' title='bbox 462 1305 627 1392; x_wconf 84' lang='grc' dir='ltr'><strong><em>ίπιλόγων</em></strong></span> <span class='ocrx_word' id='word_1_74' title='bbox 649 1309 757 1386; x_wconf 83' lang='grc' dir='ltr'><strong><em>τινιῦν,</em></strong></span> <span class='ocrx_word' id='word_1_75' title='bbox 780 1299 1006 1392; x_wconf 82' lang='grc' dir='ltr'><strong><em>ἢέπίστασθε</em></strong></span> <span class='ocrx_word' id='word_1_76' title='bbox 1018 1299 1040 1393; x_wconf 82' lang='grc' dir='ltr'><em>ἢ</em></span> <span class='ocrx_word' id='word_1_77' title='bbox 1053 1312 1179 1392; x_wconf 89' lang='grc' dir='ltr'><strong><em>μαθεῖν</em></strong></span> <span class='ocrx_word' id='word_1_78' title='bbox 1194 1307 1351 1376; x_wconf 88' lang='grc' dir='ltr'><strong><em>όῦνασθε.</em></strong></span> 
     </span>
     <span class='ocr_line' id='line_1_10' title="bbox 66 1401 1352 1496; baseline 0.003 -23"><span class='ocrx_word' id='word_1_79' title='bbox 66 1403 181 1492; x_wconf 82' lang='grc' dir='ltr'><strong><em>Ἡμεῖς</em></strong></span> <span class='ocrx_word' id='word_1_80' title='bbox 203 1409 241 1475; x_wconf 80' lang='grc' dir='ltr'><strong><em>δὲ</em></strong></span> <span class='ocrx_word' id='word_1_81' title='bbox 261 1407 348 1494; x_wconf 85' lang='grc' dir='ltr'><strong><em>μετὰ</em></strong></span> <span class='ocrx_word' id='word_1_82' title='bbox 368 1411 474 1475; x_wconf 89' lang='grc' dir='ltr'><strong><em>ταῦτα</em></strong></span> <span class='ocrx_word' id='word_1_83' title='bbox 494 1407 616 1474; x_wconf 88' lang='grc' dir='ltr'><strong><em>λοιπὸν</em></strong></span> <span class='ocrx_word' id='word_1_84' title='bbox 638 1401 692 1475; x_wconf 76' lang='grc' dir='ltr'><strong><em>ἀεὶ</em></strong></span> <span class='ocrx_word' id='word_1_85' title='bbox 712 1405 838 1475; x_wconf 77' lang='grc' dir='ltr'><strong><em>τούτων</em></strong></span> <span class='ocrx_word' id='word_1_86' title='bbox 860 1402 1021 1494; x_wconf 78' lang='grc' dir='ltr'><strong><em>ἀλλήλους</em></strong></span> <span class='ocrx_word' id='word_1_87' title='bbox 1049 1403 1352 1496; x_wconf 76' lang='grc' dir='ltr'><strong><em>ἀναγιιμνήσκομεν·</em></strong></span> 
     </span>
     <span class='ocr_line' id='line_1_11' title="bbox 73 1507 1352 1596; baseline 0.005 -22"><span class='ocrx_word' id='word_1_88' title='bbox 73 1509 134 1574; x_wconf 75' lang='grc' dir='ltr'><strong><em>καὶ</em></strong></span> <span class='ocrx_word' id='word_1_89' title='bbox 152 1511 182 1576; x_wconf 80' lang='lat' dir='ltr'><strong><em>oi</em></strong></span> <span class='ocrx_word' id='word_1_90' title='bbox 204 1511 335 1592; x_wconf 76' lang='grc' dir='ltr'><strong><em>ἔχοντες</em></strong></span> <span class='ocrx_word' id='word_1_91' title='bbox 355 1521 429 1589; x_wconf 82' lang='grc' dir='ltr'><strong><em>τοῖς</em></strong></span> <span class='ocrx_word' id='word_1_92' title='bbox 449 1510 662 1594; x_wconf 83' lang='grc' dir='ltr'><strong><em>λειπομένοις</em></strong></span> <span class='ocrx_word' id='word_1_93' title='bbox 688 1507 794 1576; x_wconf 78' lang='grc' dir='ltr'><strong><em>πόσιν</em></strong></span> <span class='ocrx_word' id='word_1_94' title='bbox 821 1507 1076 1596; x_wconf 81' lang='grc' dir='ltr'><strong><em>έπικουροῦμεν,</em></strong></span> <span class='ocrx_word' id='word_1_95' title='bbox 1109 1509 1166 1579; x_wconf 78' lang='grc' dir='ltr'><strong><em>καὶ</em></strong></span> <span class='ocrx_word' id='word_1_96' title='bbox 1193 1510 1352 1596; x_wconf 81' lang='grc' dir='ltr'><strong><em>σύνεσμεν</em></strong></span> 
     </span>
     <span class='ocr_line' id='line_1_12' title="bbox 75 1604 1351 1701; baseline 0.003 -25"><span class='ocrx_word' id='word_1_97' title='bbox 75 1604 228 1697; x_wconf 76' lang='grc' dir='ltr'><strong><em>ἀλληλοις</em></strong></span> <span class='ocrx_word' id='word_1_98' title='bbox 244 1605 306 1678; x_wconf 87' lang='grc' dir='ltr'><strong><em>ἀεί.</em></strong></span> <span class='ocrx_word' id='word_1_99' title='bbox 341 1606 416 1678; x_wconf 80' lang='grc' dir='ltr'><strong><em>Ἐπὶ</em></strong></span> <span class='ocrx_word' id='word_1_100' title='bbox 435 1614 525 1678; x_wconf 84' lang='grc' dir='ltr'><strong><em>πᾶσι</em></strong></span> <span class='ocrx_word' id='word_1_101' title='bbox 544 1636 582 1679; x_wconf 88' lang='grc' dir='ltr'><strong><em>τε</em></strong></span> <span class='ocrx_word' id='word_1_102' title='bbox 604 1605 655 1689; x_wconf 82' lang='grc' dir='ltr'><strong><em>οἷς</em></strong></span> <span class='ocrx_word' id='word_1_103' title='bbox 676 1610 944 1698; x_wconf 72' lang='grc' dir='ltr'><strong><em>προσφερόμεθα</em></strong></span> <span class='ocrx_word' id='word_1_104' title='bbox 965 1605 1161 1699; x_wconf 77' lang='grc' dir='ltr'><strong><em>εὐλογοῦμεν</em></strong></span> <span class='ocrx_word' id='word_1_105' title='bbox 1177 1611 1236 1681; x_wconf 86' lang='grc' dir='ltr'><strong><em>τόν</em></strong></span> <span class='ocrx_word' id='word_1_106' title='bbox 1249 1636 1351 1701; x_wconf 87' lang='grc' dir='ltr'><strong><em>ποιη-</em></strong></span> 
     </span>
     <span class='ocr_line' id='line_1_13' title="bbox 73 1708 1352 1800; baseline 0.004 -22"><span class='ocrx_word' id='word_1_107' title='bbox 73 1711 217 1798; x_wconf 77' lang='grc' dir='ltr'><strong><em>τὴντῶν</em></strong></span> <span class='ocrx_word' id='word_1_108' title='bbox 240 1712 378 1780; x_wconf 86' lang='grc' dir='ltr'><strong><em>πάντων</em></strong></span> <span class='ocrx_word' id='word_1_109' title='bbox 400 1711 459 1781; x_wconf 80' lang='grc' dir='ltr'><strong><em>διὰ</em></strong></span> <span class='ocrx_word' id='word_1_110' title='bbox 479 1715 538 1779; x_wconf 90' lang='grc' dir='ltr'><strong><em>τοῦ</em></strong></span> <span class='ocrx_word' id='word_1_111' title='bbox 560 1711 634 1779; x_wconf 89' lang='grc' dir='ltr'><strong><em>υίοῦ</em></strong></span> <span class='ocrx_word' id='word_1_112' title='bbox 657 1709 757 1780; x_wconf 81' lang='grc' dir='ltr'><strong><em>αὐτοῦ</em></strong></span> <span class='ocrx_word' id='word_1_113' title='bbox 776 1708 880 1800; x_wconf 81' lang='grc' dir='ltr'><strong><em>’ίησοῦ</em></strong></span> <span class='ocrx_word' id='word_1_114' title='bbox 902 1718 1053 1799; x_wconf 88' lang='grc' dir='ltr'><strong><em>Χριστοῦ</em></strong></span> <span class='ocrx_word' id='word_1_115' title='bbox 1079 1714 1135 1782; x_wconf 83' lang='grc' dir='ltr'><strong><em>καί</em></strong></span> <span class='ocrx_word' id='word_1_116' title='bbox 1165 1713 1223 1782; x_wconf 76' lang='lat' dir='ltr'><strong><em>ded</em></strong></span> <span class='ocrx_word' id='word_1_117' title='bbox 1250 1714 1352 1784; x_wconf 88' lang='grc' dir='ltr'><strong><em>πνεό-</em></strong></span> 
     </span>
     <span class='ocr_line' id='line_1_14' title="bbox 76 1809 1354 1904; baseline 0.005 -25"><span class='ocrx_word' id='word_1_118' title='bbox 76 1837 174 1898; x_wconf 84' lang='grc' dir='ltr'><strong><em>ματος</em></strong></span> <span class='ocrx_word' id='word_1_119' title='bbox 193 1817 256 1881; x_wconf 81' lang='grc' dir='ltr'><strong><em>τοῦ</em></strong></span> <span class='ocrx_word' id='word_1_120' title='bbox 279 1810 385 1900; x_wconf 84' lang='grc' dir='ltr'><strong><em>ἀγίου.</em></strong></span> <span class='ocrx_word' id='word_1_121' title='bbox 430 1823 458 1882; x_wconf 82' lang='grc'><strong><em>5.</em></strong></span> <span class='ocrx_word' id='word_1_122' title='bbox 482 1813 551 1882; x_wconf 82' lang='grc' dir='ltr'><strong><em>Καὶ</em></strong></span> <span class='ocrx_word' id='word_1_123' title='bbox 571 1817 611 1902; x_wconf 84' lang='grc' dir='ltr'><strong><em>τῇ</em></strong></span> <span class='ocrx_word' id='word_1_124' title='bbox 633 1817 693 1880; x_wconf 88' lang='grc' dir='ltr'><strong><em>τοῦ</em></strong></span> <span class='ocrx_word' id='word_1_125' title='bbox 714 1809 809 1900; x_wconf 81' lang='grc' dir='ltr'><strong><em>ἡλίου</em></strong></span> <span class='ocrx_word' id='word_1_126' title='bbox 824 1816 978 1902; x_wconf 81' lang='grc' dir='ltr'><strong><em>λεγομένη</em></strong></span> <span class='ocrx_word' id='word_1_127' title='bbox 999 1811 1105 1904; x_wconf 83' lang='grc' dir='ltr'><strong><em>ἡμέρᾳ</em></strong></span> <span class='ocrx_word' id='word_1_128' title='bbox 1119 1817 1255 1884; x_wconf 87' lang='grc' dir='ltr'><strong><em>πάντων</em></strong></span> <span class='ocrx_word' id='word_1_129' title='bbox 1269 1821 1354 1886; x_wconf 81' lang='grc' dir='ltr'><strong><em>κατὰ</em></strong></span> 
     </span>
     <span class='ocr_line' id='line_1_15' title="bbox 77 1910 1353 2004; baseline 0.004 -24"><span class='ocrx_word' id='word_1_130' title='bbox 77 1914 186 1994; x_wconf 84' lang='grc' dir='ltr'><strong><em>πόλεις</em></strong></span> <span class='ocrx_word' id='word_1_131' title='bbox 207 1911 231 2004; x_wconf 83' lang='grc' dir='ltr'><em>ἢ</em></span> <span class='ocrx_word' id='word_1_132' title='bbox 253 1911 375 2002; x_wconf 85' lang='grc' dir='ltr'><strong><em>ἀγροὺς</em></strong></span> <span class='ocrx_word' id='word_1_133' title='bbox 395 1916 560 2002; x_wconf 87' lang='grc' dir='ltr'><strong><em>μενόντων</em></strong></span> <span class='ocrx_word' id='word_1_134' title='bbox 588 1913 647 1984; x_wconf 76' lang='grc' dir='ltr'><strong><em>ἐπὶ</em></strong></span> <span class='ocrx_word' id='word_1_135' title='bbox 674 1915 713 1982; x_wconf 87' lang='grc' dir='ltr'><strong><em>τὸ</em></strong></span> <span class='ocrx_word' id='word_1_136' title='bbox 736 1910 817 1982; x_wconf 86' lang='grc' dir='ltr'><strong><em>αῦτὸ</em></strong></span> <span class='ocrx_word' id='word_1_137' title='bbox 840 1916 1027 1998; x_wconf 79' lang='grc' dir='ltr'><strong><em>συνέλευσις</em></strong></span> <span class='ocrx_word' id='word_1_138' title='bbox 1052 1914 1192 2002; x_wconf 88' lang='grc' dir='ltr'><strong><em>γίνεται,</em></strong></span> <span class='ocrx_word' id='word_1_139' title='bbox 1227 1917 1283 1985; x_wconf 81' lang='grc' dir='ltr'><strong><em>καλ</em></strong></span> <span class='ocrx_word' id='word_1_140' title='bbox 1310 1918 1353 1986; x_wconf 84' lang='grc' dir='ltr'><strong><em>τὰ</em></strong></span> 
     </span>
     <span class='ocr_line' id='line_1_16' title="bbox 79 2010 1351 2108; baseline 0.003 -26"><span class='ocrx_word' id='word_1_141' title='bbox 79 2011 398 2104; x_wconf 75' lang='grc' dir='ltr'><strong><em>ἀπομνημονεύματα</em></strong></span> <span class='ocrx_word' id='word_1_142' title='bbox 410 2020 484 2108; x_wconf 39' lang='grc' dir='ltr'><strong><em>,τῶν</em></strong></span> <span class='ocrx_word' id='word_1_143' title='bbox 506 2012 705 2085; x_wconf 86' lang='grc' dir='ltr'><strong><em>ἀποστόλων</em></strong></span> <span class='ocrx_word' id='word_1_144' title='bbox 726 2010 748 2106; x_wconf 79' lang='grc' dir='ltr'><em>ἢ</em></span> <span class='ocrx_word' id='word_1_145' title='bbox 768 2016 811 2084; x_wconf 85' lang='grc' dir='ltr'><strong><em>τὰ</em></strong></span> <span class='ocrx_word' id='word_1_146' title='bbox 832 2017 1068 2104; x_wconf 88' lang='grc' dir='ltr'><strong><em>συγγράμματα</em></strong></span> <span class='ocrx_word' id='word_1_147' title='bbox 1087 2021 1153 2086; x_wconf 82' lang='grc' dir='ltr'><strong><em>τῶν</em></strong></span> <span class='ocrx_word' id='word_1_148' title='bbox 1166 2023 1351 2108; x_wconf 83' lang='grc' dir='ltr'><strong><em>προφητῶν</em></strong></span> 
     </span>
     <span class='ocr_line' id='line_1_17' title="bbox 80 2113 1352 2207; baseline 0.001 -21"><span class='ocrx_word' id='word_1_149' title='bbox 80 2113 331 2205; x_wconf 81' lang='grc' dir='ltr'><strong><em>ἀναγινώσκεται</em></strong></span> <span class='ocrx_word' id='word_1_150' title='bbox 358 2123 470 2205; x_wconf 82' lang='grc' dir='ltr'><strong><em>μέχρις</em></strong></span> <span class='ocrx_word' id='word_1_151' title='bbox 503 2117 645 2206; x_wconf 76' lang='grc' dir='ltr'><strong><em>ἐγχωρεῖ.</em></strong></span> <span class='ocrx_word' id='word_1_152' title='bbox 654 2121 677 2200; x_wconf 82' lang='lat'><strong><em>²)</em></strong></span> <span class='ocrx_word' id='word_1_153' title='bbox 714 2125 743 2186; x_wconf 85' lang='grc'><strong><em>6.</em></strong></span> <span class='ocrx_word' id='word_1_154' title='bbox 766 2113 851 2185; x_wconf 77' lang='lat' dir='ltr'><strong><em>Eleu</em></strong></span> <span class='ocrx_word' id='word_1_155' title='bbox 872 2125 1087 2205; x_wconf 89' lang='grc' dir='ltr'><strong><em>παυσαμένου</em></strong></span> <span class='ocrx_word' id='word_1_156' title='bbox 1108 2123 1168 2186; x_wconf 90' lang='grc' dir='ltr'><strong><em>τοῦ</em></strong></span> <span class='ocrx_word' id='word_1_157' title='bbox 1191 2115 1352 2207; x_wconf 86' lang='grc' dir='ltr'><strong><em>ἀναγινώ-</em></strong></span> 
     </span>
     <span class='ocr_line' id='line_1_18' title="bbox 82 2217 1351 2310; baseline 0.002 -22"><span class='ocrx_word' id='word_1_158' title='bbox 82 2243 205 2302; x_wconf 78' lang='grc' dir='ltr'><strong><em>σκοντος</em></strong></span> <span class='ocrx_word' id='word_1_159' title='bbox 227 2217 246 2288; x_wconf 90' lang='grc' dir='ltr'><strong><em>ό</em></strong></span> <span class='ocrx_word' id='word_1_160' title='bbox 269 2219 444 2308; x_wconf 83' lang='grc' dir='ltr'><strong><em>προεστώς</em></strong></span> <span class='ocrx_word' id='word_1_161' title='bbox 466 2218 523 2288; x_wconf 83' lang='grc' dir='ltr'><strong><em>διὰ</em></strong></span> <span class='ocrx_word' id='word_1_162' title='bbox 545 2220 643 2307; x_wconf 92' lang='grc' dir='ltr'><strong><em>λόγου</em></strong></span> <span class='ocrx_word' id='word_1_163' title='bbox 664 2219 723 2308; x_wconf 85' lang='grc' dir='ltr'><strong><em>τὴν</em></strong></span> <span class='ocrx_word' id='word_1_164' title='bbox 745 2227 926 2288; x_wconf 87' lang='grc' dir='ltr'><strong><em>νουθεσίαν</em></strong></span> <span class='ocrx_word' id='word_1_165' title='bbox 940 2219 997 2287; x_wconf 79' lang='grc' dir='ltr'><strong><em>καὶ</em></strong></span> <span class='ocrx_word' id='word_1_166' title='bbox 1010 2220 1194 2310; x_wconf 89' lang='grc' dir='ltr'><strong><em>πρόκλησιν</em></strong></span> <span class='ocrx_word' id='word_1_167' title='bbox 1208 2225 1267 2310; x_wconf 81' lang='grc' dir='ltr'><strong><em>τῆς</em></strong></span> <span class='ocrx_word' id='word_1_168' title='bbox 1284 2224 1351 2290; x_wconf 83' lang='grc' dir='ltr'><strong><em>τῶν</em></strong></span> 
     </span>
     <span class='ocr_line' id='line_1_19' title="bbox 79 2319 1352 2412; baseline 0.002 -22"><span class='ocrx_word' id='word_1_169' title='bbox 79 2325 178 2390; x_wconf 64' lang='grc' dir='ltr'><strong><em>καλοῦν</em></strong></span> <span class='ocrx_word' id='word_1_170' title='bbox 198 2321 328 2390; x_wconf 80' lang='grc' dir='ltr'><strong><em>τούτων</em></strong></span> <span class='ocrx_word' id='word_1_171' title='bbox 349 2320 520 2410; x_wconf 79' lang='grc' dir='ltr'><strong><em>μιμήσεως</em></strong></span> <span class='ocrx_word' id='word_1_172' title='bbox 533 2332 693 2390; x_wconf 88' lang='grc' dir='ltr'><strong><em>ποιεῖται.</em></strong></span> <span class='ocrx_word' id='word_1_173' title='bbox 733 2329 763 2391; x_wconf 88' lang='grc' dir='ltr'><strong><em>ῖ.</em></strong></span> <span class='ocrx_word' id='word_1_174' title='bbox 778 2319 918 2390; x_wconf 80' lang='grc' dir='ltr'><strong><em>Ἔπειτα</em></strong></span> <span class='ocrx_word' id='word_1_175' title='bbox 932 2319 1143 2408; x_wconf 85' lang='grc' dir='ltr'><strong><em>ἀνιστόμεθα</em></strong></span> <span class='ocrx_word' id='word_1_176' title='bbox 1157 2327 1250 2412; x_wconf 85' lang='grc' dir='ltr'><strong><em>κοινῇ</em></strong></span> <span class='ocrx_word' id='word_1_177' title='bbox 1265 2321 1352 2392; x_wconf 88' lang='grc' dir='ltr'><strong><em>πάν-</em></strong></span> 
     </span>
     <span class='ocr_line' id='line_1_20' title="bbox 80 2419 1353 2515; baseline 0.003 -25"><span class='ocrx_word' id='word_1_178' title='bbox 80 2449 131 2503; x_wconf 81' lang='grc' dir='ltr'><strong><em>τες</em></strong></span> <span class='ocrx_word' id='word_1_179' title='bbox 150 2423 201 2492; x_wconf 76' lang='grc' dir='ltr'><strong><em>καί</em></strong></span> <span class='ocrx_word' id='word_1_180' title='bbox 222 2419 321 2508; x_wconf 87' lang='grc' dir='ltr'><strong><em>εῦχᾶς</em></strong></span> <span class='ocrx_word' id='word_1_181' title='bbox 342 2429 528 2510; x_wconf 87' lang='grc' dir='ltr'><strong><em>πέμπομεν.</em></strong></span> <span class='ocrx_word' id='word_1_182' title='bbox 565 2423 636 2492; x_wconf 86' lang='grc' dir='ltr'><strong><em>Καὶ</em></strong></span> <span class='ocrx_word' id='word_1_183' title='bbox 650 2419 695 2504; x_wconf 81' lang='grc' dir='ltr'><strong><em>ὥς</em></strong></span> <span class='ocrx_word' id='word_1_184' title='bbox 710 2430 912 2513; x_wconf 86' lang='grc' dir='ltr'><strong><em>προέφημεν,</em></strong></span> <span class='ocrx_word' id='word_1_185' title='bbox 934 2431 1157 2510; x_wconf 87' lang='grc' dir='ltr'><strong><em>παυσαμένων</em></strong></span> <span class='ocrx_word' id='word_1_186' title='bbox 1179 2422 1272 2513; x_wconf 78' lang='grc' dir='ltr'><strong><em>ἡμῶν</em></strong></span> <span class='ocrx_word' id='word_1_187' title='bbox 1293 2430 1353 2515; x_wconf 76' lang='grc' dir='ltr'><strong><em>τῆς</em></strong></span> 
     </span>
     <span class='ocr_line' id='line_1_21' title="bbox 82 2520 1352 2616; baseline 0.003 -24"><span class='ocrx_word' id='word_1_188' title='bbox 82 2521 169 2616; x_wconf 73' lang='grc' dir='ltr'><strong><em>εῦγῆς</em></strong></span> <span class='ocrx_word' id='word_1_189' title='bbox 187 2526 288 2614; x_wconf 90' lang='grc' dir='ltr'><strong><em>ἄρτος</em></strong></span> <span class='ocrx_word' id='word_1_190' title='bbox 310 2531 538 2614; x_wconf 81' lang='grc' dir='ltr'><strong><em>προσφέρεται</em></strong></span> <span class='ocrx_word' id='word_1_191' title='bbox 558 2523 616 2592; x_wconf 83' lang='grc' dir='ltr'><strong><em>καὶ</em></strong></span> <span class='ocrx_word' id='word_1_192' title='bbox 636 2520 726 2605; x_wconf 83' lang='grc' dir='ltr'><strong><em>οἶνος</em></strong></span> <span class='ocrx_word' id='word_1_193' title='bbox 757 2525 813 2594; x_wconf 88' lang='grc' dir='ltr'><strong><em>καὶ</em></strong></span> <span class='ocrx_word' id='word_1_194' title='bbox 834 2522 923 2613; x_wconf 85' lang='grc' dir='ltr'><strong><em>ἄόωρ</em></strong></span> <span class='ocrx_word' id='word_1_195' title='bbox 945 2526 1001 2594; x_wconf 85' lang='grc' dir='ltr'><strong><em>καὶ</em></strong></span> <span class='ocrx_word' id='word_1_196' title='bbox 1023 2521 1041 2594; x_wconf 89' lang='grc' dir='ltr'><strong><em>ό</em></strong></span> <span class='ocrx_word' id='word_1_197' title='bbox 1063 2526 1236 2614; x_wconf 83' lang='grc' dir='ltr'><strong><em>προεστὼς</em></strong></span> <span class='ocrx_word' id='word_1_198' title='bbox 1258 2521 1352 2612; x_wconf 86' lang='grc' dir='ltr'><strong><em>εῦχόις</em></strong></span> 
     </span>
     <span class='ocr_line' id='line_1_22' title="bbox 84 2623 1353 2715; baseline 0.003 -22"><span class='ocrx_word' id='word_1_199' title='bbox 84 2623 195 2712; x_wconf 83' lang='grc' dir='ltr'><strong><em>ὁμοίως</em></strong></span> <span class='ocrx_word' id='word_1_200' title='bbox 216 2626 275 2696; x_wconf 76' lang='grc' dir='ltr'><strong><em>καὶ</em></strong></span> <span class='ocrx_word' id='word_1_201' title='bbox 297 2623 514 2714; x_wconf 79' lang='grc' dir='ltr'><strong><em>εὐχαριστίας,</em></strong></span> <span class='ocrx_word' id='word_1_202' title='bbox 538 2623 599 2712; x_wconf 87' lang='grc' dir='ltr'><strong><em>όση</em></strong></span> <span class='ocrx_word' id='word_1_203' title='bbox 622 2627 760 2714; x_wconf 85' lang='grc' dir='ltr'><strong><em>όόναμις</em></strong></span> <span class='ocrx_word' id='word_1_204' title='bbox 781 2623 916 2715; x_wconf 69' lang='grc' dir='ltr'><strong><em>αῦτῷ,’)</em></strong></span> <span class='ocrx_word' id='word_1_205' title='bbox 940 2624 1132 2714; x_wconf 82' lang='grc' dir='ltr'><strong><em>ἀναπέμπει</em></strong></span> <span class='ocrx_word' id='word_1_206' title='bbox 1153 2627 1209 2697; x_wconf 80' lang='grc' dir='ltr'><strong><em>καὶ</em></strong></span> <span class='ocrx_word' id='word_1_207' title='bbox 1231 2625 1250 2696; x_wconf 88' lang='grc' dir='ltr'><strong><em>ό</em></strong></span> <span class='ocrx_word' id='word_1_208' title='bbox 1272 2629 1353 2710; x_wconf 90' lang='grc' dir='ltr'><strong><em>λάος</em></strong></span> 
     </span>
    </p>
   </div>
   <div class='ocr_carea' id='block_1_4' title="bbox 79 2901 1354 4746">
    <p class='ocr_par' dir='ltr' id='par_1_4' title="bbox 84 2901 1354 3295">
     <span class='ocr_line' id='line_1_23' title="bbox 144 2901 1349 2968; baseline 0.002 -15"><span class='ocrx_word' id='word_1_209' title='bbox 144 2905 165 2964; x_wconf 86' lang='grc' dir='ltr'><strong><em>ί)</em></strong></span> <span class='ocrx_word' id='word_1_210' title='bbox 183 2905 317 2966; x_wconf 78' lang='grc' dir='ltr'><strong><em>ίῖοίίίος</em></strong></span> <span class='ocrx_word' id='word_1_211' title='bbox 335 2903 352 2953; x_wconf 90' lang='lat' dir='ltr'><strong><em>i.</em></strong></span> <span class='ocrx_word' id='word_1_212' title='bbox 364 2919 384 2953; x_wconf 91' lang='lat' dir='ltr'><strong><em>c.</em></strong></span> <span class='ocrx_word' id='word_1_213' title='bbox 403 2917 427 2968; x_wconf 83' lang='lat' dir='ltr'><strong><em>p.</em></strong></span> <span class='ocrx_word' id='word_1_214' title='bbox 440 2901 472 2953; x_wconf 76' lang='lat' dir='ltr'><strong><em>dd</em></strong></span> <span class='ocrx_word' id='word_1_215' title='bbox 492 2901 561 2966; x_wconf 84' lang='lat' dir='ltr'>„Wir</span> <span class='ocrx_word' id='word_1_216' title='bbox 578 2902 673 2952; x_wconf 82' lang='lat' dir='ltr'>werden</span> <span class='ocrx_word' id='word_1_217' title='bbox 690 2903 754 2953; x_wconf 80' lang='lat' dir='ltr'>vrohi</span> <span class='ocrx_word' id='word_1_218' title='bbox 773 2903 838 2956; x_wconf 89' lang='lat' dir='ltr'>nicht</span> <span class='ocrx_word' id='word_1_219' title='bbox 856 2903 930 2964; x_wconf 73' lang='lat' dir='ltr'>trien,</span> <span class='ocrx_word' id='word_1_220' title='bbox 948 2918 1016 2954; x_wconf 83' lang='lat' dir='ltr'>wcnu</span> <span class='ocrx_word' id='word_1_221' title='bbox 1035 2903 1079 2954; x_wconf 81' lang='lat' dir='ltr'><strong><em>wir</em></strong></span> <span class='ocrx_word' id='word_1_222' title='bbox 1096 2903 1240 2966; x_wconf 81' lang='lat' dir='ltr'>unnehrnen,</span> <span class='ocrx_word' id='word_1_223' title='bbox 1258 2904 1315 2956; x_wconf 83' lang='lat' dir='ltr'>dues</span> <span class='ocrx_word' id='word_1_224' title='bbox 1328 2905 1349 2956; x_wconf 85' lang='grc' dir='ltr'><strong><em>ί.</em></strong></span> 
     </span>
     <span class='ocr_line' id='line_1_24' title="bbox 85 2979 1349 3055; baseline 0.003 -19"><span class='ocrx_word' id='word_1_225' title='bbox 85 2987 121 3038; x_wconf 80' lang='lat' dir='ltr'><strong><em>dee</em></strong></span> <span class='ocrx_word' id='word_1_226' title='bbox 137 2987 226 3038; x_wconf 82' lang='grc' dir='ltr'><strong><em>’τοῦτο</em></strong></span> <span class='ocrx_word' id='word_1_227' title='bbox 243 2988 351 3038; x_wconf 80' lang='grc' dir='ltr'><strong><em>ποιεῖτε</em></strong></span> <span class='ocrx_word' id='word_1_228' title='bbox 374 2980 413 3041; x_wconf 79' lang='grc' dir='ltr'><strong><em>είς</em></strong></span> <span class='ocrx_word' id='word_1_229' title='bbox 435 2980 486 3047; x_wconf 73' lang='grc' dir='ltr'><strong><em>τὴν</em></strong></span> <span class='ocrx_word' id='word_1_230' title='bbox 509 2979 664 3054; x_wconf 77' lang='grc' dir='ltr'><strong><em>ἀνάμνησίν</em></strong></span> <span class='ocrx_word' id='word_1_231' title='bbox 679 2993 745 3054; x_wconf 70' lang='grc' dir='ltr'><strong><em>μου*</em></strong></span> <span class='ocrx_word' id='word_1_232' title='bbox 769 2988 823 3038; x_wconf 82' lang='lat' dir='ltr'>deur</span> <span class='ocrx_word' id='word_1_233' title='bbox 848 2983 982 3037; x_wconf 73' lang='grc' dir='ltr'><strong><em>’τουτέστι</em></strong></span> <span class='ocrx_word' id='word_1_234' title='bbox 1004 2981 1037 3036; x_wconf 81' lang='grc' dir='ltr'><strong><em>τό</em></strong></span> <span class='ocrx_word' id='word_1_235' title='bbox 1062 2981 1143 3055; x_wconf 83' lang='grc' dir='ltr'><strong><em>σιόμᾶ</em></strong></span> <span class='ocrx_word' id='word_1_236' title='bbox 1158 2993 1226 3055; x_wconf 78' lang='grc' dir='ltr'><strong><em>μου’</em></strong></span> <span class='ocrx_word' id='word_1_237' title='bbox 1249 2989 1349 3040; x_wconf 86' lang='lat' dir='ltr'>duehulh</span> 
     </span>
     <span class='ocr_line' id='line_1_25' title="bbox 85 3072 1354 3137; baseline 0.003 -17"><span class='ocrx_word' id='word_1_238' title='bbox 85 3075 242 3137; x_wconf 67' lang='lat' dir='ltr'>ronueettelit</span> <span class='ocrx_word' id='word_1_239' title='bbox 260 3075 310 3134; x_wconf 79' lang='lat' dir='ltr'>hut,</span> <span class='ocrx_word' id='word_1_240' title='bbox 328 3072 383 3122; x_wconf 82' lang='lat' dir='ltr'>weil</span> <span class='ocrx_word' id='word_1_241' title='bbox 402 3087 428 3122; x_wconf 90' lang='lat' dir='ltr'><strong><em>er</em></strong></span> <span class='ocrx_word' id='word_1_242' title='bbox 446 3087 472 3123; x_wconf 80' lang='lat' dir='ltr'><strong><em>es</em></strong></span> <span class='ocrx_word' id='word_1_243' title='bbox 490 3073 556 3123; x_wconf 87' lang='lat' dir='ltr'>nicht</span> <span class='ocrx_word' id='word_1_244' title='bbox 574 3073 617 3122; x_wconf 83' lang='lat' dir='ltr'><strong><em>wie</em></strong></span> <span class='ocrx_word' id='word_1_245' title='bbox 636 3073 715 3123; x_wconf 81' lang='lat' dir='ltr'>dicuce</span> <span class='ocrx_word' id='word_1_246' title='bbox 733 3073 837 3123; x_wconf 75' lang='lat' dir='ltr'>cnidon</span> <span class='ocrx_word' id='word_1_247' title='bbox 856 3073 1047 3136; x_wconf 72' lang='lat' dir='ltr'>nuchiuigcndeu</span> <span class='ocrx_word' id='word_1_248' title='bbox 1066 3073 1168 3134; x_wconf 77' lang='lat' dir='ltr'>(iecore,</span> <span class='ocrx_word' id='word_1_249' title='bbox 1186 3074 1292 3124; x_wconf 88' lang='lat' dir='ltr'>eundern</span> <span class='ocrx_word' id='word_1_250' title='bbox 1311 3075 1354 3124; x_wconf 87' lang='grc' dir='ltr'><strong><em>οοί</em></strong></span> 
     </span>
     <span class='ocr_line' id='line_1_26' title="bbox 85 3151 1351 3224; baseline 0.003 -19"><span class='ocrx_word' id='word_1_251' title='bbox 85 3157 122 3207; x_wconf 85' lang='lat' dir='ltr'><strong><em>dee</em></strong></span> <span class='ocrx_word' id='word_1_252' title='bbox 138 3157 338 3222; x_wconf 61' lang='lat' dir='ltr'>conuseheuden</span> <span class='ocrx_word' id='word_1_253' title='bbox 356 3161 400 3208; x_wconf 79' lang='lat' dir='ltr'><strong><em>het</em></strong></span> <span class='ocrx_word' id='word_1_254' title='bbox 417 3157 460 3210; x_wconf 81' lang='lat' dir='ltr'><strong><em>dee</em></strong></span> <span class='ocrx_word' id='word_1_255' title='bbox 477 3151 648 3224; x_wconf 71' lang='grc' dir='ltr'><strong><em>εῦχαριστεῖν</em></strong></span> <span class='ocrx_word' id='word_1_256' title='bbox 665 3157 770 3221; x_wconf 76' lang='grc' dir='ltr'><strong><em>οεοοςεο</em></strong></span> <span class='ocrx_word' id='word_1_257' title='bbox 795 3158 843 3208; x_wconf 92' lang='lat' dir='ltr'><strong><em>und</em></strong></span> <span class='ocrx_word' id='word_1_258' title='bbox 862 3158 897 3208; x_wconf 86' lang='grc' dir='ltr'><strong><em>οΙε</em></strong></span> <span class='ocrx_word' id='word_1_259' title='bbox 916 3159 970 3208; x_wconf 88' lang='lat' dir='ltr'>eine</span> <span class='ocrx_word' id='word_1_260' title='bbox 986 3158 1130 3221; x_wconf 74' lang='lat' dir='ltr'>hnweienng</span> <span class='ocrx_word' id='word_1_261' title='bbox 1148 3160 1186 3208; x_wconf 75' lang='lat' dir='ltr'><strong><em>[ur</em></strong></span> <span class='ocrx_word' id='word_1_262' title='bbox 1204 3158 1287 3210; x_wconf 80' lang='lat' dir='ltr'>diesen</span> <span class='ocrx_word' id='word_1_263' title='bbox 1307 3159 1351 3209; x_wconf 84' lang='lat' dir='ltr'><strong><em>he·</em></strong></span> 
     </span>
     <span class='ocr_line' id='line_1_27' title="bbox 84 3244 257 3295; baseline 0.012 -2"><span class='ocrx_word' id='word_1_264' title='bbox 84 3245 170 3294; x_wconf 71' lang='lat' dir='ltr'>inthici</span> <span class='ocrx_word' id='word_1_265' title='bbox 188 3244 257 3295; x_wconf 73' lang='lat' dir='ltr'><strong><em>hui-‘⁶</em></strong></span> 
     </span>
    </p>

    <p class='ocr_par' dir='ltr' id='par_1_5' title="bbox 80 3325 1352 3899">
     <span class='ocr_line' id='line_1_28' title="bbox 140 3325 1352 3391; baseline -0.002 -12"><span class='ocrx_word' id='word_1_266' title='bbox 140 3329 164 3384; x_wconf 75' lang='lat' dir='ltr'><strong><em>tt</em></strong></span> <span class='ocrx_word' id='word_1_267' title='bbox 182 3327 321 3391; x_wconf 70' lang='lat' dir='ltr'>Augusti</span> <span class='ocrx_word' id='word_1_268' title='bbox 341 3325 436 3376; x_wconf 80' lang='lat' dir='ltr'>Dcoiw.</span> <span class='ocrx_word' id='word_1_269' title='bbox 449 3325 486 3388; x_wconf 83' lang='lat' dir='ltr'><strong><em>vl,</em></strong></span> <span class='ocrx_word' id='word_1_270' title='bbox 498 3325 562 3378; x_wconf 78' lang='lat'><strong>226:</strong></span> <span class='ocrx_word' id='word_1_271' title='bbox 581 3325 652 3387; x_wconf 78' lang='lat' dir='ltr'>„Mun</span> <span class='ocrx_word' id='word_1_272' title='bbox 670 3325 743 3374; x_wconf 77' lang='lat' dir='ltr'>wthit</span> <span class='ocrx_word' id='word_1_273' title='bbox 761 3325 829 3375; x_wconf 88' lang='lat' dir='ltr'>einen</span> <span class='ocrx_word' id='word_1_274' title='bbox 848 3325 907 3375; x_wconf 81' lang='lat' dir='ltr'>Text</span> <span class='ocrx_word' id='word_1_275' title='bbox 925 3326 972 3375; x_wconf 91' lang='lat' dir='ltr'><strong><em>uud</em></strong></span> <span class='ocrx_word' id='word_1_276' title='bbox 991 3325 1046 3374; x_wconf 82' lang='grc' dir='ltr'><strong><em>Ιὶεεί</em></strong></span> <span class='ocrx_word' id='word_1_277' title='bbox 1064 3325 1205 3387; x_wconf 78' lang='grc' dir='ltr'><strong><em>έεοοοίοεα,</em></strong></span> <span class='ocrx_word' id='word_1_278' title='bbox 1222 3329 1307 3377; x_wconf 75' lang='lat' dir='ltr'>sonuit</span> <span class='ocrx_word' id='word_1_279' title='bbox 1324 3341 1352 3377; x_wconf 85' lang='lat' dir='ltr'><strong><em>er</em></strong></span> 
     </span>
     <span class='ocr_line' id='line_1_29' title="bbox 83 3408 1352 3473; baseline 0.002 -15"><span class='ocrx_word' id='word_1_280' title='bbox 83 3409 128 3461; x_wconf 81' lang='lat' dir='ltr'><strong><em>den</em></strong></span> <span class='ocrx_word' id='word_1_281' title='bbox 145 3412 245 3462; x_wconf 78' lang='lat' dir='ltr'>Zeechu</span> <span class='ocrx_word' id='word_1_282' title='bbox 265 3413 308 3462; x_wconf 86' lang='lat' dir='ltr'><strong><em>dee</em></strong></span> <span class='ocrx_word' id='word_1_283' title='bbox 327 3411 406 3473; x_wconf 80' lang='grc' dir='ltr'><strong><em>Τοςεε</em></strong></span> <span class='ocrx_word' id='word_1_284' title='bbox 424 3425 584 3473; x_wconf 81' lang='grc' dir='ltr'><strong><em>οοςοιαεοεεο</em></strong></span> <span class='ocrx_word' id='word_1_285' title='bbox 602 3412 640 3460; x_wconf 79' lang='lat' dir='ltr'><strong><em>ist</em></strong></span> <span class='ocrx_word' id='word_1_286' title='bbox 677 3409 742 3460; x_wconf 87' lang='lat' dir='ltr'>Wird</span> <span class='ocrx_word' id='word_1_287' title='bbox 761 3411 805 3460; x_wconf 92' lang='lat' dir='ltr'><strong><em>der</em></strong></span> <span class='ocrx_word' id='word_1_288' title='bbox 822 3409 882 3460; x_wconf 90' lang='lat' dir='ltr'>Sinu</span> <span class='ocrx_word' id='word_1_289' title='bbox 905 3410 948 3459; x_wconf 81' lang='lat' dir='ltr'><strong><em>uui</em></strong></span> <span class='ocrx_word' id='word_1_290' title='bbox 970 3409 1036 3459; x_wconf 82' lang='lat' dir='ltr'>dieue</span> <span class='ocrx_word' id='word_1_291' title='bbox 1053 3408 1132 3460; x_wconf 83' lang='lat' dir='ltr'>Wuiuu</span> <span class='ocrx_word' id='word_1_292' title='bbox 1149 3411 1248 3472; x_wconf 73' lang='lat' dir='ltr'>gestent,</span> <span class='ocrx_word' id='word_1_293' title='bbox 1273 3425 1301 3462; x_wconf 87' lang='lat' dir='ltr'><strong><em>uu</em></strong></span> <span class='ocrx_word' id='word_1_294' title='bbox 1317 3411 1352 3462; x_wconf 79' lang='lat' dir='ltr'><strong><em>iet</em></strong></span> 
     </span>
     <span class='ocr_line' id='line_1_30' title="bbox 83 3493 1351 3560; baseline 0.004 -17"><span class='ocrx_word' id='word_1_295' title='bbox 83 3495 147 3546; x_wconf 85' lang='lat' dir='ltr'>duruit</span> <span class='ocrx_word' id='word_1_296' title='bbox 163 3498 207 3548; x_wconf 87' lang='lat' dir='ltr'><strong><em>der</em></strong></span> <span class='ocrx_word' id='word_1_297' title='bbox 225 3496 357 3548; x_wconf 82' lang='lat' dir='ltr'>Gehueuch</span> <span class='ocrx_word' id='word_1_298' title='bbox 381 3495 494 3558; x_wconf 76' lang='lat' dir='ltr'>gcoierer</span> <span class='ocrx_word' id='word_1_299' title='bbox 518 3495 650 3560; x_wconf 81' lang='lat' dir='ltr'>Pericupen</span> <span class='ocrx_word' id='word_1_300' title='bbox 675 3495 741 3545; x_wconf 89' lang='lat' dir='ltr'>nicht</span> <span class='ocrx_word' id='word_1_301' title='bbox 764 3494 903 3545; x_wconf 88' lang='lat' dir='ltr'>undeutliuh</span> <span class='ocrx_word' id='word_1_302' title='bbox 929 3494 1095 3556; x_wconf 63' lang='lat' dir='ltr'><strong><em>eugegeuenf‘</em></strong></span> <span class='ocrx_word' id='word_1_303' title='bbox 1140 3493 1271 3546; x_wconf 82' lang='lat' dir='ltr'>Bohmer</span> <span class='ocrx_word' id='word_1_304' title='bbox 1295 3496 1311 3546; x_wconf 91' lang='grc' dir='ltr'><strong><em>Ι.</em></strong></span> <span class='ocrx_word' id='word_1_305' title='bbox 1330 3511 1351 3549; x_wconf 88' lang='grc' dir='ltr'><strong><em>ο.</em></strong></span> 
     </span>
     <span class='ocr_line' id='line_1_31' title="bbox 82 3569 1351 3646; baseline 0.001 -17"><span class='ocrx_word' id='word_1_306' title='bbox 82 3580 164 3642; x_wconf 64' lang='lat' dir='ltr'>cluo,</span> <span class='ocrx_word' id='word_1_307' title='bbox 182 3583 246 3632; x_wconf 77' lang='lat' dir='ltr'>hanc</span> <span class='ocrx_word' id='word_1_308' title='bbox 265 3581 489 3646; x_wconf 72' lang='lat' dir='ltr'><strong><em>interpretationem</em></strong></span> <span class='ocrx_word' id='word_1_309' title='bbox 507 3569 676 3645; x_wconf 85' lang='grc' dir='ltr'><strong><em>ἀφιλόλογον</em></strong></span> <span class='ocrx_word' id='word_1_310' title='bbox 692 3588 759 3631; x_wconf 78' lang='lat' dir='ltr'>natue</span> <span class='ocrx_word' id='word_1_311' title='bbox 778 3579 929 3630; x_wconf 84' lang='lat' dir='ltr'>commendet</span> <span class='ocrx_word' id='word_1_312' title='bbox 947 3579 1018 3629; x_wconf 79' lang='lat' dir='ltr'>ulium</span> <span class='ocrx_word' id='word_1_313' title='bbox 1038 3579 1191 3639; x_wconf 73' lang='lat' dir='ltr'>„uacuum</span> <span class='ocrx_word' id='word_1_314' title='bbox 1202 3580 1351 3644; x_wconf 68' lang='grc' dir='ltr'><strong><em>έεεῖιοίςοο,</em></strong></span> 
     </span>
     <span class='ocr_line' id='line_1_32' title="bbox 82 3661 1351 3725; baseline 0 -11"><span class='ocrx_word' id='word_1_315' title='bbox 82 3679 123 3714; x_wconf 76' lang='lat' dir='ltr'><strong><em>vus</em></strong></span> <span class='ocrx_word' id='word_1_316' title='bbox 140 3667 231 3715; x_wconf 86' lang='lat' dir='ltr'>recitirt</span> <span class='ocrx_word' id='word_1_317' title='bbox 248 3665 324 3724; x_wconf 81' lang='lat' dir='ltr'>werd,</span> <span class='ocrx_word' id='word_1_318' title='bbox 344 3679 393 3715; x_wconf 80' lang='lat' dir='ltr'><strong><em>nuc</em></strong></span> <span class='ocrx_word' id='word_1_319' title='bbox 410 3666 486 3715; x_wconf 82' lang='lat' dir='ltr'>durch</span> <span class='ocrx_word' id='word_1_320' title='bbox 504 3665 547 3715; x_wconf 84' lang='lat' dir='ltr'><strong><em>due</em></strong></span> <span class='ocrx_word' id='word_1_321' title='bbox 565 3665 685 3723; x_wconf 79' lang='lat' dir='ltr'>Quantum</span> <span class='ocrx_word' id='word_1_322' title='bbox 703 3665 746 3714; x_wconf 89' lang='lat' dir='ltr'><strong><em>der</em></strong></span> <span class='ocrx_word' id='word_1_323' title='bbox 763 3665 823 3725; x_wconf 70' lang='lat' dir='ltr'>deit,</span> <span class='ocrx_word' id='word_1_324' title='bbox 847 3662 922 3714; x_wconf 81' lang='lat' dir='ltr'>durch</span> <span class='ocrx_word' id='word_1_325' title='bbox 947 3663 985 3713; x_wconf 85' lang='lat' dir='ltr'><strong><em>dic</em></strong></span> <span class='ocrx_word' id='word_1_326' title='bbox 1002 3661 1194 3714; x_wconf 79' lang='lat' dir='ltr'>Bcschudenheit</span> <span class='ocrx_word' id='word_1_327' title='bbox 1219 3664 1261 3714; x_wconf 84' lang='lat' dir='ltr'><strong><em>dee</em></strong></span> <span class='ocrx_word' id='word_1_328' title='bbox 1279 3664 1351 3715; x_wconf 83' lang='lat' dir='ltr'>Ortce</span> 
     </span>
     <span class='ocr_line' id='line_1_33' title="bbox 82 3741 1351 3816; baseline 0 -18"><span class='ocrx_word' id='word_1_329' title='bbox 82 3748 198 3812; x_wconf 62' lang='grc' dir='ltr'><strong><em>πεῖσμ’*</em></strong></span> <span class='ocrx_word' id='word_1_330' title='bbox 233 3749 282 3800; x_wconf 84' lang='lat' dir='ltr'><strong><em>Sed</em></strong></span> <span class='ocrx_word' id='word_1_331' title='bbox 302 3750 344 3799; x_wconf 85' lang='grc' dir='ltr'><strong><em>ἰΙΙο</em></strong></span> <span class='ocrx_word' id='word_1_332' title='bbox 363 3763 405 3800; x_wconf 83' lang='lat' dir='ltr'><strong><em>cun</em></strong></span> <span class='ocrx_word' id='word_1_333' title='bbox 422 3745 517 3816; x_wconf 76' lang='grc' dir='ltr'><strong><em>μέχρις</em></strong></span> <span class='ocrx_word' id='word_1_334' title='bbox 534 3741 651 3816; x_wconf 76' lang='grc' dir='ltr'><strong><em>ίγχοιρεῖ</em></strong></span> <span class='ocrx_word' id='word_1_335' title='bbox 666 3756 720 3812; x_wconf 81' lang='lat' dir='ltr'>opto</span> <span class='ocrx_word' id='word_1_336' title='bbox 738 3749 796 3798; x_wconf 78' lang='lat' dir='ltr'>certi</span> <span class='ocrx_word' id='word_1_337' title='bbox 821 3756 913 3814; x_wconf 80' lang='lat' dir='ltr'>potent:</span> <span class='ocrx_word' id='word_1_338' title='bbox 938 3748 1019 3812; x_wconf 77' lang='lat' dir='ltr'>quood</span> <span class='ocrx_word' id='word_1_339' title='bbox 1042 3748 1105 3812; x_wconf 86' lang='lat' dir='ltr'>iicet,</span> <span class='ocrx_word' id='word_1_340' title='bbox 1124 3748 1204 3814; x_wconf 79' lang='lat' dir='ltr'>quood</span> <span class='ocrx_word' id='word_1_341' title='bbox 1222 3757 1351 3799; x_wconf 85' lang='lat' dir='ltr'>conuentu-</span> 
     </span>
     <span class='ocr_line' id='line_1_34' title="bbox 80 3833 914 3899; baseline 0.002 -17"><span class='ocrx_word' id='word_1_342' title='bbox 80 3847 144 3884; x_wconf 85' lang='lat' dir='ltr'>ueun</span> <span class='ocrx_word' id='word_1_343' title='bbox 161 3843 200 3886; x_wconf 81' lang='lat' dir='ltr'><strong><em>eet</em></strong></span> <span class='ocrx_word' id='word_1_344' title='bbox 217 3836 232 3884; x_wconf 89' lang='lat' dir='ltr'><strong><em>i.</em></strong></span> <span class='ocrx_word' id='word_1_345' title='bbox 248 3847 270 3884; x_wconf 87' lang='grc' dir='ltr'><strong><em>ο.</em></strong></span> <span class='ocrx_word' id='word_1_346' title='bbox 289 3835 371 3899; x_wconf 73' lang='lat' dir='ltr'>quoad</span> <span class='ocrx_word' id='word_1_347' title='bbox 389 3834 465 3884; x_wconf 83' lang='lat' dir='ltr'>lectur</span> <span class='ocrx_word' id='word_1_348' title='bbox 483 3834 513 3884; x_wconf 82' lang='lat' dir='ltr'><strong><em>ud</em></strong></span> <span class='ocrx_word' id='word_1_349' title='bbox 532 3833 603 3884; x_wconf 81' lang='lat' dir='ltr'>tinctu</span> <span class='ocrx_word' id='word_1_350' title='bbox 623 3835 752 3898; x_wconf 74' lang='lat' dir='ltr'>pericopae</span> <span class='ocrx_word' id='word_1_351' title='bbox 770 3834 914 3898; x_wconf 82' lang='lat' dir='ltr'>perrcuerit.</span> 
     </span>
    </p>

    <p class='ocr_par' dir='ltr' id='par_1_6' title="bbox 79 3915 1351 4746">
     <span class='ocr_line' id='line_1_35' title="bbox 140 3915 1351 3984; baseline -0.001 -14"><span class='ocrx_word' id='word_1_352' title='bbox 140 3918 165 3976; x_wconf 81' lang='lat'><strong><em>³)</em></strong></span> <span class='ocrx_word' id='word_1_353' title='bbox 183 3919 272 3970; x_wconf 80' lang='lat' dir='ltr'>Otto:</span> <span class='ocrx_word' id='word_1_354' title='bbox 292 3927 408 3984; x_wconf 82' lang='lat' dir='ltr'>quonium</span> <span class='ocrx_word' id='word_1_355' title='bbox 427 3925 506 3981; x_wconf 79' lang='lat' dir='ltr'>potest</span> <span class='ocrx_word' id='word_1_356' title='bbox 523 3933 544 3968; x_wconf 84' lang='grc' dir='ltr'><strong><em>ε.</em></strong></span> <span class='ocrx_word' id='word_1_357' title='bbox 562 3925 676 3982; x_wconf 76' lang='lat' dir='ltr'>quantum</span> <span class='ocrx_word' id='word_1_358' title='bbox 695 3918 876 3969; x_wconf 82' lang='lat' dir='ltr'>incuitutieciue</span> <span class='ocrx_word' id='word_1_359' title='bbox 893 3925 937 3968; x_wconf 82' lang='lat' dir='ltr'>eet.</span> <span class='ocrx_word' id='word_1_360' title='bbox 973 3915 1118 3966; x_wconf 84' lang='lat' dir='ltr'>Buhmer:</span> <span class='ocrx_word' id='word_1_361' title='bbox 1137 3918 1169 3966; x_wconf 93' lang='lat' dir='ltr'><strong><em>Su</em></strong></span> <span class='ocrx_word' id='word_1_362' title='bbox 1188 3918 1232 3968; x_wconf 82' lang='lat' dir='ltr'>vici</span> <span class='ocrx_word' id='word_1_363' title='bbox 1251 3918 1351 3980; x_wconf 70' lang='lat' dir='ltr'>guittige</span> 
     </span>
     <span class='ocr_line' id='line_1_36' title="bbox 79 3987 1351 4069; baseline -0.002 -17"><span class='ocrx_word' id='word_1_364' title='bbox 79 4003 139 4053; x_wconf 75' lang='lat' dir='ltr'>dreit</span> <span class='ocrx_word' id='word_1_365' title='bbox 155 4004 211 4054; x_wconf 85' lang='lat' dir='ltr'>decu</span> <span class='ocrx_word' id='word_1_366' title='bbox 229 4003 332 4055; x_wconf 83' lang='lat' dir='ltr'>Biechoi</span> <span class='ocrx_word' id='word_1_367' title='bbox 349 4002 457 4054; x_wconf 76' lang='lat' dir='ltr'>inhdrirt.</span> <span class='ocrx_word' id='word_1_368' title='bbox 492 4003 609 4054; x_wconf 84' lang='lat' dir='ltr'>Cunicroe</span> <span class='ocrx_word' id='word_1_369' title='bbox 627 3994 772 4069; x_wconf 78' lang='lat' dir='ltr'>o.13:dcp&#39;</span> <span class='ocrx_word' id='word_1_370' title='bbox 793 3987 833 4056; x_wconf 82' lang='grc' dir='ltr'><strong><em>οίς</em></strong></span> <span class='ocrx_word' id='word_1_371' title='bbox 849 3993 1066 4068; x_wconf 76' lang='grc' dir='ltr'><strong><em>προσφερόμεθα</em></strong></span> <span class='ocrx_word' id='word_1_372' title='bbox 1081 3999 1182 4056; x_wconf 81' lang='grc' dir='ltr'><strong><em>πᾶσιν,</em></strong></span> <span class='ocrx_word' id='word_1_373' title='bbox 1202 3993 1252 4060; x_wconf 83' lang='grc' dir='ltr'><strong><em>ἄση</em></strong></span> <span class='ocrx_word' id='word_1_374' title='bbox 1270 3995 1351 4050; x_wconf 75' lang='grc' dir='ltr'><strong><em>δόνα-</em></strong></span> 
     </span>
     <span class='ocr_line' id='line_1_37' title="bbox 79 4072 1349 4154; baseline -0.004 -16"><span class='ocrx_word' id='word_1_375' title='bbox 79 4101 129 4152; x_wconf 80' lang='grc' dir='ltr'><strong><em>μοε,</em></strong></span> <span class='ocrx_word' id='word_1_376' title='bbox 148 4081 299 4142; x_wconf 75' lang='grc' dir='ltr'><strong><em>αἰνοῦντες.</em></strong></span> <span class='ocrx_word' id='word_1_377' title='bbox 338 4103 358 4137; x_wconf 84' lang='lat' dir='ltr'>u</span> <span class='ocrx_word' id='word_1_378' title='bbox 372 4087 420 4137; x_wconf 81' lang='lat'><strong><em>55:</em></strong></span> <span class='ocrx_word' id='word_1_379' title='bbox 438 4081 485 4136; x_wconf 74' lang='grc' dir='ltr'><strong><em>διὰ</em></strong></span> <span class='ocrx_word' id='word_1_380' title='bbox 501 4079 585 4152; x_wconf 83' lang='grc' dir='ltr'><strong><em>λόγου</em></strong></span> <span class='ocrx_word' id='word_1_381' title='bbox 604 4072 652 4136; x_wconf 87' lang='grc' dir='ltr'><strong><em>οῦν</em></strong></span> <span class='ocrx_word' id='word_1_382' title='bbox 669 4081 715 4135; x_wconf 81' lang='grc' dir='ltr'><strong><em>καί</em></strong></span> <span class='ocrx_word' id='word_1_383' title='bbox 732 4083 872 4154; x_wconf 76' lang='grc' dir='ltr'><strong><em>σχήματος·</em></strong></span> <span class='ocrx_word' id='word_1_384' title='bbox 889 4085 941 4136; x_wconf 87' lang='grc' dir='ltr'><strong><em>τοῦ</em></strong></span> <span class='ocrx_word' id='word_1_385' title='bbox 956 4082 1137 4152; x_wconf 81' lang='grc' dir='ltr'><strong><em>φαινομένου,</em></strong></span> <span class='ocrx_word' id='word_1_386' title='bbox 1157 4077 1206 4146; x_wconf 85' lang='grc' dir='ltr'><strong><em>ἄση</em></strong></span> <span class='ocrx_word' id='word_1_387' title='bbox 1225 4078 1349 4151; x_wconf 78' lang='grc' dir='ltr'><strong><em>όῦναμις,</em></strong></span> 
     </span>
     <span class='ocr_line' id='line_1_38' title="bbox 80 4160 1351 4240; baseline 0.001 -22"><span class='ocrx_word' id='word_1_388' title='bbox 80 4167 308 4240; x_wconf 74' lang='grc' dir='ltr'><strong><em>προτρεψάμενοι.</em></strong></span> <span class='ocrx_word' id='word_1_389' title='bbox 349 4172 450 4224; x_wconf 77' lang='lat' dir='ltr'>Grehiuc</span> <span class='ocrx_word' id='word_1_390' title='bbox 469 4173 538 4224; x_wconf 82' lang='grc' dir='ltr'><strong><em>οίίεει</em></strong></span> <span class='ocrx_word' id='word_1_391' title='bbox 556 4172 685 4223; x_wconf 79' lang='lat' dir='ltr'>turmulam</span> <span class='ocrx_word' id='word_1_392' title='bbox 704 4173 886 4222; x_wconf 75' lang='lat' dir='ltr'>eucharisticam</span> <span class='ocrx_word' id='word_1_393' title='bbox 905 4186 933 4221; x_wconf 80' lang='lat' dir='ltr'><strong><em>cu</em></strong></span> <span class='ocrx_word' id='word_1_394' title='bbox 952 4171 1033 4222; x_wconf 79' lang='lat' dir='ltr'>const.</span> <span class='ocrx_word' id='word_1_395' title='bbox 1053 4173 1112 4235; x_wconf 81' lang='grc' dir='ltr'><strong><em>ληη.</em></strong></span> <span class='ocrx_word' id='word_1_396' title='bbox 1131 4170 1189 4230; x_wconf 76' lang='lat' dir='ltr'>viil,</span> <span class='ocrx_word' id='word_1_397' title='bbox 1204 4168 1250 4220; x_wconf 83' lang='lat'><strong><em>12:</em></strong></span> <span class='ocrx_word' id='word_1_398' title='bbox 1273 4160 1351 4237; x_wconf 81' lang='grc' dir='ltr'><strong><em>εῦγα-</em></strong></span> 
     </span>
     <span class='ocr_line' id='line_1_39' title="bbox 82 4247 1350 4324; baseline 0.001 -20"><span class='ocrx_word' id='word_1_399' title='bbox 82 4255 223 4324; x_wconf 79' lang='grc' dir='ltr'><strong><em>ριοεοῦμίν</em></strong></span> <span class='ocrx_word' id='word_1_400' title='bbox 241 4271 288 4307; x_wconf 89' lang='grc' dir='ltr'><strong><em>σοι</em></strong></span> <span class='ocrx_word' id='word_1_401' title='bbox 306 4248 358 4324; x_wconf 58' lang='lat' dir='ltr'><strong><em>ud]</em></strong></span> <span class='ocrx_word' id='word_1_402' title='bbox 376 4247 444 4305; x_wconf 87' lang='grc' dir='ltr'><strong><em>όοον</em></strong></span> <span class='ocrx_word' id='word_1_403' title='bbox 460 4248 609 4323; x_wconf 83' lang='grc' dir='ltr'><strong><em>ἀφείλομεν</em></strong></span> <span class='ocrx_word' id='word_1_404' title='bbox 626 4247 686 4305; x_wconf 75' lang='grc' dir='ltr'><strong><em>ἀλλ’</em></strong></span> <span class='ocrx_word' id='word_1_405' title='bbox 707 4247 773 4304; x_wconf 77' lang='grc' dir='ltr'><strong><em>ὅσον</em></strong></span> <span class='ocrx_word' id='word_1_406' title='bbox 790 4249 940 4322; x_wconf 71' lang='grc' dir='ltr'><strong><em>δυνάμεθα.</em></strong></span> <span class='ocrx_word' id='word_1_407' title='bbox 978 4255 1057 4306; x_wconf 74' lang='lat' dir='ltr'>Adduo</span> <span class='ocrx_word' id='word_1_408' title='bbox 1076 4256 1155 4304; x_wconf 83' lang='lat' dir='ltr'>iorum</span> <span class='ocrx_word' id='word_1_409' title='bbox 1166 4255 1276 4315; x_wconf 77' lang='lat' dir='ltr'>Gregorii</span> <span class='ocrx_word' id='word_1_410' title='bbox 1294 4255 1350 4306; x_wconf 83' lang='grc' dir='ltr'><strong><em>Νετ.</em></strong></span> 
     </span>
     <span class='ocr_line' id='line_1_40' title="bbox 82 4329 1350 4410; baseline -0.003 -18"><span class='ocrx_word' id='word_1_411' title='bbox 82 4341 140 4394; x_wconf 78' lang='lat' dir='ltr'>tint.</span> <span class='ocrx_word' id='word_1_412' title='bbox 158 4343 200 4394; x_wconf 87' lang='lat' dir='ltr'>ili.</span> <span class='ocrx_word' id='word_1_413' title='bbox 218 4358 267 4410; x_wconf 85' lang='lat' dir='ltr'><strong><em>quo</em></strong></span> <span class='ocrx_word' id='word_1_414' title='bbox 287 4343 440 4394; x_wconf 73' lang='lat' dir='ltr'>Christianos</span> <span class='ocrx_word' id='word_1_415' title='bbox 458 4343 575 4404; x_wconf 79' lang='lat' dir='ltr'>hortetur,</span> <span class='ocrx_word' id='word_1_416' title='bbox 600 4349 626 4393; x_wconf 88' lang='lat' dir='ltr'><strong><em>ut</em></strong></span> <span class='ocrx_word' id='word_1_417' title='bbox 648 4341 793 4406; x_wconf 74' lang='lat' dir='ltr'>triumphale</span> <span class='ocrx_word' id='word_1_418' title='bbox 817 4341 877 4391; x_wconf 89' lang='lat' dir='ltr'>iiiud</span> <span class='ocrx_word' id='word_1_419' title='bbox 902 4353 998 4390; x_wconf 82' lang='lat' dir='ltr'>tormen</span> <span class='ocrx_word' id='word_1_420' title='bbox 1022 4341 1046 4390; x_wconf 91' lang='lat' dir='ltr'><strong><em>in</em></strong></span> <span class='ocrx_word' id='word_1_421' title='bbox 1070 4347 1172 4390; x_wconf 79' lang='lat' dir='ltr'>mortuno</span> <span class='ocrx_word' id='word_1_422' title='bbox 1191 4337 1275 4391; x_wconf 80' lang='lat' dir='ltr'>luiiuni</span> <span class='ocrx_word' id='word_1_423' title='bbox 1299 4329 1350 4400; x_wconf 79' lang='grc' dir='ltr'><strong><em>ἄση</em></strong></span> 
     </span>
     <span class='ocr_line' id='line_1_41' title="bbox 82 4420 1350 4494; baseline -0.001 -18"><span class='ocrx_word' id='word_1_424' title='bbox 82 4420 190 4494; x_wconf 76' lang='grc' dir='ltr'><strong><em>ίόναμοε</em></strong></span> <span class='ocrx_word' id='word_1_425' title='bbox 206 4436 304 4480; x_wconf 74' lang='lat' dir='ltr'>canunt.</span> <span class='ocrx_word' id='word_1_426' title='bbox 332 4427 464 4478; x_wconf 78' lang='lat' dir='ltr'>Rcicrcndu</span> <span class='ocrx_word' id='word_1_427' title='bbox 482 4434 539 4477; x_wconf 85' lang='lat' dir='ltr'>eunt</span> <span class='ocrx_word' id='word_1_428' title='bbox 555 4428 625 4477; x_wconf 77' lang='lat' dir='ltr'>verbu</span> <span class='ocrx_word' id='word_1_429' title='bbox 645 4426 674 4477; x_wconf 86' lang='lat' dir='ltr'><strong><em>ud</em></strong></span> <span class='ocrx_word' id='word_1_430' title='bbox 692 4427 812 4487; x_wconf 76' lang='lat' dir='ltr'>ardorum,</span> <span class='ocrx_word' id='word_1_431' title='bbox 830 4426 860 4475; x_wconf 84' lang='lat' dir='ltr'><strong><em>ud</em></strong></span> <span class='ocrx_word' id='word_1_432' title='bbox 879 4425 1034 4476; x_wconf 84' lang='lat' dir='ltr'>intentionenr</span> <span class='ocrx_word' id='word_1_433' title='bbox 1053 4423 1126 4473; x_wconf 80' lang='lat' dir='ltr'>unioni</span> <span class='ocrx_word' id='word_1_434' title='bbox 1141 4425 1271 4487; x_wconf 71' lang='lat' dir='ltr'>preeuntis,</span> <span class='ocrx_word' id='word_1_435' title='bbox 1289 4439 1350 4490; x_wconf 71' lang='lat' dir='ltr'>quae</span> 
     </span>
     <span class='ocr_line' id='line_1_42' title="bbox 83 4505 1350 4578; baseline -0.002 -17"><span class='ocrx_word' id='word_1_436' title='bbox 83 4525 123 4561; x_wconf 89' lang='grc' dir='ltr'><strong><em>οοο</em></strong></span> <span class='ocrx_word' id='word_1_437' title='bbox 142 4515 220 4564; x_wconf 80' lang='lat' dir='ltr'>minue</span> <span class='ocrx_word' id='word_1_438' title='bbox 240 4515 264 4563; x_wconf 90' lang='lat' dir='ltr'><strong><em>iu</em></strong></span> <span class='ocrx_word' id='word_1_439' title='bbox 283 4512 442 4578; x_wconf 79' lang='lat' dir='ltr'>orueecriptiu</span> <span class='ocrx_word' id='word_1_440' title='bbox 465 4513 577 4562; x_wconf 76' lang='lat' dir='ltr'>formulis</span> <span class='ocrx_word' id='word_1_441' title='bbox 601 4525 671 4576; x_wconf 86' lang='lat' dir='ltr'>quum</span> <span class='ocrx_word' id='word_1_442' title='bbox 696 4511 719 4561; x_wconf 90' lang='lat' dir='ltr'><strong><em>iu</em></strong></span> <span class='ocrx_word' id='word_1_443' title='bbox 747 4511 882 4562; x_wconf 75' lang='lat' dir='ltr'>immediate</span> <span class='ocrx_word' id='word_1_444' title='bbox 910 4511 1032 4574; x_wconf 81' lang='lat' dir='ltr'>conceptis</span> <span class='ocrx_word' id='word_1_445' title='bbox 1055 4505 1131 4557; x_wconf 72' lang='lat' dir='ltr'>verbio</span> <span class='ocrx_word' id='word_1_446' title='bbox 1156 4507 1235 4558; x_wconf 83' lang='lat' dir='ltr'>iucnnu</span> <span class='ocrx_word' id='word_1_447' title='bbox 1260 4509 1350 4558; x_wconf 76' lang='lat' dir='ltr'>hahere</span> 
     </span>
     <span class='ocr_line' id='line_1_43' title="bbox 84 4593 1349 4661; baseline -0.005 -13"><span class='ocrx_word' id='word_1_448' title='bbox 84 4605 161 4658; x_wconf 67' lang='lat' dir='ltr'>octat.</span> <span class='ocrx_word' id='word_1_449' title='bbox 196 4599 260 4661; x_wconf 82' lang='grc' dir='ltr'><strong><em>Εεςο</em></strong></span> <span class='ocrx_word' id='word_1_450' title='bbox 279 4611 329 4648; x_wconf 93' lang='lat' dir='ltr'><strong><em>uun</em></strong></span> <span class='ocrx_word' id='word_1_451' title='bbox 347 4595 465 4646; x_wconf 86' lang='lat' dir='ltr'>eiiciendu</span> <span class='ocrx_word' id='word_1_452' title='bbox 483 4603 520 4646; x_wconf 79' lang='lat' dir='ltr'><strong><em>cet</em></strong></span> <span class='ocrx_word' id='word_1_453' title='bbox 536 4596 592 4646; x_wconf 86' lang='lat' dir='ltr'>inde</span> <span class='ocrx_word' id='word_1_454' title='bbox 609 4597 726 4646; x_wconf 82' lang='lat' dir='ltr'>sententio</span> <span class='ocrx_word' id='word_1_455' title='bbox 744 4595 814 4656; x_wconf 80' lang='lat' dir='ltr'>(eiius</span> <span class='ocrx_word' id='word_1_456' title='bbox 833 4595 927 4656; x_wconf 79' lang='lat' dir='ltr'>invicto)</span> <span class='ocrx_word' id='word_1_457' title='bbox 944 4594 1066 4644; x_wconf 86' lang='lat' dir='ltr'>urutiouee</span> <span class='ocrx_word' id='word_1_458' title='bbox 1090 4607 1137 4642; x_wconf 89' lang='lat' dir='ltr'><strong><em>uon</em></strong></span> <span class='ocrx_word' id='word_1_459' title='bbox 1156 4593 1232 4643; x_wconf 83' lang='lat' dir='ltr'>iuieee</span> <span class='ocrx_word' id='word_1_460' title='bbox 1249 4593 1280 4642; x_wconf 86' lang='lat' dir='ltr'><strong><em>itu</em></strong></span> <span class='ocrx_word' id='word_1_461' title='bbox 1298 4601 1349 4642; x_wconf 85' lang='lat' dir='ltr'>etu-</span> 
     </span>
     <span class='ocr_line' id='line_1_44' title="bbox 86 4675 1350 4746; baseline -0.002 -18"><span class='ocrx_word' id='word_1_462' title='bbox 86 4687 146 4746; x_wconf 78' lang='lat' dir='ltr'>tutte,</span> <span class='ocrx_word' id='word_1_463' title='bbox 163 4691 189 4734; x_wconf 91' lang='lat' dir='ltr'><strong><em>nt</em></strong></span> <span class='ocrx_word' id='word_1_464' title='bbox 207 4683 268 4733; x_wconf 88' lang='lat' dir='ltr'>nihii</span> <span class='ocrx_word' id='word_1_465' title='bbox 288 4681 339 4732; x_wconf 84' lang='lat' dir='ltr'>iliis</span> <span class='ocrx_word' id='word_1_466' title='bbox 357 4680 445 4730; x_wconf 74' lang='lat' dir='ltr'>addere</span> <span class='ocrx_word' id='word_1_467' title='bbox 464 4681 545 4732; x_wconf 63' lang='lat' dir='ltr'>ocior</span> <span class='ocrx_word' id='word_1_468' title='bbox 564 4682 599 4732; x_wconf 87' lang='lat' dir='ltr'><strong><em>eie</em></strong></span> <span class='ocrx_word' id='word_1_469' title='bbox 617 4681 741 4732; x_wconf 87' lang='lat' dir='ltr'>detreheru</span> <span class='ocrx_word' id='word_1_470' title='bbox 760 4681 838 4743; x_wconf 80' lang='lat' dir='ltr'>licent,</span> <span class='ocrx_word' id='word_1_471' title='bbox 862 4695 940 4746; x_wconf 85' lang='lat' dir='ltr'>neque</span> <span class='ocrx_word' id='word_1_472' title='bbox 959 4679 1077 4730; x_wconf 75' lang='lat' dir='ltr'>exstitisse</span> <span class='ocrx_word' id='word_1_473' title='bbox 1096 4679 1193 4740; x_wconf 83' lang='lat' dir='ltr'>librum,</span> <span class='ocrx_word' id='word_1_474' title='bbox 1218 4691 1266 4742; x_wconf 84' lang='lat' dir='ltr'><strong><em>quo</em></strong></span> <span class='ocrx_word' id='word_1_475' title='bbox 1285 4675 1350 4726; x_wconf 87' lang='lat' dir='ltr'>ceie-</span> 
     </span>
    </p>
   </div>
   <div class='ocr_carea' id='block_1_5' title="bbox 0 0 1710 5308">
    <p class='ocr_par' dir='ltr' id='par_1_7' title="bbox 0 0 1710 5308">
     <span class='ocr_line' id='line_1_45' title="bbox 0 0 1710 5308; baseline 0 0"><span class='ocrx_word' id='word_1_476' title='bbox 0 0 1710 5308; x_wconf 95' lang='lat' dir='ltr'><strong><em> </em></strong></span> 
     </span>
    </p>
   </div>
  </div>
 </body>
</html>
