3314 5304
963 448 996 498 tv

340 607 635 684 Germaniacsolum‚
658 605 780 682 Galliae,
803 608 916 685 ltaliae,
938 609 1062 686 Daciae,
1084 609 1238 674 tmeneae
1253 627 1288 674 ac
1303 612 1465 694 praecipue
1479 613 1591 693 lagiae

338 710 392 792 qui
419 709 466 773 uel
493 709 606 791 ingenii
634 709 682 772 sni
709 709 911 772 monumentis
940 711 986 774 vel
1015 711 1143 777 oonsilio
1171 719 1260 793 atque
1289 714 1467 778 auctoritate
1495 715 1592 796 coeptis

338 813 486 876 laverunt.
530 812 666 893 lienique
692 828 778 874 suam
806 811 927 876 leudem
955 823 1087 876 meretur
1107 811 1279 893 Weiqelius‚
1308 815 1360 895 qui
1382 816 1515 896 paternis
1535 816 1593 878 iusi·

338 922 423 978 siens
455 913 590 994 resfigiis
624 932 679 995 pro
708 913 812 975 innato
844 912 988 994 singulari
1016 914 1170 978 literarum
1198 916 1468 996 promovendorum
1503 917 1593 980 ardore

336 1023 460 1099 practer
481 1014 539 1078 alia
561 1014 653 1078 multa
670 1013 799 1077 maioris
820 1013 910 1078 molis
932 1034 1024 1097 opera
1046 1026 1076 1079 et
1096 1017 1175 1080 hanc
1196 1015 1364 1098 liturgicum
1373 1017 1494 1083 Codicis
1514 1019 1593 1082 nostri

336 1117 524 1200 provinciam
545 1117 577 1179 in
600 1135 634 1182 se
655 1114 780 1196 recepit.
843 1167 847 1178 .

425 1219 556 1283 Graecee
578 1217 726 1283 ecclesiae
747 1217 833 1290 ritus,
856 1216 894 1280 etl
910 1235 986 1298 quos
1003 1218 1063 1281 hoc
1077 1217 1227 1281 volumine
1242 1217 1438 1282 illustrantes
1452 1239 1591 1302 aggressus

340 1339 418 1397 sum,
440 1319 512 1400 quid
534 1319 610 1384 rasti
630 1319 769 1392 habeant,
793 1317 1086 1400 quidltenobrarnm,
1108 1319 1139 1382 id
1160 1319 1311 1384 neminem
1332 1319 1415 1400 fugit,
1440 1322 1492 1403 qui
1512 1341 1593 1386 remu

319 1439 492 1488 ‘sacrorum
519 1421 636 1502 peritus
664 1421 714 1484 sit.
757 1419 849 1483 llulta
876 1420 956 1500 apul
985 1419 1153 1484 orientales
1182 1429 1252 1484 sunt
1279 1420 1459 1502 peculiaria,
1494 1423 1590 1486 latins

337 1522 439 1586 minue
461 1531 542 1596 nota,
565 1539 641 1603 quoe
663 1521 855 1600 diligentiore
877 1520 1031 1600 indigeant
1052 1521 1259 1603 explicatione,
1287 1541 1324 1586 ex
1346 1522 1491 1588 interiore
1511 1543 1590 1587 maru

338 1624 511 1704 cognitione
539 1621 714 1688 haurienda.
756 1621 951 1704 Nequaquam
978 1621 1088 1694 omnia,
1116 1622 1170 1686 sen
1193 1627 1314 1686 'tanum
1341 1627 1515 1688 necessaria
1538 1643 1590 1706 per·

338 1743 427 1791 cursa
449 1734 530 1799 sunt,
551 1743 587 1790 eo
610 1733 711 1788 taunn
732 1723 863 1788 consilio
885 1731 919 1786 nt
939 1733 1082 1804 quantum
1105 1724 1231 1786 maxime
1254 1742 1424 1805 possemus,
1447 1726 1589 1790 lectoribus

336 1826 415 1890 viem
437 1835 754 1891 commonstraremus.
796 1825 836 1889 At
857 1843 1036 1906 quamquam
1058 1824 1201 1888 nonnulla
1227 1811 1349 1900 leviore,
1381 1836 1415 1889 nt
1437 1828 1478 1892 ita
1501 1829 1589 1902 oliuu,

249 1999 253 2004 ,
337 1928 453 1992 calamo
481 1926 576 2007 attigi,
604 1947 639 1992 ea
668 1935 782 1991 tanturn
804 1927 914 2008 opinor
934 1927 1045 1989 omissa
1068 1935 1147 2000 sunl,
1177 1926 1286 2008 quibus
1308 1927 1375 2008 quis
1398 1927 1488 1992 lacilo
1508 1948 1591 1992 estere

335 2048 373 2093 se
394 2048 486 2111 posse
509 2029 668 2102 existimet.
703 2047 738 2092 ea
760 2037 891 2110 recepte,
921 2045 997 2109 quoe
1019 2027 1146 2090 menime
1169 2027 1277 2090 idonea
1299 2037 1370 2092 sunt
1399 2030 1436 2093 ad
1459 2030 1589 2112 ingenium

336 2131 493 2197 orientalis
516 2130 665 2194 ecclesiae
685 2139 767 2192 rorte
787 2127 1006 2194 resumendum
1028 2137 1060 2192 et
1081 2129 1335 2209 cognoscendum.

423 2234 503 2297 Saue
524 2249 595 2294 voro
618 2250 667 2295 me
689 2230 812 2296 Graecis
834 2229 942 2294 ritihus
965 2229 1094 2310 opellam
1117 2230 1355 2312 qualemcunque
1376 2249 1412 2295 ea
1434 2241 1528 2296 aetate
1545 2233 1587 2294 im·

334 2333 481 2416 pendisse
509 2333 614 2406 laetor,
644 2351 702 2413 qua
726 2351 831 2396 omnes
852 2331 1063 2394 attentissimis
1085 2330 1195 2394 nninis
1218 2349 1285 2396 eum
1306 2351 1356 2396 res
1379 2334 1536 2397 orientales
1554 2337 1586 2396 iu·

335 2443 487 2509 tueantur,
508 2443 572 2497 tum
593 2441 766 2498 scrutentur
788 2433 969 2496 Graecorum
990 2449 1092 2496 sacras
1115 2433 1322 2507 memnonios,
1346 2434 1576 2516 meditenturpm

335 2535 434 2617 priam
456 2534 604 2598 ecclesiae
625 2535 781 2598 orientalis
802 2533 940 2598 virtutem
962 2542 1052 2615 atque
1073 2532 1215 2598 indolem.
1257 2535 1296 2598 ut
1319 2535 1366 2599 sic
1387 2537 1476 2602 linem
1496 2538 1588 2601 lecim

336 2637 424 2716 operi
445 2647 513 2699 rota
535 2653 592 2718 pro
614 2636 744 2700 ecclesio
765 2634 816 2699 illa
838 2651 908 2698 mox
927 2634 1089 2716 pristinum
1110 2636 1202 2699 decus
1224 2647 1397 2718 receptura:
1421 2649 1453 2702 nt
1473 2639 1509 2703 ab
1523 2639 1585 2720 turpi

336 2737 482 2801 servitute
508 2737 674 2814 vindicate,
704 2755 799 2820 esque
826 2735 968 2800 immunis
998 2737 1243 2819 aeninsounqno
1264 2739 1428 2803 moenianis
1449 2740 1585 2822 potestatis
1644 2725 1645 2786 ἶ

335 2837 494 2920 illegitimo
517 2839 646 2936 imperio
667 2840 757 2920 longe
779 2837 968 2920 splendidior
993 2837 1025 2901 in
1046 2849 1201 2920 posterum
1224 2840 1405 2904 efflorescat

422 3008 599 3076 Scribebam
621 3010 705 3075 italis
727 3007 945 3074 titillanti
966 3007 1166 3072 MDCCCLIV.

988 3427 1104 3512 uun.
1130 3427 1341 3516 ululatur
1365 3429 1498 3516 uultl
