3368 5308
697 408 768 480 471

93 592 156 666 tihi
190 593 336 666 tructam
370 591 483 666 terunt
514 573 674 666 ecclesiae
702 603 847 686 sanotae,
856 589 879 688 ¹)
914 593 971 690 qui
997 613 1182 690 pauperum
1206 613 1374 667 memores

85 707 237 791 serogant
262 696 500 790 eleemosynas.
535 693 712 768 Retribuas
737 695 821 792 ipsis
849 719 889 768 ex
914 695 1028 792 magni
1056 705 1089 768 et
1115 694 1250 768 coelesti
1276 695 1374 768 honi·

93 807 164 870 tute
197 809 255 870 tua
288 819 506 895 quaeeunque
531 796 574 868 iis
606 796 850 872 distribuerunt
886 797 1119 894 centuplicato,
1154 820 1244 869 nuno
1279 810 1313 870 et
1338 798 1373 871 in

94 900 161 971 vita
188 898 311 972 futura.
363 898 542 992 Memento,
575 898 730 993 Domine,
766 911 800 974 et
825 899 965 972 ostende
992 899 1255 972 misericordiam
1282 908 1375 971 tuam

92 1011 132 1073 et
155 1000 407 1074 miserationem
433 1000 606 1078 animabus
634 999 885 1075 detunctorum:
914 1001 1001 1074 dona
1027 1001 1070 1074 iis
1097 1001 1249 1098 requiem
1273 1013 1374 1098 atque

84 1103 218 1195 ducem,
256 1103 402 1176 monade
435 1104 478 1176 iis
504 1111 632 1199 partem
664 1127 741 1176 eum
766 1103 900 1176 Sanctis
925 1103 993 1176 tuis
1018 1104 1054 1176 in
1079 1127 1186 1198 regno
1214 1115 1270 1176 tuo
1298 1121 1374 1176 eoa·

92 1204 171 1277 lesti
199 1215 234 1278 et
260 1205 400 1300 gratiam
425 1215 516 1278 tuam
543 1204 625 1302 ipsis
652 1205 818 1306 impende.
854 1203 1034 1297 Memento,
1059 1203 1214 1297 Domine,
1241 1207 1373 1278 animae

83 1307 213 1379 -t'amuii
248 1307 296 1380 tui
330 1305 370 1379 N.
404 1317 439 1378 et
471 1307 662 1380 miserearis
692 1308 764 1380 eius
791 1306 976 1380 secundum
1002 1329 1155 1400 magnam
1183 1307 1376 1379 misericor·

94 1408 186 1482 diam
213 1419 321 1497 tuam3
350 1409 436 1480 dona
462 1410 492 1480 ei
520 1409 669 1505 requiem
696 1408 859 1481 visitando
888 1432 964 1481 eum
990 1407 1116 1481 iumine
1143 1409 1268 1504 gratiae
1286 1420 1375 1482 tuae.

92 1509 275 1602 Memento,
308 1511 463 1603 Domine,
495 1511 594 1582 etiam
629 1533 757 1603 eornm,
791 1511 848 1608 qui
875 1533 937 1582 nos
962 1521 1135 1606 rogarunt,
1163 1521 1200 1582 ut
1225 1513 1374 1608 ipsorum

85 1612 153 1685 ¹tint
179 1613 450 1684 commemoratio
477 1613 512 1686 in
539 1610 693 1710 precihus
715 1615 851 1704 nostris,
880 1623 913 1683 et
930 1611 1078 1686 rivorum
1096 1624 1131 1684 et
1146 1623 1373 1686 mortuorum:

93 1738 214 1786 eorum
239 1727 284 1810 et
316 1728 463 1787 nostram
505 1716 706 1787 voluntatem
740 1724 775 1785 et
808 1713 1013 1786 desiderium
1047 1714 1173 1809 dirigas
1207 1714 1242 1785 in
1275 1715 1376 1807 aiam,

94 1839 181 1914 quae
211 1816 304 1902 ducit
329 1817 371 1888 ad
397 1818 507 1889 vitam.
559 1815 701 1894 'tribuas
735 1815 891 1890 omnibus
918 1814 1051 1910 longam
1080 1825 1171 1888 tuam
1199 1825 1298 1912 atqua
1325 1817 1377 1889 in-

93 1917 291 1990 exhaustam
325 1918 589 1992 misericordiam
623 1929 656 1990 et
688 1917 865 1991 emundata
898 1917 1102 1990 oonsoientia
1129 1929 1244 1990 nostra
1271 1917 1375 1991 iacias

93 2043 158 2092 nos
185 2021 358 2116 templum,
392 2019 480 2117 quod
514 2021 664 2116 recipere
690 2019 798 2116 possit
824 2043 945 2116 corpus
972 2028 1006 2092 ot
1030 2018 1228 2113 sanguinem
1256 2018 1375 2114 unige-

94 2122 156 2193 niti
183 2121 260 2194 Fitii
297 2122 357 2214 tui,
392 2120 526 2194 Domini
561 2133 594 2194 et
626 2122 847 2218 redemptoris
883 2121 990 2193 nostri
1023 2120 1099 2192 lesu
1126 2119 1268 2192 Christi:
1307 2121 1375 2214 oni,

93 2247 162 2295 una
184 2234 308 2316 tecum,
336 2225 547 2320 omnipotens
565 2222 673 2316 Pater,
701 2234 735 2296 et
752 2223 893 2320 Spiritui
911 2223 1047 2315 Sancto,
1074 2221 1162 2294 hono
1182 2231 1217 2294 et
1231 2222 1375 2316 viaitieo,

93 2327 142 2397 sit
166 2326 273 2420 gloria
300 2335 334 2398 et
358 2335 505 2421 potestas
539 2337 572 2398 et
606 2325 714 2398 honor
746 2348 836 2426 nnnc
871 2335 905 2402 et
936 2347 1070 2421 semper
1100 2334 1138 2397 'at
1170 2323 1205 2398 iu
1231 2325 1375 2398 saecula.

92 2427 213 2499 Amen.

172 2529 277 2602 Etotn
310 2552 409 2602 vore:
448 2525 560 2600 Gratia
594 2529 706 2623 magni
739 2527 810 2622 liei
835 2539 869 2600 et
902 2527 1123 2624 redemptoris
1157 2526 1266 2600 nostri
1298 2527 1376 2602 lesu
1417 2583 1420 2593 .

94 2631 220 2704 Christi
248 2631 293 2703 sit
319 2631 488 2705 vobiscum
516 2629 682 2704 omnihus.

174 2732 316 2806 Choma.
369 2732 512 2804 Etcum
539 2732 660 2828 spiritu
691 2742 760 2804 tuo.

173 2827 356 2907 dianonus.
408 2833 532 2906 lterum
558 2844 656 2931 atque
684 2832 804 2906 iterum
829 2833 1010 2906 Dominum
1037 2831 1265 2930 deprecemur.

175 2935 317 3008 Gitoraa.
369 2935 523 3028 domine,
549 2936 721 3008 miserere.

173 3037 355 3110 Diaconos.
409 3038 491 3120 Cum
529 3036 684 3110 omnihus
717 3035 869 3128 Sanctis,
911 3059 994 3135 quos
1029 3035 1377 3126 commemoravimus,

95 3163 274 3237 precemur
300 3139 334 3210 in
361 3163 441 3236 paee
467 3138 646 3212 Dominum
673 3162 705 3235 p.
717 3137 803 3210 361.

89 3303 93 3318 .
176 3241 317 3314 Chorus.
371 3241 525 3333 Domine,
552 3241 723 3312 miserere.

173 3343 355 3416 diaconus.
408 3343 589 3415 Prooemur
614 3341 793 3414 Dominum
820 3363 880 3436 pro
908 3339 1028 3412 divinis
1055 3337 1251 3411 muneribus
1278 3361 1377 3410 ano·

97 3443 308 3537 hisohiatis,
337 3465 420 3542 qnae
448 3468 538 3518 nune
564 3445 671 3542 posita
697 3443 836 3516 suntin
863 3465 979 3514 mensa
1006 3451 1121 3514 saneta
1145 3463 1178 3537 p.
1190 3439 1277 3513 363.

176 3546 318 3619 Chorus.
370 3546 524 3639 Domine,
551 3547 723 3618 miserere.

174 3648 357 3721 Diuorum.
409 3649 589 3720 Praeemur
626 3649 805 3721 Dominum
840 3645 949 3718 neum
989 3653 1160 3738 nostmm,
1202 3643 1378 3720 hominum

98 3761 293 3843 amatorem,
321 3762 358 3822 ut
384 3750 524 3847 accipiat
550 3751 620 3847 ipsa
647 3749 682 3822 in
710 3759 861 3822 sanetum
888 3757 921 3819 et
948 3747 1090 3822 eoeleste
1116 3747 1220 3820 altare
1241 3771 1377 3822 sursum

99 3852 132 3925 in
167 3853 307 3924 odorem
341 3853 511 3924 suavitatis
545 3851 729 3949 spiritualis
763 3861 797 3922 et
822 3850 969 3922 remittat
994 3849 1142 3922 vicissim
1168 3849 1267 3922 nohis
1295 3849 1376 3924 divi·

100 3977 176 4028 nam
204 3955 344 4050 gratiam
371 3964 405 4025 et
431 3955 556 4026 donum
582 3953 696 4028 Sancti
721 3953 774 4026 sui
802 3951 947 4048 Spiritus
973 3947 1169 4034 -Ὅπως
1194 3947 1214 4023 ὃ
1241 3945 1378 4049 φιλάν-

99 4055 256 4151 θρωπος
284 4049 371 4139 (dada
395 4053 558 4153 p.363.²)

185 4327 211 4389 1)
228 4353 261 4364 —
279 4327 335 4376 τῶν
351 4318 605 4395 καρποφορούντων
622 4323 669 4376 καὶ
680 4315 918 4394 auttaapyoairruau
930 4321 962 4376 dr
973 4325 1033 4380 ταῖς
1045 4313 1138 4390 ἁγίοις
1149 4331 1200 4372 σου
1211 4317 1377 4385 destruitur.

101 4409 185 4462 Stant:
203 4413 294 4462 watche
313 4413 420 4464 Gatubda
438 4413 509 4470 lesen
527 4414 575 4464 und
595 4412 696 4462 Frnehte
714 4412 814 4474 hringeu
833 4412 856 4461 in
875 4411 946 4461 deine
964 4410 1051 4472 heiliga
1069 4406 1163 4458 hiraha.

184 4511 211 4574 2)
228 4513 289 4564 ttass
309 4513 352 4564 der
369 4514 431 4566 tterr
449 4517 599 4573 amartion,
617 4513 661 4568 der
677 4513 759 4563 dieses
778 4513 892 4563 autnahrn
911 4528 938 4563 aa
958 4513 1049 4564 seinem
1068 4507 1238 4560 himmtischan
1256 4508 1306 4560 nod
1323 4509 1377 4574 gei·

101 4597 176 4658 stigen
196 4596 281 4661 oprar,
304 4598 343 4648 die
367 4599 573 4650 atattaartretende
592 4597 674 4648 Gnade
697 4597 746 4648 und
769 4593 909 4648 die'Gahau
933 4595 977 4649 dea
1002 4595 1107 4658 heiligen
1125 4595 1220 4646 Getstes
1244 4592 1305 4644 noar
1330 4607 1378 4644 una

103 4681 240 4744 amgiesaa:
257 4681 319 4734 tanat
337 4697 382 4734 una
400 4683 447 4734 den
466 4683 544 4735 nerra
563 4684 646 4734 uitreo.
1116 4759 1174 4814 ³¹,
